1737 2508
1282 274 1507 312 (Núm. 22.)
676 1217 1140 1258 RELACION
281 1361 1491 1409 DEL DESPRECIO BIEN VENGADO.
238 1463 806 1506 ¿Qué me pariera mi madre,
188 1508 740 1548 para verme en esta puesto?
191 1554 805 1603 ¿Con qué he de reprensentar?
189 1602 718 1644 pues señor, vamos á ello
186 1652 666 1691 Pues vaya una relacion,
185 1700 720 1741 á lo antiguo y lo moderno. (gusto
181 1749 766 1791 A lo antiguo: inclitomonarca Au.
190 1796 742 1840 en cuyos dignos agüeros...
192 1845 767 1889 qué huevos ni que demonios:
185 1890 687 1935 vaya pues á lo moderno.
179 1941 670 1981 En la campaña de Soria,
191 1990 737 2031 cuando los moros pusieron
185 2037 734 2081 sitio á aquella gran ciudad,
180 2083 752 2130 sino ganaron... perdieron...
179 2132 764 2178 sino perdieron... ganaron...
184 2181 666 2222 Pues ya esta se me fué:
182 2229 722 2275 vaya, de nada me acuerdo;
919 1472 1424 1512 mas ya que me veo aquí
921 1518 1427 1563 por no servirde molesto,
917 1566 1389 1607 voy á contarles un paso
913 1614 1519 1658 que me sucedió hace tiempo.
915 1664 1475 1705 Fué el caso que una mañana
917 1710 1446 1756 viéndome sin un remedio,
915 1762 1403 1799 y sin tener que engullir
918 1809 1400 1847 me salí á dar un paseo.
916 1856 1452 1896 Pasé por la plaza á tiempo
916 1904 1461 1945 que estaban dos regatones
916 1953 1530 1995 con un moton de higos negros;
909 2001 1498 2042 que por desechados y agrios
914 2051 1356 2090 los tenian en el suelo,
912 2095 1375 2137 yo con bastante aficion
907 2146 1506 2188 me acerqué á la vera de ellos,
905 2193 1373 2232 y con mucho disimulo
894 2241 1480 2287 empecé á darles encuentro,
