1765 2512
139 276 622 315 un metifico compuesto,
146 325 661 363 merdifero ha de llamarse
139 375 694 411 siendo hijo de escremento.
148 421 579 461 La niña por otro lado
144 469 763 509 con gritos muy descompuestos.
147 519 774 557 ay lqué mi Papa se cagal decia,
142 567 652 603 Papá, pongase un culero.
139 616 531 651 Hija de mi corazon
148 663 629 701 qué demonio será esto,
151 711 655 750 que te has manchado las
146 758 632 795 y es amarillo el floreo.
150 806 581 845 Le dijéron al criado
145 856 726 896 (que era un pesado gallego)
147 903 675 940 muchacho vete corriendo
148 952 622 988 en casa del Padre Cura,
145 999 682 1036 que venga á conjurar esto,
154 1047 696 1084 iba el mozo á echar andar,
153 1095 676 1133 y al pisar los polvos dice.
146 1144 634 1181 Meu amu no me meneu,
155 1191 675 1229 porque en tambien estou
155 1239 673 1277 de correncias como ellus:
155 1289 693 1327 ¡Ay Santiago que mé cago,
156 1336 697 1373 ¡ay! meu amu que me meu.
161 1384 707 1421 Yo viendo aquesta funcion
151 1432 665 1472 para dar el chasco bueno
155 1481 705 1517 fuí en casa del Padre Cura,
151 1528 629 1571 y le dije Padre nuestro:
160 1575 705 1615 si me hiciera usted el favor
155 1625 755 1664 de llegarse aquí al momento,
153 1674 669 1712 aqui á la puerta de junto
160 1722 636 1760 en casa de don Tiberio,
164 1767 833 1809 porque dicen que hay un duende
157 1816 779 1858 y andan los diablos revueltos.
161 1864 737 1904 Fué corriendo el Padre Cura
153 1914 811 1960 y en cuanto vio aquel estruendo
165 1964 663 2002 empezó desde la puerta,
155 2013 691 2050 haya un poco de silencio.
156 2062 560 2101 Ezi fora Santanás
868 271 1306 308 maledite vá de retro.
873 315 1347 356 El monacillo que quiso
864 365 1450 404 entrar de la puerta á d ntro
869 413 1375 453 en cuanto pisó los polvos
871 463 1462 500 comenzó haciendo pucheros.
878 511 1378 548 Padre Cura que me cago,
867 558 1413 597 ay don Simon que me meo,
873 607 1389 645 ya me cagué en la sotana,
875 655 1397 692 ya se me cayó el caldero.
875 705 1301 742 y al decir Asperyeme
871 752 1399 788 el diablo me tiró al suelo.
876 800 1417 837 Lababí me que estoy sucio.
876 847 1397 885 Aspergeme que yo muero.
873 894 1379 934 Asombrado el Padre Cura
871 944 1395 981 las manos levanta al cielo,
871 991 1403 1030 por mí potestad te mando
875 1039 1369 1077 vayas Luzbel al infierno,
879 1088 1397 1125 entra y pisando los polvos
875 1136 1278 1174 dice: ezi fora folcto
874 1186 1329 1223 armu fuge musarami,
883 1232 1379 1270 demoniorum vá de retro.
882 1279 1287 1319 Yo ya harto de reir
879 1327 1449 1366 entro en la casa al momento
871 1378 1337 1419 y diciendo en alta voz
879 1427 1396 1462 señores, estadme atentos:
879 1473 1333 1510 señor amo de la casa,
877 1520 1405 1560 dezde luego yo me ofrezco
875 1568 1341 1611 á dejir á todos libres.
877 1615 1425 1658 mas ha de ser prometiendo
883 1665 1422 1708 que su hija sea mi esposa;
879 1712 1337 1756 el padre dice coriendo
884 1761 1337 1803 dále la mano al señor:
880 1809 1403 1854 cumpliéronse mis deseos.
873 1857 1451 1900 Tomé al momento la escoba
883 1906 1355 1951 y birriendo por el suelo
880 1954 1412 1999 quedaron libres y alegres
879 2002 1367 2046 de su pasado tormento.
1240 2050 1346 2087 FIN.
674 2200 1056 2238 CARMONA:—1857.
149 2241 1567 2295 Imprenta de D. José Maria Moreno, calle Juan de la Cabra núm. 5.
