1737 2508
161 268 714 308 y hasta oblicuos hubo peos,
172 312 606 357 hubo peos que salian
168 364 677 405 como bomba de mortero:
172 413 598 453 se hizo una comitiva,
170 459 721 501 que era áquello para verlo.
172 506 763 547 Un astrólogo que allí estaba
180 556 631 597 á la mesa dijo en esto:
188 604 634 645 por la nariz he sacado
179 652 783 691 de que está revuelto el tiempo,
182 700 639 739 y si continua este aire
179 748 743 787 lloverá mierda muy presto.
185 794 706 835 Conociendo los presentes
179 844 729 884 de que yo era el peorrero,
178 890 741 933 me agarraron por un brazo
181 943 701 983 y en la calle me pusieron.
189 989 655 1032 Quedé tan avergonzado
187 1041 626 1077 y de confusiones lleno,
192 1088 678 1125 que no sabia que hacer;
190 1136 702 1172 mas vuelvo la cara y veo,
188 1182 635 1221 una vieja que sentada
184 1232 636 1269 estaba con un puchero
185 1279 671 1316 esperando que le diesen
188 1326 701 1365 algun poco de fracmento,
188 1374 751 1413 de lo que sobra en la mesa:
196 1424 614 1461 á ella me llego ligero
191 1473 654 1510 y le dije: madre abuela,
196 1520 737 1558 ¿me dará usted un remedio,
194 1565 744 1607 con que quede yo vengado
193 1613 819 1654 de lo que conmigo han hecho?
192 1663 721 1703 Me dijo que si, y sacando
194 1713 698 1750 del bolsillo un canutero,
199 1760 699 1800 tomando un sucio papel
199 1809 791 1848 con unos polvos muy negros,
193 1858 626 1896 entregándomelo dijo:
202 1906 621 1944 subete arriba ligero,
203 1953 746 1991 y regando aquestos polvos:
205 2003 648 2039 vuélvete á salir ligero,
199 2052 654 2089 hicelo de buena gana,
200 2098 641 2137 arriba subo corriendo
199 2148 567 2185 rocio la polvareda
194 2195 678 2230 y me salgo muy sereno.
191 2244 691 2283 Me puse en observacion
899 248 1376 292 á ver si causaba efecto,
904 294 1405 339 y el primero que se entró
900 343 1421 389 fué un maestro peluquero,
903 393 1501 436 y al decir muy buenas tardes,
905 441 1401 486 tiró un peo tan de recio
897 490 1367 534 que se alborotó la casa,
902 539 1419 583 Todos en pié se pusieron
899 586 1323 633 y empezaron á decir:
895 635 1405 688 ¿Quien es este desatento,
911 683 1524 728 que á todos viene á insultarnos
899 731 1375 775 con saludo tan grosero?
899 777 1358 824 El pobre todo turbado
901 827 1423 871 dice; señores que es esto?
897 875 1473 923 ¿Qué diablos tiene esta casa?
905 925 1399 968 Que me cago don Tadeo.
907 973 1447 1015 Andar polvos, andar tijeras,
907 1019 1523 1063 andar peines, andar sombreros.
907 1070 1325 1111 Salieron al corredor,
907 1114 1523 1158 y empezó tan grande estruendo
911 1166 1387 1207 peyéndose todos juntos,
907 1215 1379 1256 que parecia el infierno,
911 1264 1355 1304 Unos hacian los bajos,
912 1312 1432 1352 otros las voces del medio,
914 1359 1358 1401 otros hacian los tiples
904 1410 1405 1452 y formaron tal concierto,
913 1458 1297 1498 que parecia la casa
910 1506 1410 1547 el colegio de los vientos.
915 1554 1388 1596 El astrologo en un lado
918 1601 1412 1643 estaba diciendo al viento
915 1650 1441 1691 Géminis, Tauro, Saturno;
913 1696 1489 1740 Escorpión, que llueva presto
920 1747 1514 1789 que me cago en los calzones,
914 1795 1413 1836 acuda usted don Tiberio.
916 1842 1361 1885 El amo por otro lado
918 1889 1472 1933 con unos gritos muy recios
920 1936 1476 1982 dice: ¿si como los hombres
909 1987 1517 2030 son hechos de carne y hueso,
920 2038 1381 2078 yo seré hecho de aire,
922 2084 1448 2124 y me iré volviendo viento?
926 2134 1456 2175 Dice un Quimico, este gaz
919 2183 1342 2221 analizarlo pretendo,
918 2230 1495 2272 no es oesigenio, no es azoe,
