1737 2508
222 202 592 238 no se forjaba pastel
218 246 708 287 que á mi casa no viniera;
222 293 706 328 fuí regalada á este tiempo
227 336 796 375 y me entregó algunas prendas,
227 382 592 415 y yo le dí calabazas
230 423 609 461 en pago de la fineza.
222 468 725 508 A este tiempo me pidieron,
226 512 640 549 aquí me ataja la pena,
229 557 726 594 para un hombre que con él
228 600 576 638 era yo niña de teta;
221 644 759 683 pues daba entender su rostro
224 688 658 727 pasaba de los noventa;
224 732 610 771 era natural de Cabra,
221 776 659 819 y decia que en su tierra
223 821 571 860 tenia tanto caudal,
219 865 678 908 y asi mis padres por esta
222 908 664 950 ocasion fueron gustosos
221 955 754 997 que el casamiento se hiciera:
222 998 642 1038 y yo tambien codiciosa
216 1043 698 1087 el sí dí con gran presteza;
220 1084 670 1131 aprestan mi casamiento,
219 1130 619 1172 hubo júbilos y fiestas,
216 1174 678 1220 en fin casé con un bulto,
221 1219 588 1259 que para cosita era.
211 1262 714 1306 La primer noche de novios
216 1306 674 1351 le hizo muy mal la cena,
219 1351 668 1395 que anduvo de bomitona
214 1394 559 1437 y se iba de vareta,
213 1438 727 1484 y aquella noche en la cama
208 1482 706 1527 lo puse de vuelta y media,
209 1527 621 1569 repasen aqueste lance
207 1570 750 1617 mientras refiero su hacienda.
211 1617 649 1658 Traia doscientas cabras
207 1660 708 1705 estampadas en las piernas,
216 1705 572 1748 una viña desepada,
201 1749 732 1794 dos mil pies de esparragera,
213 1794 591 1834 doce mil reces tenia
202 1838 716 1882 entre el cuerpo y la cabeza,
211 1881 692 1926 trajo en dinero mil pesos,
201 1925 732 1971 mas estos fueron de deudas:
207 1969 574 2011 salia por la mañana,
213 2012 677 2060 venia á las once y media,
203 2059 596 2098 y por que no le tenia
201 2101 553 2141 aderezada la mesa
202 2147 656 2191 me daba de puntillones,
200 2191 596 2230 me tiraba las silletas,
207 2234 607 2276 y si argo le respondia
196 2280 780 2327 me armaba un baile de cuenta,
1493 156 1540 197 3
935 211 1558 249 mas quiso Dios que á este tiempo
943 255 1373 291 mi esposo malo cayera:
936 298 1420 337 viéndose malo en la cama
940 342 1478 385 mandó llamar à un albéitar,
942 386 1372 425 el cual vino á visitarlo,
939 430 1374 469 y luego al punto receta
941 475 1506 515 que se le dé una uncion fuerte
939 521 1415 558 desde el tobillo á la oreja,
937 565 1423 602 y en el estómago un paño
936 610 1458 650 mojado en leche de higuera,
931 655 1401 691 y que hiciese testamento,
944 696 1392 735 y que su alma prevenga.
938 740 1414 783 Vino al fin un Secretario,
938 786 1352 823 sentóse á la cabecera,
932 830 1346 865 hizo la Cruz y empezó
936 874 1398 912 diciendo de esta manera:
932 919 1412 959 Digo yo Pedro Currucho,
939 964 1416 1003 de Parra, Gil y Contreras,
930 1006 1347 1042 hijo natural de Cabra,
939 1051 1370 1091 decendiente de Guinea,
928 1097 1386 1134 nieto de Pedro Camacho,
931 1139 1454 1179 y Laura Sanchez mi abuela:
930 1187 1530 1225 mando, si muero, me entierren,
931 1228 1329 1265 y para esta diligencia
935 1273 1466 1311 mando que al punto se haga
935 1317 1310 1353 una caja de madera.
924 1362 1432 1399 Item mas, que se me digan
923 1406 1448 1445 mil misas; si hay para ellas:
924 1450 1400 1486 doce mil reces que tengo
927 1495 1403 1532 dos mil dejo á mi Vicenta
934 1538 1315 1574 en aquel jugon raido
932 1583 1436 1624 con las mangas de gergeta,
925 1627 1441 1666 que lo heredé de mi abuelo
923 1671 1450 1713 que Dios en su gloria tenga.
922 1716 1419 1754 Item mas, que las diez mil
925 1760 1470 1801 se pongan al punto en venta
923 1804 1396 1843 para las misas y entierro,
916 1846 1393 1888 sepulcro, mortaja y sera.
918 1893 1419 1932 Docientas cabras que tengo
918 1936 1376 1976 se las dejo á mi Vicenta,
927 1982 1378 2021 de esto no se debe nada,
927 2026 1438 2065 que con mi sudor y agencia
922 2070 1396 2106 las gané con gran trabajo
917 2114 1401 2152 á el humo de la candela.
924 2160 1382 2196 Una capa tengo en corte
927 2204 1448 2243 por lo que vale en la tienda:
920 2248 1296 2283 esta mando se le dé
911 2292 1399 2330 en galardon sus monedas
