1765 2512
392 187 422 218 2
289 228 765 265 pues no venian al mundo
287 274 751 309 que ya yo no las tuviera.
289 318 781 353 Siempre estaba aderezada,
291 362 715 396 mi mayor cuidado era
283 408 722 442 irme á mirar al espejo,
289 452 793 486 y el asomarme á la puerta,
287 494 751 530 no tanto por ver la calle
295 539 840 573 como porque á mí me vieran.
293 585 736 619 Cruzábanse los papeles,
291 629 669 663 los regalos y finezas;
291 674 691 711 pero yo me estendia
294 718 798 752 como berdolaga en huerta,
297 760 737 799 y viendo que se pasaba
302 806 772 841 de mi niñez la flor tierna,
299 849 705 886 pretendí tomar estado
300 894 788 929 como lo manda la Iglesia,
301 938 793 973 y por ser los pretendientes
306 983 796 1016 tantos, que á nadie le pesa
300 1027 798 1063 el ser querida de muchos,
299 1070 729 1106 eché la línea á mi idea
305 1114 763 1149 para buscar entre tantos
303 1159 808 1193 hombre que falta no tenga.
303 1203 812 1238 En fin, vine á enamorarme
307 1248 825 1284 de un mancebo de la tierra,
302 1293 791 1326 á este quise cuatro meses
303 1338 745 1373 por su gala y gentileza,
302 1382 776 1418 mas le descubrí una falta
303 1426 783 1463 que me la dijo una vieja,
301 1471 615 1507 amigo de visitar
297 1516 725 1549 bodegones y tabernas.
304 1559 900 1593 Despues quise á uno del campo,
306 1604 850 1640 pero aunque del campo era,
306 1648 804 1684 muy galan por su persona,
308 1691 768 1727 gran tocador de vigüela,
303 1737 763 1771 buen músico y bailador;
306 1780 796 1814 mas le descubrí otra tecla
314 1824 816 1859 que era vano y presumido,
301 1868 777 1904 y amigo de francachelas.
312 1912 846 1947 Despues quise á un zapatero,
316 1957 780 1991 cosa de semana y media;
310 2001 726 2036 á este le deje tambien
311 2045 825 2081 por causa no muy pequeña,
319 2090 799 2125 porque era calvo y tiñoso
315 2136 715 2172 y picado de viruelas.
317 2179 864 2212 Despues de esto un fundidor,
308 2224 798 2259 me quiso con tales veras,
311 2269 919 2303 que me dió á entender su amor,
313 2315 736 2348 con dádivas y finezas;
1007 221 1386 255 yo le vine á dar el sí
1009 266 1431 301 para casarme resuelta;
1006 309 1411 343 mas un dia que logré
1008 352 1481 388 la ocasion de verlo cerca,
1004 395 1466 432 reparé que eran sus ojos
1018 441 1470 475 dos barriles de manteca,
1016 485 1421 520 sin maldita la pestaña
1012 529 1423 566 ni cosa que lo valiera.
1017 574 1537 613 Quise despues á un barbero,
1021 618 1445 652 y me quiso de manera,
1019 661 1551 697 que andaba por mí penando:
1014 706 1504 741 mas yo lo saqué de penas,
1013 749 1537 786 que por ser tuerto de un ojo
1015 794 1487 830 lo despaché que se fuera.
1027 839 1553 876 Quise á un oficial de armero,
1019 884 1477 918 mas esta me salió buena
1017 928 1513 966 porque una noche traspuso
1016 972 1532 1008 y me llevó algunas prendas.
1023 1017 1501 1054 Quise un oficial de ollero,
1023 1062 1487 1096 y como su oficio quiebra,
1017 1104 1463 1142 yo le quebré la palabra
1023 1146 1631 1184 que en la muger no hay firmeza.
1029 1192 1571 1230 Quise á un oficial de herrero,
1023 1237 1541 1276 y una tarde que á mi puerta
1023 1281 1371 1316 estaba, lo ví venir
1023 1325 1528 1360 con los pies haciendo zetas,
1028 1368 1471 1406 haciendo mil carabanas
1023 1414 1503 1450 como medidor de tierras,
1021 1457 1612 1493 y tras de él dos mil muchachos,
1027 1503 1478 1538 tirando nabos y piedras,
1031 1546 1431 1582 dejélo por esta causa.
1029 1590 1519 1629 Quise tambien á un poéta,
1027 1635 1467 1673 y como son tan astutos,
1024 1680 1498 1716 me puso una mala pieza,
1031 1724 1535 1760 porque me dejó el taimado
1025 1767 1511 1804 antes que lo aborreciera.
1021 1812 1553 1848 Me pretendió un carpintero,
1027 1857 1459 1894 pero fué cosa de fiesta,
1033 1900 1527 1939 que lo eché con los diablos
1027 1943 1499 1982 por tener la boca tuerta.
1037 1989 1567 2026 Despues quise à un panadero,
1031 2035 1458 2070 y sin duda con él fuera
1035 2080 1409 2115 mi casamiento, si yo
1035 2124 1430 2160 en su casa conociera
1037 2169 1377 2204 se queria levantar
1032 2212 1535 2250 con el pan y las manceras.
1033 2256 1577 2293 Despues quise á un pastelero,
1032 2302 1620 2339 es muy cierto que en su tienda
