1765 2512
286 154 322 185 4
191 202 667 235 á un sobrinito que tengo
198 247 736 281 que está viviendo en Espera,
189 292 748 323 que quiere tanto á sus padres
199 335 829 368 como á un gran dolor de muelas.
196 379 680 412 De deudas dejo mil pesos,
199 423 762 457 que dejar es aunque en deuda,
191 468 650 500 mando que se depositen
195 512 655 544 para una pobre doncella
194 556 602 588 sobrina mia,que dice
191 601 745 634 que ha de ser monja profesa.
204 645 639 676 Dos tios mios que tengo
192 688 700 723 nombro por mis albaceas,
200 732 698 767 uno es verdugo en Toledo,
198 776 704 811 otro es pregonero en Teba:
204 820 642 854 el testamento no abran
200 865 701 899 hasta tanto que yo muera.
201 911 680 943 En fin murió mi querido;
204 954 638 987 y llevándolo á la Iglesia
204 998 616 1032 cantándole los Oficios,
196 1041 680 1077 al decir Requien eternam,
197 1086 602 1119 se sentó sobre la caja
195 1130 606 1164 rascándose la cabeza.
207 1175 652 1208 El cura largó el hisopo,
206 1219 682 1255 el sacristan la cruz suelta,
204 1262 658 1297 y como unos torbellinos
204 1307 608 1339 todos á huir aprietan:
197 1351 656 1389 tragéronmelo á mi casa,
212 1396 644 1429 ¡ó nunca él acá viniera!
199 1440 743 1476 Sanó en fin de sus achaques,
199 1485 671 1520 ay que dolor y que pena;
207 1529 638 1561 pues cada dia me daba
198 1572 746 1607 seis sobas por buena cuenta;
205 1618 818 1651 mas quiso Dios que á este tiempo
204 1661 686 1697 ó su dicha mala ó buena,
205 1708 818 1742 que fué un dia á un campanario,
912 202 1330 237 se cayó de la escalera,
916 246 1354 279 se partió por la cintura,
909 291 1420 326 y se quebró ambas piernas;
914 334 1408 370 se le desconcertó un brazo,
907 381 1339 413 y se lastimó una oreja,
908 423 1378 455 él que era tuerto y tiñoso
912 466 1436 500 quedó como en una huerta:
909 512 1428 546 fué à curarse á un hospital,
917 557 1431 592 y yo haciendo mil promesas
914 600 1380 631 porque Dios se lo llevase
911 644 1417 679 para dar vado á mis penas,
918 689 1472 724 pregunté á un hombre por él,
916 732 1362 767 díjome que muerto era,
915 776 1429 810 á Dios le dí muchas gracias
915 821 1425 855 por verme ya sin su deuda;
920 865 1396 897 cuando estaba descuidada
911 909 1442 944 lo víentrar con dos muletas,
917 954 1357 987 y sin aguardar razones:
913 998 1438 1032 porque me halló compuesta
912 1042 1372 1074 me disparó un muletazo
922 1086 1438 1123 que me abrió media cabeza,
912 1130 1420 1165 mas viendo que en el vivir
922 1175 1312 1210 era como la culebra,
924 1218 1488 1259 lo ahogué entre los colchones,
924 1262 1384 1302 Dios en el cielo lo tenga,
911 1309 1315 1344 y lo tenga tan tenido
924 1353 1426 1389 que nunca mas acá vuelva,
927 1397 1551 1432 que hombre que ha sido tan malo
920 1440 1454 1478 no es bien que pise la tierra.
920 1484 1350 1518 Esta en fin la causa es
919 1528 1371 1562 de mi congoja y tristeza:
923 1572 1388 1607 y ahora el autor rendido
927 1616 1347 1652 á las señoras doncellas
918 1661 1402 1697 las encarga en esta plana
928 1708 1466 1742 que tomen alguna enmienda.
848 1957 994 2110 FIN.
410 2209 1403 2365 Carmona, imp. de D. José M. Moreno, Madre de Dios, 1
