1737 2508
1163 91 1355 244 Núm. 190.
463 1228 1140 1315 CURIOSO ROMANCE,
115 1343 1497 1422 en que se declara la historia de los quince no-
187 1418 1447 1495 vios y once amores nuevos que tuvo una
490 1494 1122 1561 señora de andalucía.
148 1672 632 1717 Puesto que me preguntais
102 1718 544 1760 la causa de mis tritezas
104 1762 534 1806 no quiero ser porfiada,
97 1805 608 1851 ni que de mí tengais queja.
96 1851 550 1894 Escucha, auditorio mio,
96 1893 570 1939 atended nobles doncellas,
98 1938 612 1986 las que sabeis que es amor,
100 1982 684 2031 las que os preciais de discretas,
92 2026 561 2069 las que andais al escoger
88 2070 638 2117 sin hallar cosa que os venga,
88 2114 578 2161 haciéndole cara á muchos
95 2159 525 2204 por diferentes maneras,
97 2203 522 2247 os referiré mi historia,
99 2246 540 2291 vereis una copia misma
88 2292 601 2340 de los once amores nuevos
823 1691 1245 1732 sin palabra ni firmeza;
825 1735 1303 1776 no quiero decir mi patria
816 1779 1348 1825 ni mi origen, que es afrenta,
823 1824 1262 1863 solo diré que desciendo
815 1867 1280 1911 de muy noble parentela.
824 1912 1254 1953 Criéme con gran regalo
820 1956 1240 1999 sobrábame la riqueza,
820 2000 1342 2046 porque era sola en mi casa,
815 2045 1157 2084 y como única, era
816 2089 1320 2133 el benjamin de mis padres,
809 2134 1270 2175 su norte, guia y estrella;
810 2178 1356 2220 siempre me estaban mirando
813 2223 1320 2268 por ver si estaba contenta,
811 2268 1272 2309 era muy vana por galas,
812 2316 1274 2355 y en los usos la primera,
