1737 2508
308 202 673 245 y le dije: Señorita,
308 249 871 293 quiere que la sirva en algo,
311 297 915 342 pues su hechizo, y su belleza
310 347 779 388 de juicio me ha sacado,
314 394 840 435 y aunque la veo melonera,
305 442 796 483 ya me tiene amelonado.
315 490 782 531 Ustedes pueden pensar
320 538 794 581 que estarle yo hablando
308 588 712 629 miraba solo á pasar
315 635 777 675 con alegria algun rato,
307 682 841 724 se engañan en todo punto,
314 730 852 772 porque mi objeto primario
316 780 784 822 ere ver si algun melon
313 828 817 868 se rodaba hacia mi lado,
312 873 771 916 á causa que mi barriga
313 923 831 965 se estaba ya desmayando,
324 971 832 1013 pues contaba cuatro dias
324 1020 809 1061 no se habia desayuna do,
324 1067 809 1109 y asi estaba mi persona
315 1117 811 1158 en un continuo letargo,
315 1164 910 1205 porque los tiempos de ahora
316 1211 857 1254 hacen, que los empleados
319 1262 820 1303 en oficios, como el mio,
322 1310 855 1351 estén, como aparentando,
322 1357 817 1397 lo tienen todo de sobra:
319 1406 791 1447 me responde la zagala
321 1453 883 1494 con denuedo, y con enfado,
331 1502 845 1542 ha de entender caballero,
330 1546 1012 1590 que aun viéndome en este estado
325 1595 901 1638 no ha de hacer burla de mi,
331 1644 981 1687 que los pobres, aunque estamos
337 1694 837 1735 vestidos, no cemo usted,
340 1741 844 1783 por no poder remediarlo,
337 1790 906 1830 gastamos mucha vergüenza,
338 1839 800 1879 y asi se irá reportando:
336 1888 735 1929 le dije; Señora mia,
335 1935 895 1977 dice bien; pero yo al tanto,
336 1981 798 2025 á fé de gran Caballero,
335 2031 931 2073 no he intentado tal desgarro,
336 2078 865 2121 sino, que vea, y conozea,
340 2128 933 2170 que su garvo me ha gustado,
342 2176 759 2220 y por huir del calor
342 2226 825 2268 me he venido paseando
1027 192 1465 230 ácia aqueste melonar;
1040 241 1552 277 pero creo, que es lo raro,
1029 288 1552 325 que buscando vo la nieve,
1036 334 1579 373 al fuego me haya acercado:
1032 386 1514 421 en fin con estas razones,
1033 432 1539 470 y otros soliloquios varios
1027 480 1575 518 de mi gran entendimiento,
1036 528 1489 567 la zagala iba mostrado
1027 578 1535 615 ser su rostro placentero,
1031 625 1535 662 con ello me ha confiado;
1042 673 1557 711 se me vendió por soltera,
1046 721 1504 758 yo le fui manifestando,
1045 768 1522 807 que mi padre no queria
1047 816 1539 855 que jamás fuese casado;
1041 865 1521 903 pero que queriendo ella,
1043 913 1499 951 lograría mi mayorazgo;
1044 960 1500 1000 cuando veo de repente
1044 1007 1647 1048 un hombre, que hacia lo largo
1050 1055 1476 1095 venia casi corriendo;
1044 1105 1606 1145 ella muerta se ha quedado,
1051 1156 1455 1191 me dijo, Caballerito,
1049 1197 1650 1242 por Dios le pido, y le encargo
1055 1250 1583 1289 se meta en aquesta halda,
1054 1297 1549 1337 y que se esté asi tapado,
1057 1345 1614 1384 porque aquel es mi marido,
1058 1392 1564 1433 y si lo encuentra sentado
1056 1441 1420 1481 tal vez acometerá
1051 1490 1611 1530 á los dos, con tal desgarro,
1062 1538 1505 1579 que nos haga rebentar
1063 1585 1516 1626 al menor leve porrazo:
1059 1635 1627 1675 yo entonces, ya ven ustedes,
1056 1684 1543 1723 me quedé casi pasmado;
1057 1732 1473 1771 le dije; Señora mia,
1058 1779 1533 1819 le pido por aquel Santo
1059 1827 1504 1867 de su mayor devocion
1056 1876 1568 1915 mire por este muchacho,
1061 1925 1531 1964 metase ustud Señorito,
1060 1971 1656 2011 que el fuego se vá acercando.
1062 2019 1594 2061 Lo hice asi; mas ay de mí!
1068 2066 1621 2109 que el marido destemplando
1064 2116 1552 2157 le pregunta: mi Juanita
1058 2164 1663 2204 quien te estaba acompañando?
1063 2215 1556 2255 Ella pronto le responde,
