1765 2512
198 180 774 221 segun contemplé, guiñando,
198 228 708 267 un marchante, que venia
200 276 714 318 por melones, muy ufano,
196 329 670 363 y yo solo te aguardaba,
192 374 748 413 que lo fueses despachando.
190 420 656 461 El marido con sonrisa
185 467 794 512 muy de pronto le ha mandado,
187 515 660 556 traeme una soga, é iré
186 563 686 606 con ella la halda atando,
185 611 762 657 donde se hallan los melones,
183 661 664 702 y asi se iran remojando:
184 708 743 751 con esto se fué hacia el sitio
179 755 748 803 donde estaba yo encerrado,
176 804 712 850 toma y me sopla en el rio,
182 850 684 898 sin poder yo remediarlo,
180 900 607 941 saqué por unabujero
174 950 608 992 la cabeza con recato,
173 1000 582 1038 y le dije: Caballero
174 1046 784 1091 ustedperdone en este chasco,
180 1095 783 1137 pues su muger es quien tiene
175 1142 660 1182 el motivo muy fundado
177 1193 685 1232 para que yo asi me halle
175 1239 650 1285 como raton encerrado;
920 187 1340 231 aquel maldito Patán
920 235 1458 282 de nada de esto hizo caso,
920 284 1483 329 mientras mas yo le clamaba
915 330 1430 379 se hacía mas disimulado,
924 380 1454 426 hasta que al siguiente dia
919 429 1503 479 á mis ruegos se ha apiadado,
916 478 1464 527 me saca de aquel refresco,
916 528 1358 571 yo salia avergonzado,
908 579 1374 620 yíme dice: Amigo mio,
918 622 1368 669 esto es ser enamorado,
911 671 1392 719 vayase pronto á su casa,
916 720 1538 771 que lo envuelvan en los paños:
908 766 1450 818 tomé mi capa, y sombrero,
909 814 1332 860 y con paso acelerado
910 864 1378 911 he caminado á mi casa
907 913 1410 961 muy de veras renegando
904 960 1446 1011 de mi fortuna, y mi suerte
910 1010 1438 1059 que á tal parage me trajo:
904 1061 1408 1109 protesto, como cristiano,
900 1106 1390 1159 no volver á el melonar,
904 1158 1324 1204 para ser enamorado,
904 1203 1468 1254 que estos lances le suceden
896 1251 1372 1300 á los rendidores majos.
719 1605 1037 1658 FIN.
670 2160 1066 2209 CARMONA:—1854.
360 2206 1376 2266 Imprenta de D. J. M. Moreno, Descalzas núm, 1.
