<?xml version="1.0" encoding="UTF-8" standalone="yes"?>
<PcGts xmlns="http://schema.primaresearch.org/PAGE/gts/pagecontent/2013-07-15" xmlns:xsi="http://www.w3.org/2001/XMLSchema-instance" xsi:schemaLocation="http://schema.primaresearch.org/PAGE/gts/pagecontent/2013-07-15 http://schema.primaresearch.org/PAGE/gts/pagecontent/2013-07-15/pagecontent.xsd">
    <Metadata>
        <Creator>prov=University of Rostock/Institute of Mathematics/CITlab|PLANET AI GmbH/Gundram Leifert/gundram.leifert@planet-ai.de:name=Pliegos de Cordel (XIXe) - v4(htr_id=27283)::::v=2.6.7
prov=University of Rostock/Institute of Mathematics/CITlab|PLANET AI GmbH/Tobias Gruening/tobias.gruening@planet-ai.de:name=de.uros.citlab.module.baseline2polygon.B2PSeamMultiOriented:v=2.6.7
prov=University of Rostock/Institute of Mathematics/CITlab|PLANET AI GmbH/Tobias Gruening/tobias.gruening@planet-ai.de:name=/net_tf/LA73_249_0mod360.pb:de.uros.citlab.segmentation.CITlab_LA_ML:v=2.6.7
Transkribus</Creator>
        <Created>2020-12-01T15:06:33.89+01:00</Created>
        <LastChange>2020-12-08T17:39:46.914+01:00</LastChange>
        <Comments>
                Measurement unit: pixel
                PrimaryLanguage: 
                Producer: Transkribus
            </Comments>
        <TranskribusMetadata docId="525383" pageId="22318371" pageNr="80" tsid="50196546" status="DONE" userId="66244" imgUrl="https://files.transkribus.eu/Get?id=QJMRMDPVBJHGXJZOBXATCVCR&amp;fileType=view" xmlUrl="https://files.transkribus.eu/Get?id=GGSMOSXNEKFJMNOCHZZBEGME" imageId="17387886"/>
    </Metadata>
    <Page imageFilename="Moreno_166_2.jpg" imageWidth="1765" imageHeight="2512">
        <PrintSpace>
            <Coords points="223,194 1764,194 1764,2512 223,2512"/>
        </PrintSpace>
        <ReadingOrder>
            <OrderedGroup id="ro_1607519340364" caption="Regions reading order">
                <RegionRefIndexed index="0" regionRef="r_1_1"/>
                <RegionRefIndexed index="1" regionRef="r_2_1"/>
            </OrderedGroup>
        </ReadingOrder>
        <TextRegion orientation="0.0" type="paragraph" id="r_1_1" custom="readingOrder {index:0;}">
            <Coords points="223,199 887,199 887,2289 223,2289"/>
            <TextLine id="r_1_1l1" custom="readingOrder {index:0;}">
                <Coords points="233,257 259,256 285,256 311,255 337,255 363,254 389,254 415,253 441,253 467,253 493,253 519,253 545,254 571,254 597,255 623,256 649,258 676,259 676,225 649,224 623,222 597,221 571,220 545,220 519,219 493,219 467,219 441,219 415,219 389,220 363,220 337,221 311,221 285,222 259,222 233,223"/>
                <Baseline points="233,246 259,245 285,245 311,244 337,244 363,243 389,243 415,242 441,242 467,242 493,242 519,242 545,243 571,243 597,244 623,245 649,247 676,248"/>
                <TextEquiv>
                    <Unicode>y nieto de Policarpia,</Unicode>
                </TextEquiv>
            </TextLine>
            <TextLine id="r_1_1l2" custom="readingOrder {index:1;}">
                <Coords points="237,305 262,304 287,304 312,303 337,302 362,302 387,302 412,302 437,302 462,302 487,302 512,302 537,303 562,303 587,303 612,304 637,304 663,304 663,271 637,271 612,271 587,270 562,270 537,270 512,269 487,269 462,269 437,269 412,269 387,269 362,269 337,269 312,270 287,271 262,271 237,272"/>
                <Baseline points="237,294 262,293 287,293 312,292 337,291 362,291 387,291 412,291 437,291 462,291 487,291 512,291 537,292 562,292 587,292 612,293 637,293 663,293"/>
                <TextEquiv>
                    <Unicode>y de D. Policarpiazo.</Unicode>
                </TextEquiv>
            </TextLine>
            <TextLine id="r_1_1l3" custom="readingOrder {index:2;}">
                <Coords points="232,350 258,351 285,351 312,351 339,351 366,351 393,351 420,351 447,350 474,350 501,350 527,350 554,350 581,350 608,350 635,350 662,351 689,351 716,352 743,353 770,353 770,320 743,320 716,319 689,318 662,318 635,317 608,317 581,317 554,317 527,317 501,317 474,317 447,317 420,318 393,318 366,318 339,318 312,318 285,318 258,318 232,317"/>
                <Baseline points="232,339 258,340 285,340 312,340 339,340 366,340 393,340 420,340 447,339 474,339 501,339 527,339 554,339 581,339 608,339 635,339 662,340 689,340 716,341 743,342 770,342"/>
                <TextEquiv>
                    <Unicode>Jesus! cuantas Policarpias;</Unicode>
                </TextEquiv>
            </TextLine>
            <TextLine id="r_1_1l4" custom="readingOrder {index:3;}">
                <Coords points="231,398 257,399 284,399 310,399 337,399 363,399 390,399 416,399 443,399 469,399 496,399 522,399 549,399 575,399 602,399 628,399 655,399 681,399 708,399 734,399 761,399 761,365 734,365 708,365 681,365 655,365 628,365 602,365 575,365 549,365 522,365 496,365 469,365 443,365 416,365 390,365 363,365 337,365 310,365 284,365 257,365 231,364"/>
                <Baseline points="231,387 257,388 284,388 310,388 337,388 363,388 390,388 416,388 443,388 469,388 496,388 522,388 549,388 575,388 602,388 628,388 655,388 681,388 708,388 734,388 761,388"/>
                <TextEquiv>
                    <Unicode>no vén, qué disparatazos?</Unicode>
                </TextEquiv>
            </TextLine>
            <TextLine id="r_1_1l5" custom="readingOrder {index:4;}">
                <Coords points="229,447 255,447 281,447 307,447 333,447 360,447 386,447 412,446 438,446 464,446 491,446 517,446 543,446 569,446 595,446 622,446 648,447 674,447 700,447 727,447 727,413 700,413 674,413 648,413 622,412 595,412 569,412 543,412 517,412 491,412 464,412 438,412 412,412 386,413 360,413 333,413 307,413 281,413 255,413 229,413"/>
                <Baseline points="229,436 255,436 281,436 307,436 333,436 360,436 386,436 412,435 438,435 464,435 491,435 517,435 543,435 569,435 595,435 622,435 648,436 674,436 700,436 727,436"/>
                <TextEquiv>
                    <Unicode>No nos paremos en esto.</Unicode>
                </TextEquiv>
            </TextLine>
            <TextLine id="r_1_1l6" custom="readingOrder {index:5;}">
                <Coords points="232,494 258,494 284,495 310,495 336,495 362,495 388,495 414,494 440,494 466,494 492,494 518,494 544,494 570,494 596,494 622,495 648,495 674,496 700,497 700,463 674,462 648,461 622,461 596,460 570,460 544,460 518,460 492,460 466,460 440,460 414,460 388,461 362,461 336,461 310,461 284,461 258,460 232,460"/>
                <Baseline points="232,483 258,483 284,484 310,484 336,484 362,484 388,484 414,483 440,483 466,483 492,483 518,483 544,483 570,483 596,483 622,484 648,484 674,485 700,486"/>
                <TextEquiv>
                    <Unicode>Un dia de este Verano,</Unicode>
                </TextEquiv>
            </TextLine>
            <TextLine id="r_1_1l7" custom="readingOrder {index:6;}">
                <Coords points="237,544 263,544 289,544 315,544 341,544 367,544 393,544 420,543 446,543 472,543 498,542 524,542 550,542 576,542 603,542 629,543 655,543 681,544 707,545 733,546 760,547 760,513 733,512 707,511 681,510 655,509 629,509 603,508 576,508 550,508 524,508 498,508 472,509 446,509 420,509 393,510 367,510 341,510 315,510 289,510 263,510 237,510"/>
                <Baseline points="237,533 263,533 289,533 315,533 341,533 367,533 393,533 420,532 446,532 472,532 498,531 524,531 550,531 576,531 603,531 629,532 655,532 681,533 707,534 733,535 760,536"/>
                <TextEquiv>
                    <Unicode>en que hizo mucho calor,</Unicode>
                </TextEquiv>
            </TextLine>
            <TextLine id="r_1_1l8" custom="readingOrder {index:7;}">
                <Coords points="240,594 267,594 295,593 323,592 351,592 379,592 407,592 435,591 463,591 491,592 519,592 546,592 574,592 602,592 630,592 658,593 686,593 714,593 742,593 770,593 798,593 798,559 770,559 742,559 714,559 686,559 658,559 630,558 602,558 574,558 546,558 519,558 491,558 463,557 435,557 407,558 379,558 351,558 323,558 295,559 267,560 240,560"/>
                <Baseline points="240,583 267,583 295,582 323,581 351,581 379,581 407,581 435,580 463,580 491,581 519,581 546,581 574,581 602,581 630,581 658,582 686,582 714,582 742,582 770,582 798,582"/>
                <TextEquiv>
                    <Unicode>que es imposible esplicarlo,</Unicode>
                </TextEquiv>
            </TextLine>
            <TextLine id="r_1_1l9" custom="readingOrder {index:8;}">
                <Coords points="229,639 254,640 280,641 305,641 331,641 356,641 382,641 407,640 433,640 458,640 484,639 509,640 535,640 560,642 586,643 586,609 560,608 535,606 509,606 484,605 458,606 433,606 407,606 382,607 356,607 331,607 305,607 280,607 254,606 229,605"/>
                <Baseline points="229,628 254,629 280,630 305,630 331,630 356,630 382,630 407,629 433,629 458,629 484,628 509,629 535,629 560,631 586,632"/>
                <TextEquiv>
                    <Unicode>me salí á pasear,</Unicode>
                </TextEquiv>
            </TextLine>
            <TextLine id="r_1_1l10" custom="readingOrder {index:9;}">
                <Coords points="240,689 267,689 295,689 323,689 351,689 379,689 407,689 435,688 463,688 491,688 519,688 546,688 574,688 602,688 630,688 658,688 686,688 714,689 742,690 770,691 798,691 798,657 770,657 742,656 714,655 686,654 658,654 630,654 602,654 574,654 546,654 519,654 491,654 463,654 435,654 407,655 379,655 351,655 323,655 295,655 267,655 240,655"/>
                <Baseline points="240,678 267,678 295,678 323,678 351,678 379,678 407,678 435,677 463,677 491,677 519,677 546,677 574,677 602,677 630,677 658,677 686,677 714,678 742,679 770,680 798,680"/>
                <TextEquiv>
                    <Unicode>porque estaba yá quemado,</Unicode>
                </TextEquiv>
            </TextLine>
            <TextLine id="r_1_1l11" custom="readingOrder {index:10;}">
                <Coords points="237,737 263,737 289,737 315,737 341,737 367,737 394,736 420,736 446,736 472,736 498,735 524,735 551,735 577,735 603,736 629,736 655,736 682,737 682,703 655,702 629,702 603,702 577,701 551,701 524,701 498,701 472,702 446,702 420,702 394,702 367,703 341,703 315,703 289,703 263,703 237,703"/>
                <Baseline points="237,726 263,726 289,726 315,726 341,726 367,726 394,725 420,725 446,725 472,725 498,724 524,724 551,724 577,724 603,725 629,725 655,725 682,726"/>
                <TextEquiv>
                    <Unicode>hácia la orilla del rio</Unicode>
                </TextEquiv>
            </TextLine>
            <TextLine id="r_1_1l12" custom="readingOrder {index:11;}">
                <Coords points="244,784 270,785 296,785 323,785 349,785 376,785 402,785 429,785 455,785 481,785 508,785 534,785 561,785 587,786 614,786 640,787 667,787 667,753 640,753 614,752 587,752 561,751 534,751 508,751 481,751 455,751 429,751 402,751 376,751 349,751 323,751 296,751 270,751 244,750"/>
                <Baseline points="244,773 270,774 296,774 323,774 349,774 376,774 402,774 429,774 455,774 481,774 508,774 534,774 561,774 587,775 614,775 640,776 667,776"/>
                <TextEquiv>
                    <Unicode>dirijo mi paso largo;</Unicode>
                </TextEquiv>
            </TextLine>
            <TextLine id="r_1_1l13" custom="readingOrder {index:12;}">
                <Coords points="239,833 265,833 291,834 317,834 343,833 369,833 395,833 421,833 447,833 473,833 499,832 525,832 551,832 577,832 603,833 629,833 656,833 656,799 629,799 603,799 577,798 551,798 525,798 499,798 473,799 447,799 421,799 395,799 369,799 343,799 317,800 291,800 265,799 239,799"/>
                <Baseline points="239,822 265,822 291,823 317,823 343,822 369,822 395,822 421,822 447,822 473,822 499,821 525,821 551,821 577,821 603,822 629,822 656,822"/>
                <TextEquiv>
                    <Unicode>me puse mi corvatin</Unicode>
                </TextEquiv>
            </TextLine>
            <TextLine id="r_1_1l14" custom="readingOrder {index:13;}">
                <Coords points="239,881 265,881 292,881 319,881 346,881 373,881 400,881 426,881 453,881 480,881 507,881 534,881 561,881 588,881 614,881 641,882 668,882 695,882 722,883 749,884 776,885 776,851 749,850 722,849 695,848 668,848 641,848 614,847 588,847 561,847 534,847 507,847 480,847 453,847 426,847 400,847 373,847 346,847 319,847 292,847 265,847 239,847"/>
                <Baseline points="239,870 265,870 292,870 319,870 346,870 373,870 400,870 426,870 453,870 480,870 507,870 534,870 561,870 588,870 614,870 641,871 668,871 695,871 722,872 749,873 776,874"/>
                <TextEquiv>
                    <Unicode>de lienzo fino muy blanco,</Unicode>
                </TextEquiv>
            </TextLine>
            <TextLine id="r_1_1l15" custom="readingOrder {index:14;}">
                <Coords points="229,929 257,929 286,929 315,929 344,930 372,930 401,930 430,930 459,930 487,930 516,930 545,930 574,930 602,930 631,930 660,930 689,931 717,931 746,931 775,931 804,931 804,897 775,897 746,897 717,897 689,897 660,896 631,896 602,896 574,896 545,896 516,896 487,896 459,896 430,896 401,896 372,896 344,896 315,895 286,895 257,895 229,895"/>
                <Baseline points="229,918 257,918 286,918 315,918 344,919 372,919 401,919 430,919 459,919 487,919 516,919 545,919 574,919 602,919 631,919 660,919 689,920 717,920 746,920 775,920 804,920"/>
                <TextEquiv>
                    <Unicode>que me costó segun pienso</Unicode>
                </TextEquiv>
            </TextLine>
            <TextLine id="r_1_1l16" custom="readingOrder {index:15;}">
                <Coords points="228,976 255,977 282,977 309,978 337,978 364,979 391,979 419,979 446,979 473,979 501,979 528,979 555,979 583,978 610,978 637,978 665,978 692,979 719,979 747,979 747,945 719,945 692,945 665,944 637,944 610,944 583,944 555,945 528,945 501,945 473,945 446,945 419,945 391,945 364,945 337,944 309,944 282,943 255,943 228,942"/>
                <Baseline points="228,965 255,966 282,966 309,967 337,967 364,968 391,968 419,968 446,968 473,968 501,968 528,968 555,968 583,967 610,967 637,967 665,967 692,968 719,968 747,968"/>
                <TextEquiv>
                    <Unicode>la vara á quince cuartos,</Unicode>
                </TextEquiv>
            </TextLine>
            <TextLine id="r_1_1l17" custom="readingOrder {index:16;}">
                <Coords points="238,1026 268,1026 299,1027 330,1027 361,1027 392,1027 423,1027 454,1027 485,1027 516,1027 547,1027 577,1027 608,1027 639,1027 670,1027 701,1027 732,1027 763,1027 794,1027 825,1027 856,1027 856,993 825,993 794,993 763,993 732,993 701,993 670,993 639,993 608,993 577,993 547,993 516,993 485,993 454,993 423,993 392,993 361,993 330,993 299,993 268,992 238,992"/>
                <Baseline points="238,1015 268,1015 299,1016 330,1016 361,1016 392,1016 423,1016 454,1016 485,1016 516,1016 547,1016 577,1016 608,1016 639,1016 670,1016 701,1016 732,1016 763,1016 794,1016 825,1016 856,1016"/>
                <TextEquiv>
                    <Unicode>mis zapatos, que eran nuevos,</Unicode>
                </TextEquiv>
            </TextLine>
            <TextLine id="r_1_1l18" custom="readingOrder {index:17;}">
                <Coords points="232,1076 258,1076 284,1076 310,1076 336,1075 362,1075 388,1075 414,1075 440,1075 466,1075 493,1074 519,1074 545,1074 571,1074 597,1074 623,1074 649,1074 675,1074 701,1075 728,1075 728,1041 701,1041 675,1040 649,1040 623,1040 597,1040 571,1040 545,1040 519,1040 493,1040 466,1041 440,1041 414,1041 388,1041 362,1041 336,1041 310,1042 284,1042 258,1042 232,1042"/>
                <Baseline points="232,1065 258,1065 284,1065 310,1065 336,1064 362,1064 388,1064 414,1064 440,1064 466,1064 493,1063 519,1063 545,1063 571,1063 597,1063 623,1063 649,1063 675,1063 701,1064 728,1064"/>
                <TextEquiv>
                    <Unicode>por haberse remendado</Unicode>
                </TextEquiv>
            </TextLine>
            <TextLine id="r_1_1l19" custom="readingOrder {index:18;}">
                <Coords points="239,1122 264,1122 289,1123 315,1123 340,1123 365,1123 391,1123 416,1123 442,1123 467,1123 492,1123 518,1122 543,1122 569,1123 594,1123 619,1123 645,1123 670,1124 696,1125 696,1092 670,1091 645,1090 619,1090 594,1090 569,1090 543,1089 518,1089 492,1090 467,1090 442,1090 416,1090 391,1090 365,1090 340,1090 315,1090 289,1090 264,1089 239,1089"/>
                <Baseline points="239,1111 264,1111 289,1112 315,1112 340,1112 365,1112 391,1112 416,1112 442,1112 467,1112 492,1112 518,1111 543,1111 569,1112 594,1112 619,1112 645,1112 670,1113 696,1114"/>
                <TextEquiv>
                    <Unicode>hacía muy pocos dias,</Unicode>
                </TextEquiv>
            </TextLine>
            <TextLine id="r_1_1l20" custom="readingOrder {index:19;}">
                <Coords points="233,1170 261,1171 289,1171 317,1172 345,1172 373,1172 401,1172 429,1172 457,1172 485,1171 513,1171 541,1171 569,1170 597,1170 625,1170 653,1170 681,1170 709,1171 737,1171 765,1172 794,1173 794,1139 765,1138 737,1137 709,1137 681,1136 653,1136 625,1136 597,1136 569,1136 541,1137 513,1137 485,1137 457,1138 429,1138 401,1138 373,1138 345,1138 317,1138 289,1137 261,1137 233,1136"/>
                <Baseline points="233,1159 261,1160 289,1160 317,1161 345,1161 373,1161 401,1161 429,1161 457,1161 485,1160 513,1160 541,1160 569,1159 597,1159 625,1159 653,1159 681,1159 709,1160 737,1160 765,1161 794,1162"/>
                <TextEquiv>
                    <Unicode>y aunque se iban clareando,</Unicode>
                </TextEquiv>
            </TextLine>
            <TextLine id="r_1_1l21" custom="readingOrder {index:20;}">
                <Coords points="235,1218 260,1219 285,1219 310,1219 335,1219 360,1219 385,1219 410,1219 435,1219 460,1219 485,1218 510,1218 535,1218 560,1218 585,1218 610,1218 635,1218 660,1219 685,1219 685,1185 660,1185 635,1184 610,1184 585,1184 560,1184 535,1184 510,1184 485,1184 460,1185 435,1185 410,1185 385,1185 360,1185 335,1185 310,1185 285,1185 260,1185 235,1184"/>
                <Baseline points="235,1207 260,1208 285,1208 310,1208 335,1208 360,1208 385,1208 410,1208 435,1208 460,1208 485,1207 510,1207 535,1207 560,1207 585,1207 610,1207 635,1207 660,1208 685,1208"/>
                <TextEquiv>
                    <Unicode>siempre la comodidad</Unicode>
                </TextEquiv>
            </TextLine>
            <TextLine id="r_1_1l22" custom="readingOrder {index:21;}">
                <Coords points="229,1267 257,1267 286,1268 315,1268 344,1268 372,1268 401,1268 430,1267 459,1267 487,1267 516,1267 545,1266 574,1266 602,1266 631,1266 660,1266 689,1266 717,1266 746,1267 775,1267 804,1268 804,1234 775,1233 746,1233 717,1232 689,1232 660,1232 631,1232 602,1232 574,1232 545,1232 516,1233 487,1233 459,1233 430,1233 401,1234 372,1234 344,1234 315,1234 286,1234 257,1233 229,1233"/>
                <Baseline points="229,1256 257,1256 286,1257 315,1257 344,1257 372,1257 401,1257 430,1256 459,1256 487,1256 516,1256 545,1255 574,1255 602,1255 631,1255 660,1255 689,1255 717,1255 746,1256 775,1256 804,1257"/>
                <TextEquiv>
                    <Unicode>se ha de buscar en Verano;</Unicode>
                </TextEquiv>
            </TextLine>
            <TextLine id="r_1_1l23" custom="readingOrder {index:22;}">
                <Coords points="240,1314 270,1315 301,1316 331,1317 362,1317 393,1317 423,1317 454,1317 484,1316 515,1316 546,1316 576,1316 607,1315 637,1315 668,1315 699,1315 729,1315 760,1315 790,1315 821,1316 852,1317 852,1283 821,1282 790,1281 760,1281 729,1281 699,1281 668,1281 637,1281 607,1281 576,1282 546,1282 515,1282 484,1282 454,1283 423,1283 393,1283 362,1283 331,1283 301,1282 270,1281 240,1280"/>
                <Baseline points="240,1303 270,1304 301,1305 331,1306 362,1306 393,1306 423,1306 454,1306 484,1305 515,1305 546,1305 576,1305 607,1304 637,1304 668,1304 699,1304 729,1304 760,1304 790,1304 821,1305 852,1306"/>
                <TextEquiv>
                    <Unicode>la capa, que por mal nombre;</Unicode>
                </TextEquiv>
            </TextLine>
            <TextLine id="r_1_1l24" custom="readingOrder {index:23;}">
                <Coords points="240,1362 266,1362 293,1363 320,1363 347,1364 374,1364 400,1364 427,1365 454,1365 481,1365 508,1365 534,1365 561,1365 588,1365 615,1365 642,1365 668,1365 695,1365 722,1366 749,1366 776,1366 776,1332 749,1332 722,1332 695,1331 668,1331 642,1331 615,1331 588,1331 561,1331 534,1331 508,1331 481,1331 454,1331 427,1331 400,1330 374,1330 347,1330 320,1329 293,1329 266,1328 240,1328"/>
                <Baseline points="240,1351 266,1351 293,1352 320,1352 347,1353 374,1353 400,1353 427,1354 454,1354 481,1354 508,1354 534,1354 561,1354 588,1354 615,1354 642,1354 668,1354 695,1354 722,1355 749,1355 776,1355"/>
                <TextEquiv>
                    <Unicode>asi la nombro, y la llamo,</Unicode>
                </TextEquiv>
            </TextLine>
            <TextLine id="r_1_1l25" custom="readingOrder {index:24;}">
                <Coords points="235,1412 261,1412 287,1412 314,1412 340,1413 367,1413 393,1413 419,1413 446,1413 472,1413 499,1413 525,1413 551,1413 578,1413 604,1413 631,1413 657,1412 684,1412 684,1378 657,1378 631,1379 604,1379 578,1379 551,1379 525,1379 499,1379 472,1379 446,1379 419,1379 393,1379 367,1379 340,1379 314,1378 287,1378 261,1378 235,1378"/>
                <Baseline points="235,1401 261,1401 287,1401 314,1401 340,1402 367,1402 393,1402 419,1402 446,1402 472,1402 499,1402 525,1402 551,1402 578,1402 604,1402 631,1402 657,1401 684,1401"/>
                <TextEquiv>
                    <Unicode>es muy fijo se parece</Unicode>
                </TextEquiv>
            </TextLine>
            <TextLine id="r_1_1l26" custom="readingOrder {index:25;}">
                <Coords points="240,1458 266,1459 292,1459 318,1459 344,1460 370,1460 396,1460 422,1460 448,1459 474,1459 501,1459 527,1459 553,1459 579,1459 605,1460 631,1460 657,1460 683,1461 709,1462 736,1463 736,1432 709,1431 683,1430 657,1429 631,1429 605,1429 579,1428 553,1428 527,1428 501,1428 474,1428 448,1428 422,1429 396,1429 370,1429 344,1429 318,1428 292,1428 266,1428 240,1427"/>
                <Baseline points="240,1448 266,1449 292,1449 318,1449 344,1450 370,1450 396,1450 422,1450 448,1449 474,1449 501,1449 527,1449 553,1449 579,1449 605,1450 631,1450 657,1450 683,1451 709,1452 736,1453"/>
                <TextEquiv>
                    <Unicode>á la grande nave Argos,</Unicode>
                </TextEquiv>
            </TextLine>
            <TextLine id="r_1_1l27" custom="readingOrder {index:26;}">
                <Coords points="238,1509 270,1509 302,1509 334,1509 366,1509 398,1509 430,1509 462,1509 494,1509 526,1509 558,1509 590,1508 622,1508 654,1508 686,1508 718,1507 750,1507 782,1507 814,1507 846,1506 879,1506 879,1473 846,1473 814,1474 782,1474 750,1474 718,1474 686,1475 654,1475 622,1475 590,1475 558,1476 526,1476 494,1476 462,1476 430,1476 398,1476 366,1476 334,1476 302,1476 270,1476 238,1476"/>
                <Baseline points="238,1498 270,1498 302,1498 334,1498 366,1498 398,1498 430,1498 462,1498 494,1498 526,1498 558,1498 590,1497 622,1497 654,1497 686,1497 718,1496 750,1496 782,1496 814,1496 846,1495 879,1495"/>
                <TextEquiv>
                    <Unicode>que por sus muchos remiendos</Unicode>
                </TextEquiv>
            </TextLine>
            <TextLine id="r_1_1l28" custom="readingOrder {index:27;}">
                <Coords points="232,1557 265,1557 299,1557 332,1557 366,1557 400,1557 433,1557 467,1557 501,1557 534,1557 568,1557 601,1557 635,1557 669,1557 702,1557 736,1557 770,1557 803,1556 837,1556 871,1556 871,1522 837,1522 803,1522 770,1523 736,1523 702,1523 669,1523 635,1523 601,1523 568,1523 534,1523 501,1523 467,1523 433,1523 400,1523 366,1523 332,1523 299,1523 265,1523 232,1523"/>
                <Baseline points="232,1546 265,1546 299,1546 332,1546 366,1546 400,1546 433,1546 467,1546 501,1546 534,1546 568,1546 601,1546 635,1546 669,1546 702,1546 736,1546 770,1546 803,1545 837,1545 871,1545"/>
                <TextEquiv>
                    <Unicode>la hacen nueva á tiempo largo:</Unicode>
                </TextEquiv>
            </TextLine>
            <TextLine id="r_1_1l29" custom="readingOrder {index:28;}">
                <Coords points="239,1605 264,1605 290,1604 315,1604 341,1604 366,1604 392,1604 417,1605 443,1605 468,1605 494,1605 520,1605 545,1605 571,1605 596,1605 622,1605 647,1605 673,1604 698,1604 724,1604 750,1604 750,1571 724,1571 698,1571 673,1571 647,1572 622,1572 596,1572 571,1572 545,1572 520,1572 494,1572 468,1572 443,1572 417,1572 392,1571 366,1571 341,1571 315,1571 290,1571 264,1572 239,1572"/>
                <Baseline points="239,1594 264,1594 290,1593 315,1593 341,1593 366,1593 392,1593 417,1594 443,1594 468,1594 494,1594 520,1594 545,1594 571,1594 596,1594 622,1594 647,1594 673,1593 698,1593 724,1593 750,1593"/>
                <TextEquiv>
                    <Unicode>tambien estaba arreglada</Unicode>
                </TextEquiv>
            </TextLine>
            <TextLine id="r_1_1l30" custom="readingOrder {index:29;}">
                <Coords points="231,1651 258,1652 285,1652 312,1652 339,1653 366,1653 393,1653 421,1653 448,1652 475,1652 502,1652 529,1652 556,1652 583,1652 611,1652 638,1652 665,1652 692,1653 719,1653 746,1654 774,1654 774,1620 746,1620 719,1619 692,1619 665,1618 638,1618 611,1618 583,1618 556,1618 529,1618 502,1618 475,1618 448,1618 421,1619 393,1619 366,1619 339,1619 312,1618 285,1618 258,1618 231,1617"/>
                <Baseline points="231,1640 258,1641 285,1641 312,1641 339,1642 366,1642 393,1642 421,1642 448,1641 475,1641 502,1641 529,1641 556,1641 583,1641 611,1641 638,1641 665,1641 692,1642 719,1642 746,1643 774,1643"/>
                <TextEquiv>
                    <Unicode>á esta estacion de verano;</Unicode>
                </TextEquiv>
            </TextLine>
            <TextLine id="r_1_1l31" custom="readingOrder {index:30;}">
                <Coords points="240,1700 268,1700 297,1701 325,1701 354,1701 383,1701 411,1701 440,1701 468,1701 497,1701 526,1701 554,1701 583,1701 611,1701 640,1700 669,1700 697,1700 726,1700 754,1701 783,1701 812,1701 812,1667 783,1667 754,1667 726,1666 697,1666 669,1666 640,1666 611,1667 583,1667 554,1667 526,1667 497,1667 468,1667 440,1667 411,1667 383,1667 354,1667 325,1667 297,1667 268,1666 240,1666"/>
                <Baseline points="240,1689 268,1689 297,1690 325,1690 354,1690 383,1690 411,1690 440,1690 468,1690 497,1690 526,1690 554,1690 583,1690 611,1690 640,1689 669,1689 697,1689 726,1689 754,1690 783,1690 812,1690"/>
                <TextEquiv>
                    <Unicode>el sombrero, qué sombroro!</Unicode>
                </TextEquiv>
            </TextLine>
            <TextLine id="r_1_1l32" custom="readingOrder {index:31;}">
                <Coords points="238,1748 263,1749 289,1749 315,1750 341,1750 367,1750 393,1750 419,1750 445,1750 471,1749 497,1749 522,1749 548,1749 574,1749 600,1749 626,1749 652,1750 678,1750 704,1750 730,1751 756,1753 756,1719 730,1717 704,1716 678,1716 652,1716 626,1715 600,1715 574,1715 548,1715 522,1715 497,1715 471,1715 445,1716 419,1716 393,1716 367,1716 341,1716 315,1716 289,1715 263,1715 238,1714"/>
                <Baseline points="238,1737 263,1738 289,1738 315,1739 341,1739 367,1739 393,1739 419,1739 445,1739 471,1738 497,1738 522,1738 548,1738 574,1738 600,1738 626,1738 652,1739 678,1739 704,1739 730,1740 756,1742"/>
                <TextEquiv>
                    <Unicode>No era fino, si era basto,</Unicode>
                </TextEquiv>
            </TextLine>
            <TextLine id="r_1_1l33" custom="readingOrder {index:32;}">
                <Coords points="232,1798 257,1797 282,1797 307,1797 332,1797 357,1797 383,1797 408,1797 433,1797 458,1797 483,1797 508,1797 534,1797 559,1797 584,1797 609,1797 634,1797 660,1797 660,1763 634,1763 609,1763 584,1763 559,1763 534,1763 508,1763 483,1763 458,1763 433,1763 408,1763 383,1763 357,1763 332,1763 307,1763 282,1763 257,1763 232,1764"/>
                <Baseline points="232,1787 257,1786 282,1786 307,1786 332,1786 357,1786 383,1786 408,1786 433,1786 458,1786 483,1786 508,1786 534,1786 559,1786 584,1786 609,1786 634,1786 660,1786"/>
                <TextEquiv>
                    <Unicode>su color era materia</Unicode>
                </TextEquiv>
            </TextLine>
            <TextLine id="r_1_1l34" custom="readingOrder {index:33;}">
                <Coords points="240,1846 267,1846 295,1847 323,1847 350,1847 378,1847 406,1846 433,1846 461,1846 489,1845 517,1845 544,1845 572,1845 600,1844 627,1844 655,1844 683,1845 710,1845 738,1846 766,1847 794,1848 794,1814 766,1813 738,1812 710,1811 683,1811 655,1810 627,1810 600,1810 572,1811 544,1811 517,1811 489,1811 461,1812 433,1812 406,1812 378,1813 350,1813 323,1813 295,1813 267,1812 240,1812"/>
                <Baseline points="240,1835 267,1835 295,1836 323,1836 350,1836 378,1836 406,1835 433,1835 461,1835 489,1834 517,1834 544,1834 572,1834 600,1833 627,1833 655,1833 683,1834 710,1834 738,1835 766,1836 794,1837"/>
                <TextEquiv>
                    <Unicode>de un borrico bien matado;</Unicode>
                </TextEquiv>
            </TextLine>
            <TextLine id="r_1_1l35" custom="readingOrder {index:34;}">
                <Coords points="237,1896 262,1895 288,1895 314,1895 339,1894 365,1894 391,1894 416,1893 442,1893 468,1893 493,1892 519,1892 545,1892 570,1892 596,1892 622,1893 647,1893 673,1893 699,1894 725,1895 725,1861 699,1860 673,1859 647,1859 622,1859 596,1858 570,1858 545,1858 519,1858 493,1858 468,1859 442,1859 416,1859 391,1860 365,1860 339,1860 314,1861 288,1861 262,1861 237,1862"/>
                <Baseline points="237,1885 262,1884 288,1884 314,1884 339,1883 365,1883 391,1883 416,1882 442,1882 468,1882 493,1881 519,1881 545,1881 570,1881 596,1881 622,1882 647,1882 673,1882 699,1883 725,1884"/>
                <TextEquiv>
                    <Unicode>pero todo esto es nada,</Unicode>
                </TextEquiv>
            </TextLine>
            <TextLine id="r_1_1l36" custom="readingOrder {index:35;}">
                <Coords points="243,1944 270,1944 297,1944 324,1943 351,1943 379,1943 406,1943 433,1942 460,1942 487,1942 515,1942 542,1942 569,1943 596,1943 623,1943 651,1943 678,1943 705,1943 732,1943 759,1943 787,1943 787,1909 759,1909 732,1909 705,1909 678,1909 651,1909 623,1909 596,1909 569,1909 542,1908 515,1908 487,1908 460,1908 433,1908 406,1909 379,1909 351,1909 324,1909 297,1910 270,1910 243,1910"/>
                <Baseline points="243,1933 270,1933 297,1933 324,1932 351,1932 379,1932 406,1932 433,1931 460,1931 487,1931 515,1931 542,1931 569,1932 596,1932 623,1932 651,1932 678,1932 705,1932 732,1932 759,1932 787,1932"/>
                <TextEquiv>
                    <Unicode>para ver mi grande garvo,</Unicode>
                </TextEquiv>
            </TextLine>
            <TextLine id="r_1_1l37" custom="readingOrder {index:36;}">
                <Coords points="243,1992 269,1991 295,1991 322,1991 348,1991 375,1991 401,1991 427,1991 454,1990 480,1990 507,1990 533,1990 559,1990 586,1991 612,1991 639,1991 665,1991 692,1991 692,1957 665,1957 639,1957 612,1957 586,1957 559,1956 533,1956 507,1956 480,1956 454,1956 427,1957 401,1957 375,1957 348,1957 322,1957 295,1957 269,1957 243,1958"/>
                <Baseline points="243,1981 269,1980 295,1980 322,1980 348,1980 375,1980 401,1980 427,1980 454,1979 480,1979 507,1979 533,1979 559,1979 586,1980 612,1980 639,1980 665,1980 692,1980"/>
                <TextEquiv>
                    <Unicode>y lo mejor la chulada</Unicode>
                </TextEquiv>
            </TextLine>
            <TextLine id="r_1_1l38" custom="readingOrder {index:37;}">
                <Coords points="245,2039 271,2039 297,2039 324,2039 350,2039 377,2039 403,2039 429,2039 456,2038 482,2038 509,2038 535,2038 561,2038 588,2038 614,2039 641,2039 667,2040 694,2041 694,2007 667,2006 641,2005 614,2005 588,2004 561,2004 535,2004 509,2004 482,2004 456,2004 429,2005 403,2005 377,2005 350,2005 324,2005 297,2005 271,2005 245,2005"/>
                <Baseline points="245,2028 271,2028 297,2028 324,2028 350,2028 377,2028 403,2028 429,2028 456,2027 482,2027 509,2027 535,2027 561,2027 588,2027 614,2028 641,2028 667,2029 694,2030"/>
                <TextEquiv>
                    <Unicode>del sombrero ladeado,</Unicode>
                </TextEquiv>
            </TextLine>
            <TextLine id="r_1_1l39" custom="readingOrder {index:38;}">
                <Coords points="240,2088 267,2088 295,2088 323,2088 350,2088 378,2088 406,2088 433,2087 461,2087 489,2087 517,2087 544,2087 572,2086 600,2086 627,2086 655,2087 683,2087 710,2087 738,2088 766,2089 794,2090 794,2057 766,2056 738,2055 710,2054 683,2054 655,2054 627,2053 600,2053 572,2053 544,2054 517,2054 489,2054 461,2054 433,2054 406,2055 378,2055 350,2055 323,2055 295,2055 267,2055 240,2055"/>
                <Baseline points="240,2077 267,2077 295,2077 323,2077 350,2077 378,2077 406,2077 433,2076 461,2076 489,2076 517,2076 544,2076 572,2075 600,2075 627,2075 655,2076 683,2076 710,2076 738,2077 766,2078 794,2079"/>
                <TextEquiv>
                    <Unicode>mis piernas muy éstiradas,</Unicode>
                </TextEquiv>
            </TextLine>
            <TextLine id="r_1_1l40" custom="readingOrder {index:39;}">
                <Coords points="235,2136 263,2136 291,2135 319,2135 347,2135 376,2134 404,2134 432,2134 460,2134 488,2134 517,2135 545,2135 573,2135 601,2135 629,2135 658,2135 686,2135 714,2136 742,2136 770,2136 799,2136 799,2102 770,2102 742,2102 714,2102 686,2101 658,2101 629,2101 601,2101 573,2101 545,2101 517,2101 488,2100 460,2100 432,2100 404,2100 376,2100 347,2101 319,2101 291,2101 263,2102 235,2102"/>
                <Baseline points="235,2125 263,2125 291,2124 319,2124 347,2124 376,2123 404,2123 432,2123 460,2123 488,2123 517,2124 545,2124 573,2124 601,2124 629,2124 658,2124 686,2124 714,2125 742,2125 770,2125 799,2125"/>
                <TextEquiv>
                    <Unicode>midiendo siempro los pasos</Unicode>
                </TextEquiv>
            </TextLine>
            <TextLine id="r_1_1l41" custom="readingOrder {index:40;}">
                <Coords points="241,2184 266,2184 291,2184 316,2184 341,2185 366,2184 391,2184 416,2184 441,2184 466,2184 491,2184 516,2184 541,2184 566,2184 591,2184 616,2184 641,2185 666,2185 692,2186 692,2152 666,2151 641,2151 616,2150 591,2150 566,2150 541,2150 516,2150 491,2150 466,2150 441,2150 416,2150 391,2150 366,2150 341,2151 316,2150 291,2150 266,2150 241,2150"/>
                <Baseline points="241,2173 266,2173 291,2173 316,2173 341,2174 366,2173 391,2173 416,2173 441,2173 466,2173 491,2173 516,2173 541,2173 566,2173 591,2173 616,2173 641,2174 666,2174 692,2175"/>
                <TextEquiv>
                    <Unicode>y sin volver la cabeza,</Unicode>
                </TextEquiv>
            </TextLine>
            <TextLine id="r_1_1l42" custom="readingOrder {index:41;}">
                <Coords points="239,2232 265,2232 291,2232 317,2233 344,2233 370,2233 396,2233 423,2233 449,2233 475,2233 502,2232 528,2232 554,2232 580,2232 607,2232 633,2232 659,2232 686,2232 712,2232 738,2233 765,2233 765,2200 738,2200 712,2199 686,2199 659,2199 633,2199 607,2199 580,2199 554,2199 528,2199 502,2199 475,2200 449,2200 423,2200 396,2200 370,2200 344,2200 317,2200 291,2199 265,2199 239,2199"/>
                <Baseline points="239,2221 265,2221 291,2221 317,2222 344,2222 370,2222 396,2222 423,2222 449,2222 475,2222 502,2221 528,2221 554,2221 580,2221 607,2221 633,2221 659,2221 686,2221 712,2221 738,2222 765,2222"/>
                <TextEquiv>
                    <Unicode>de forma, que enamorado</Unicode>
                </TextEquiv>
            </TextLine>
            <TextLine id="r_1_1l43" custom="readingOrder {index:42;}">
                <Coords points="243,2281 268,2282 294,2282 319,2283 345,2283 371,2283 396,2283 422,2283 448,2282 473,2282 499,2282 524,2282 550,2281 576,2281 601,2281 627,2281 653,2281 678,2281 704,2281 730,2281 730,2247 704,2247 678,2247 653,2247 627,2247 601,2247 576,2247 550,2247 524,2248 499,2248 473,2248 448,2248 422,2249 396,2249 371,2249 345,2249 319,2249 294,2248 268,2248 243,2247"/>
                <Baseline points="243,2270 268,2271 294,2271 319,2272 345,2272 371,2272 396,2272 422,2272 448,2271 473,2271 499,2271 524,2271 550,2270 576,2270 601,2270 627,2270 653,2270 678,2270 704,2270 730,2270"/>
                <TextEquiv>
                    <Unicode>de mi mismo caminaba</Unicode>
                </TextEquiv>
            </TextLine>
            <TextEquiv>
                <Unicode>y nieto de Policarpia,
y de D. Policarpiazo.
Jesus! cuantas Policarpias;
no vén, qué disparatazos?
No nos paremos en esto.
Un dia de este Verano,
en que hizo mucho calor,
que es imposible esplicarlo,
me salí á pasear,
porque estaba yá quemado,
hácia la orilla del rio
dirijo mi paso largo;
me puse mi corvatin
de lienzo fino muy blanco,
que me costó segun pienso
la vara á quince cuartos,
mis zapatos, que eran nuevos,
por haberse remendado
hacía muy pocos dias,
y aunque se iban clareando,
siempre la comodidad
se ha de buscar en Verano;
la capa, que por mal nombre;
asi la nombro, y la llamo,
es muy fijo se parece
á la grande nave Argos,
que por sus muchos remiendos
la hacen nueva á tiempo largo:
tambien estaba arreglada
á esta estacion de verano;
el sombrero, qué sombroro!
No era fino, si era basto,
su color era materia
de un borrico bien matado;
pero todo esto es nada,
para ver mi grande garvo,
y lo mejor la chulada
del sombrero ladeado,
mis piernas muy éstiradas,
midiendo siempro los pasos
y sin volver la cabeza,
de forma, que enamorado
de mi mismo caminaba</Unicode>
            </TextEquiv>
        </TextRegion>
        <TextRegion orientation="0.0" type="paragraph" id="r_2_1" custom="readingOrder {index:1;}">
            <Coords points="953,194 1609,194 1609,2295 953,2295"/>
            <TextLine id="r_2_1l1" custom="readingOrder {index:0;}">
                <Coords points="964,250 989,250 1014,251 1040,251 1065,251 1091,251 1116,251 1142,250 1167,250 1193,249 1218,249 1244,249 1269,249 1295,248 1320,248 1346,249 1371,249 1397,250 1422,250 1448,251 1448,217 1422,216 1397,216 1371,215 1346,215 1320,214 1295,214 1269,215 1244,215 1218,215 1193,215 1167,216 1142,216 1116,217 1091,217 1065,217 1040,217 1014,217 989,216 964,216"/>
                <Baseline points="964,239 989,239 1014,240 1040,240 1065,240 1091,240 1116,240 1142,239 1167,239 1193,238 1218,238 1244,238 1269,238 1295,237 1320,237 1346,238 1371,238 1397,239 1422,239 1448,240"/>
                <TextEquiv>
                    <Unicode>sin hacer de nadie caso;</Unicode>
                </TextEquiv>
            </TextLine>
            <TextLine id="r_2_1l2" custom="readingOrder {index:1;}">
                <Coords points="963,298 990,299 1017,299 1044,300 1071,300 1098,300 1125,300 1152,299 1179,299 1206,299 1233,299 1260,298 1287,298 1314,298 1341,298 1368,298 1395,298 1422,298 1449,299 1476,299 1503,300 1503,266 1476,265 1449,265 1422,264 1395,264 1368,264 1341,264 1314,264 1287,264 1260,264 1233,265 1206,265 1179,265 1152,265 1125,266 1098,266 1071,266 1044,266 1017,265 990,265 963,264"/>
                <Baseline points="963,287 990,288 1017,288 1044,289 1071,289 1098,289 1125,289 1152,288 1179,288 1206,288 1233,288 1260,287 1287,287 1314,287 1341,287 1368,287 1395,287 1422,287 1449,288 1476,288 1503,289"/>
                <TextEquiv>
                    <Unicode>me encontro mi tia Juana,</Unicode>
                </TextEquiv>
            </TextLine>
            <TextLine id="r_2_1l3" custom="readingOrder {index:2;}">
                <Coords points="955,348 985,349 1016,349 1047,349 1078,349 1109,349 1140,349 1171,348 1202,348 1233,348 1264,347 1294,347 1325,347 1356,346 1387,346 1418,346 1449,346 1480,346 1511,347 1542,347 1573,348 1573,315 1542,314 1511,314 1480,313 1449,313 1418,313 1387,313 1356,313 1325,314 1294,314 1264,314 1233,315 1202,315 1171,315 1140,316 1109,316 1078,316 1047,316 1016,316 985,316 955,315"/>
                <Baseline points="955,337 985,338 1016,338 1047,338 1078,338 1109,338 1140,338 1171,337 1202,337 1233,337 1264,336 1294,336 1325,336 1356,335 1387,335 1418,335 1449,335 1480,335 1511,336 1542,336 1573,337"/>
                <TextEquiv>
                    <Unicode>que es la que guisa los callos,</Unicode>
                </TextEquiv>
            </TextLine>
            <TextLine id="r_2_1l4" custom="readingOrder {index:3;}">
                <Coords points="967,397 992,397 1017,397 1042,396 1068,396 1093,396 1118,396 1143,395 1169,395 1194,394 1219,394 1244,394 1270,394 1295,394 1320,393 1345,393 1371,394 1396,394 1421,394 1447,395 1447,362 1421,361 1396,361 1371,361 1345,360 1320,360 1295,361 1270,361 1244,361 1219,361 1194,361 1169,362 1143,362 1118,363 1093,363 1068,363 1042,363 1017,364 992,364 967,364"/>
                <Baseline points="967,386 992,386 1017,386 1042,385 1068,385 1093,385 1118,385 1143,384 1169,384 1194,383 1219,383 1244,383 1270,383 1295,383 1320,382 1345,382 1371,383 1396,383 1421,383 1447,384"/>
                <TextEquiv>
                    <Unicode>y mirandome de pronto</Unicode>
                </TextEquiv>
            </TextLine>
            <TextLine id="r_2_1l5" custom="readingOrder {index:4;}">
                <Coords points="960,445 990,445 1021,444 1052,444 1083,444 1113,444 1144,443 1175,443 1206,443 1236,443 1267,443 1298,443 1329,443 1359,443 1390,443 1421,443 1452,443 1482,443 1513,443 1544,443 1575,444 1575,410 1544,409 1513,409 1482,409 1452,409 1421,409 1390,409 1359,409 1329,409 1298,409 1267,409 1236,409 1206,409 1175,409 1144,409 1113,410 1083,410 1052,410 1021,410 990,411 960,411"/>
                <Baseline points="960,434 990,434 1021,433 1052,433 1083,433 1113,433 1144,432 1175,432 1206,432 1236,432 1267,432 1298,432 1329,432 1359,432 1390,432 1421,432 1452,432 1482,432 1513,432 1544,432 1575,433"/>
                <TextEquiv>
                    <Unicode>me ha dado un fuerte gritaz»;</Unicode>
                </TextEquiv>
            </TextLine>
            <TextLine id="r_2_1l6" custom="readingOrder {index:5;}">
                <Coords points="964,492 989,493 1015,493 1041,493 1067,493 1093,492 1119,492 1145,492 1171,492 1196,492 1222,492 1248,492 1274,492 1300,492 1326,492 1352,493 1378,494 1378,460 1352,459 1326,458 1300,458 1274,458 1248,458 1222,458 1196,458 1171,458 1145,458 1119,458 1093,458 1067,459 1041,459 1015,459 989,459 964,458"/>
                <Baseline points="964,481 989,482 1015,482 1041,482 1067,482 1093,481 1119,481 1145,481 1171,481 1196,481 1222,481 1248,481 1274,481 1300,481 1326,481 1352,482 1378,483"/>
                <TextEquiv>
                    <Unicode>me dijo: Policarpito,</Unicode>
                </TextEquiv>
            </TextLine>
            <TextLine id="r_2_1l7" custom="readingOrder {index:6;}">
                <Coords points="960,539 987,540 1014,541 1041,541 1068,541 1095,541 1122,540 1150,540 1177,540 1204,539 1231,539 1258,539 1285,538 1312,538 1340,538 1367,538 1394,539 1421,540 1448,540 1475,541 1503,543 1503,509 1475,507 1448,506 1421,506 1394,505 1367,504 1340,504 1312,504 1285,504 1258,505 1231,505 1204,505 1177,506 1150,506 1122,506 1095,507 1068,507 1041,507 1014,507 987,506 960,505"/>
                <Baseline points="960,528 987,529 1014,530 1041,530 1068,530 1095,530 1122,529 1150,529 1177,529 1204,528 1231,528 1258,528 1285,527 1312,527 1340,527 1367,527 1394,528 1421,529 1448,529 1475,530 1503,532"/>
                <TextEquiv>
                    <Unicode>bendito sea este muchaho,</Unicode>
                </TextEquiv>
            </TextLine>
            <TextLine id="r_2_1l8" custom="readingOrder {index:7;}">
                <Coords points="962,588 987,589 1012,589 1037,589 1062,589 1087,589 1112,589 1137,589 1162,588 1187,588 1212,588 1237,587 1262,587 1287,587 1312,587 1337,587 1362,587 1387,587 1412,588 1437,589 1462,590 1462,556 1437,555 1412,554 1387,553 1362,553 1337,553 1312,553 1287,553 1262,553 1237,553 1212,554 1187,554 1162,554 1137,555 1112,555 1087,555 1062,555 1037,555 1012,555 987,555 962,554"/>
                <Baseline points="962,577 987,578 1012,578 1037,578 1062,578 1087,578 1112,578 1137,578 1162,577 1187,577 1212,577 1237,576 1262,576 1287,576 1312,576 1337,576 1362,576 1387,576 1412,577 1437,578 1462,579"/>
                <TextEquiv>
                    <Unicode>Dios te libre de viruelas,</Unicode>
                </TextEquiv>
            </TextLine>
            <TextLine id="r_2_1l9" custom="readingOrder {index:8;}">
                <Coords points="968,636 993,637 1018,637 1043,637 1068,637 1094,637 1119,637 1144,637 1169,636 1194,636 1220,636 1245,635 1270,635 1295,635 1320,635 1346,635 1371,635 1396,635 1421,636 1446,636 1472,637 1472,604 1446,603 1421,603 1396,602 1371,602 1346,602 1320,602 1295,602 1270,602 1245,602 1220,603 1194,603 1169,603 1144,604 1119,604 1094,604 1068,604 1043,604 1018,604 993,604 968,603"/>
                <Baseline points="968,625 993,626 1018,626 1043,626 1068,626 1094,626 1119,626 1144,626 1169,625 1194,625 1220,625 1245,624 1270,624 1295,624 1320,624 1346,624 1371,624 1396,624 1421,625 1446,625 1472,626"/>
                <TextEquiv>
                    <Unicode>tambien de mal colorado,</Unicode>
                </TextEquiv>
            </TextLine>
            <TextLine id="r_2_1l10" custom="readingOrder {index:9;}">
                <Coords points="959,687 984,686 1010,686 1035,686 1061,685 1086,685 1112,685 1138,685 1163,684 1189,684 1214,684 1240,684 1265,684 1291,684 1317,683 1342,683 1368,683 1393,683 1419,683 1445,682 1445,649 1419,650 1393,650 1368,650 1342,650 1317,650 1291,651 1265,651 1240,651 1214,651 1189,651 1163,651 1138,652 1112,652 1086,652 1061,652 1035,653 1010,653 984,653 959,654"/>
                <Baseline points="959,676 984,675 1010,675 1035,675 1061,674 1086,674 1112,674 1138,674 1163,673 1189,673 1214,673 1240,673 1265,673 1291,673 1317,672 1342,672 1368,672 1393,672 1419,672 1445,671"/>
                <TextEquiv>
                    <Unicode>bendito sea mi sobrino.</Unicode>
                </TextEquiv>
            </TextLine>
            <TextLine id="r_2_1l11" custom="readingOrder {index:10;}">
                <Coords points="968,733 995,733 1022,734 1050,734 1077,734 1105,734 1132,734 1159,733 1187,733 1214,732 1242,732 1269,731 1296,731 1324,731 1351,731 1379,731 1406,731 1433,731 1461,732 1488,733 1516,734 1516,700 1488,699 1461,698 1433,697 1406,697 1379,697 1351,697 1324,697 1296,697 1269,697 1242,698 1214,698 1187,699 1159,699 1132,700 1105,700 1077,700 1050,700 1022,700 995,699 968,699"/>
                <Baseline points="968,722 995,722 1022,723 1050,723 1077,723 1105,723 1132,723 1159,722 1187,722 1214,721 1242,721 1269,720 1296,720 1324,720 1351,720 1379,720 1406,720 1433,720 1461,721 1488,722 1516,723"/>
                <TextEquiv>
                    <Unicode>Con esto tieso, é hinchado,</Unicode>
                </TextEquiv>
            </TextLine>
            <TextLine id="r_2_1l12" custom="readingOrder {index:11;}">
                <Coords points="961,783 986,783 1012,783 1038,783 1064,783 1089,782 1115,782 1141,782 1167,781 1193,781 1218,781 1244,780 1270,780 1296,780 1321,780 1347,780 1373,780 1399,780 1425,781 1425,748 1399,747 1373,747 1347,747 1321,747 1296,747 1270,747 1244,747 1218,748 1193,748 1167,748 1141,749 1115,749 1089,749 1064,750 1038,750 1012,750 986,750 961,750"/>
                <Baseline points="961,772 986,772 1012,772 1038,772 1064,772 1089,771 1115,771 1141,771 1167,770 1193,770 1218,770 1244,769 1270,769 1296,769 1321,769 1347,769 1373,769 1399,769 1425,770"/>
                <TextEquiv>
                    <Unicode>caminaba yo adelante,</Unicode>
                </TextEquiv>
            </TextLine>
            <TextLine id="r_2_1l13" custom="readingOrder {index:12;}">
                <Coords points="970,831 996,832 1022,832 1049,832 1075,832 1101,832 1128,831 1154,831 1180,831 1207,830 1233,830 1259,829 1286,829 1312,828 1338,828 1365,828 1391,828 1417,827 1444,828 1470,828 1497,828 1497,795 1470,795 1444,795 1417,794 1391,795 1365,795 1338,795 1312,795 1286,796 1259,796 1233,797 1207,797 1180,798 1154,798 1128,798 1101,799 1075,799 1049,799 1022,799 996,799 970,798"/>
                <Baseline points="970,820 996,821 1022,821 1049,821 1075,821 1101,821 1128,820 1154,820 1180,820 1207,819 1233,819 1259,818 1286,818 1312,817 1338,817 1365,817 1391,817 1417,816 1444,817 1470,817 1497,817"/>
                <TextEquiv>
                    <Unicode>en la puerta me he parado</Unicode>
                </TextEquiv>
            </TextLine>
            <TextLine id="r_2_1l14" custom="readingOrder {index:13;}">
                <Coords points="969,879 995,879 1021,879 1047,879 1073,879 1099,879 1125,878 1151,878 1177,878 1203,877 1229,877 1255,877 1281,876 1307,876 1333,876 1359,876 1385,876 1411,877 1437,877 1463,878 1490,879 1490,845 1463,844 1437,843 1411,843 1385,842 1359,842 1333,842 1307,842 1281,842 1255,843 1229,843 1203,843 1177,844 1151,844 1125,844 1099,845 1073,845 1047,845 1021,845 995,845 969,845"/>
                <Baseline points="969,868 995,868 1021,868 1047,868 1073,868 1099,868 1125,867 1151,867 1177,867 1203,866 1229,866 1255,866 1281,865 1307,865 1333,865 1359,865 1385,865 1411,866 1437,866 1463,867 1490,868"/>
                <TextEquiv>
                    <Unicode>en la que nombran Baeza,</Unicode>
                </TextEquiv>
            </TextLine>
            <TextLine id="r_2_1l15" custom="readingOrder {index:14;}">
                <Coords points="969,930 995,929 1022,928 1049,928 1075,926 1102,926 1129,925 1155,925 1182,924 1209,924 1236,924 1262,924 1289,923 1316,923 1342,923 1369,923 1396,923 1422,923 1449,923 1476,923 1503,923 1503,892 1476,892 1449,892 1422,892 1396,892 1369,892 1342,892 1316,892 1289,892 1262,893 1236,893 1209,893 1182,893 1155,894 1129,894 1102,895 1075,895 1049,897 1022,897 995,898 969,899"/>
                <Baseline points="969,920 995,919 1022,918 1049,918 1075,916 1102,916 1129,915 1155,915 1182,914 1209,914 1236,914 1262,914 1289,913 1316,913 1342,913 1369,913 1396,913 1422,913 1449,913 1476,913 1503,913"/>
                <TextEquiv>
                    <Unicode>y á poco tiempo y espacio,</Unicode>
                </TextEquiv>
            </TextLine>
            <TextLine id="r_2_1l16" custom="readingOrder {index:15;}">
                <Coords points="964,973 992,974 1021,975 1049,975 1078,975 1107,975 1135,974 1164,974 1192,973 1221,973 1250,972 1278,971 1307,971 1335,971 1364,971 1393,971 1421,971 1450,971 1478,972 1507,973 1536,975 1536,944 1507,942 1478,941 1450,940 1421,940 1393,940 1364,940 1335,940 1307,940 1278,940 1250,941 1221,942 1192,942 1164,943 1135,943 1107,944 1078,944 1049,944 1021,944 992,943 964,942"/>
                <Baseline points="964,963 992,964 1021,965 1049,965 1078,965 1107,965 1135,964 1164,964 1192,963 1221,963 1250,962 1278,961 1307,961 1335,961 1364,961 1393,961 1421,961 1450,961 1478,962 1507,963 1536,965"/>
                <TextEquiv>
                    <Unicode>me largué hacia un Melonar,</Unicode>
                </TextEquiv>
            </TextLine>
            <TextLine id="r_2_1l17" custom="readingOrder {index:16;}">
                <Coords points="963,1023 988,1024 1013,1024 1038,1024 1063,1024 1088,1024 1113,1024 1138,1024 1163,1023 1188,1022 1213,1022 1238,1021 1263,1021 1288,1021 1313,1020 1338,1021 1363,1021 1388,1021 1413,1022 1438,1023 1438,989 1413,988 1388,987 1363,987 1338,987 1313,986 1288,987 1263,987 1238,987 1213,988 1188,988 1163,989 1138,990 1113,990 1088,990 1063,990 1038,990 1013,990 988,990 963,989"/>
                <Baseline points="963,1012 988,1013 1013,1013 1038,1013 1063,1013 1088,1013 1113,1013 1138,1013 1163,1012 1188,1011 1213,1011 1238,1010 1263,1010 1288,1010 1313,1009 1338,1010 1363,1010 1388,1010 1413,1011 1438,1012"/>
                <TextEquiv>
                    <Unicode>que está poco retirado,</Unicode>
                </TextEquiv>
            </TextLine>
            <TextLine id="r_2_1l18" custom="readingOrder {index:17;}">
                <Coords points="967,1073 992,1073 1017,1073 1042,1073 1067,1072 1092,1072 1117,1072 1142,1071 1167,1071 1192,1071 1217,1071 1242,1070 1267,1070 1292,1070 1317,1070 1342,1070 1367,1071 1392,1071 1417,1071 1443,1072 1443,1039 1417,1038 1392,1038 1367,1038 1342,1037 1317,1037 1292,1037 1267,1037 1242,1037 1217,1038 1192,1038 1167,1038 1142,1038 1117,1039 1092,1039 1067,1039 1042,1040 1017,1040 992,1040 967,1040"/>
                <Baseline points="967,1062 992,1062 1017,1062 1042,1062 1067,1061 1092,1061 1117,1061 1142,1060 1167,1060 1192,1060 1217,1060 1242,1059 1267,1059 1292,1059 1317,1059 1342,1059 1367,1060 1392,1060 1417,1060 1443,1061"/>
                <TextEquiv>
                    <Unicode>allí vi, que una zagala,</Unicode>
                </TextEquiv>
            </TextLine>
            <TextLine id="r_2_1l19" custom="readingOrder {index:18;}">
                <Coords points="964,1120 991,1120 1019,1121 1047,1121 1075,1120 1103,1120 1131,1120 1159,1119 1187,1119 1215,1118 1243,1118 1270,1117 1298,1117 1326,1117 1354,1117 1382,1116 1410,1117 1438,1117 1466,1118 1494,1118 1522,1119 1522,1086 1494,1085 1466,1085 1438,1084 1410,1084 1382,1083 1354,1084 1326,1084 1298,1084 1270,1084 1243,1085 1215,1085 1187,1086 1159,1086 1131,1087 1103,1087 1075,1087 1047,1088 1019,1088 991,1087 964,1087"/>
                <Baseline points="964,1109 991,1109 1019,1110 1047,1110 1075,1109 1103,1109 1131,1109 1159,1108 1187,1108 1215,1107 1243,1107 1270,1106 1298,1106 1326,1106 1354,1106 1382,1105 1410,1106 1438,1106 1466,1107 1494,1107 1522,1108"/>
                <TextEquiv>
                    <Unicode>si me he quedado pasmado,</Unicode>
                </TextEquiv>
            </TextLine>
            <TextLine id="r_2_1l20" custom="readingOrder {index:19;}">
                <Coords points="970,1168 995,1168 1021,1169 1046,1169 1072,1169 1097,1169 1123,1169 1149,1168 1174,1168 1200,1167 1225,1167 1251,1166 1276,1166 1302,1165 1328,1165 1353,1165 1379,1166 1404,1166 1430,1167 1456,1168 1456,1134 1430,1133 1404,1132 1379,1132 1353,1131 1328,1131 1302,1131 1276,1132 1251,1132 1225,1133 1200,1133 1174,1134 1149,1134 1123,1135 1097,1135 1072,1135 1046,1135 1021,1135 995,1134 970,1134"/>
                <Baseline points="970,1157 995,1157 1021,1158 1046,1158 1072,1158 1097,1158 1123,1158 1149,1157 1174,1157 1200,1156 1225,1156 1251,1155 1276,1155 1302,1154 1328,1154 1353,1154 1379,1155 1404,1155 1430,1156 1456,1157"/>
                <TextEquiv>
                    <Unicode>era una muger Señores,</Unicode>
                </TextEquiv>
            </TextLine>
            <TextLine id="r_2_1l21" custom="readingOrder {index:20;}">
                <Coords points="963,1218 992,1217 1022,1217 1052,1217 1082,1217 1112,1216 1141,1216 1171,1216 1201,1215 1231,1215 1261,1215 1290,1215 1320,1214 1350,1214 1380,1214 1410,1214 1439,1214 1469,1214 1499,1214 1529,1214 1559,1214 1559,1180 1529,1180 1499,1180 1469,1180 1439,1180 1410,1180 1380,1180 1350,1180 1320,1180 1290,1181 1261,1181 1231,1181 1201,1181 1171,1182 1141,1182 1112,1182 1082,1183 1052,1183 1022,1183 992,1183 963,1184"/>
                <Baseline points="963,1207 992,1206 1022,1206 1052,1206 1082,1206 1112,1205 1141,1205 1171,1205 1201,1204 1231,1204 1261,1204 1290,1204 1320,1203 1350,1203 1380,1203 1410,1203 1439,1203 1469,1203 1499,1203 1529,1203 1559,1203"/>
                <TextEquiv>
                    <Unicode>tan hermosa, y de tal gareve</Unicode>
                </TextEquiv>
            </TextLine>
            <TextLine id="r_2_1l22" custom="readingOrder {index:21;}">
                <Coords points="963,1267 989,1267 1015,1266 1041,1266 1067,1266 1093,1265 1119,1265 1145,1264 1171,1264 1197,1263 1224,1263 1250,1262 1276,1262 1302,1262 1328,1261 1354,1261 1380,1261 1406,1261 1432,1262 1458,1262 1485,1263 1485,1229 1458,1228 1432,1228 1406,1227 1380,1227 1354,1227 1328,1227 1302,1228 1276,1228 1250,1228 1224,1229 1197,1229 1171,1230 1145,1230 1119,1231 1093,1231 1067,1232 1041,1232 1015,1232 989,1233 963,1233"/>
                <Baseline points="963,1256 989,1256 1015,1255 1041,1255 1067,1255 1093,1254 1119,1254 1145,1253 1171,1253 1197,1252 1224,1252 1250,1251 1276,1251 1302,1251 1328,1250 1354,1250 1380,1250 1406,1250 1432,1251 1458,1251 1485,1252"/>
                <TextEquiv>
                    <Unicode>que me parece imposible,</Unicode>
                </TextEquiv>
            </TextLine>
            <TextLine id="r_2_1l23" custom="readingOrder {index:22;}">
                <Coords points="976,1315 1006,1314 1036,1314 1066,1313 1096,1313 1126,1312 1156,1312 1186,1311 1216,1311 1246,1311 1276,1310 1306,1310 1336,1310 1366,1309 1396,1309 1426,1309 1456,1309 1486,1309 1516,1309 1546,1309 1576,1309 1576,1275 1546,1275 1516,1275 1486,1275 1456,1275 1426,1275 1396,1275 1366,1275 1336,1276 1306,1276 1276,1276 1246,1277 1216,1277 1186,1277 1156,1278 1126,1278 1096,1279 1066,1279 1036,1280 1006,1280 976,1281"/>
                <Baseline points="976,1304 1006,1303 1036,1303 1066,1302 1096,1302 1126,1301 1156,1301 1186,1300 1216,1300 1246,1300 1276,1299 1306,1299 1336,1299 1366,1298 1396,1298 1426,1298 1456,1298 1486,1298 1516,1298 1546,1298 1576,1298"/>
                <TextEquiv>
                    <Unicode>que en ningun Cabo de Barrio</Unicode>
                </TextEquiv>
            </TextLine>
            <TextLine id="r_2_1l24" custom="readingOrder {index:23;}">
                <Coords points="970,1363 997,1363 1025,1362 1052,1362 1080,1362 1108,1361 1135,1361 1163,1360 1191,1360 1218,1360 1246,1359 1274,1359 1301,1359 1329,1358 1357,1358 1384,1358 1412,1358 1440,1359 1467,1359 1495,1359 1523,1360 1523,1327 1495,1326 1467,1326 1440,1326 1412,1325 1384,1325 1357,1325 1329,1325 1301,1326 1274,1326 1246,1326 1218,1327 1191,1327 1163,1327 1135,1328 1108,1328 1080,1329 1052,1329 1025,1329 997,1330 970,1330"/>
                <Baseline points="970,1352 997,1352 1025,1351 1052,1351 1080,1351 1108,1350 1135,1350 1163,1349 1191,1349 1218,1349 1246,1348 1274,1348 1301,1348 1329,1347 1357,1347 1384,1347 1412,1347 1440,1348 1467,1348 1495,1348 1523,1349"/>
                <TextEquiv>
                    <Unicode>se encuentre otra parecida</Unicode>
                </TextEquiv>
            </TextLine>
            <TextLine id="r_2_1l25" custom="readingOrder {index:24;}">
                <Coords points="968,1409 994,1410 1020,1411 1046,1411 1072,1412 1099,1411 1125,1411 1151,1410 1177,1410 1204,1409 1230,1409 1256,1408 1282,1408 1309,1407 1335,1407 1361,1408 1387,1408 1414,1409 1414,1376 1387,1375 1361,1375 1335,1374 1309,1374 1282,1375 1256,1375 1230,1376 1204,1376 1177,1377 1151,1377 1125,1378 1099,1378 1072,1379 1046,1378 1020,1378 994,1377 968,1376"/>
                <Baseline points="968,1398 994,1399 1020,1400 1046,1400 1072,1401 1099,1400 1125,1400 1151,1399 1177,1399 1204,1398 1230,1398 1256,1397 1282,1397 1309,1396 1335,1396 1361,1397 1387,1397 1414,1398"/>
                <TextEquiv>
                    <Unicode>á su talle, y garavato;</Unicode>
                </TextEquiv>
            </TextLine>
            <TextLine id="r_2_1l26" custom="readingOrder {index:25;}">
                <Coords points="968,1457 993,1458 1018,1459 1043,1459 1068,1459 1093,1459 1118,1459 1143,1458 1168,1458 1193,1457 1218,1456 1243,1456 1268,1455 1293,1455 1318,1455 1343,1455 1368,1455 1393,1456 1418,1457 1418,1423 1393,1422 1368,1421 1343,1421 1318,1421 1293,1421 1268,1421 1243,1422 1218,1422 1193,1423 1168,1424 1143,1424 1118,1425 1093,1425 1068,1425 1043,1425 1018,1425 993,1424 968,1423"/>
                <Baseline points="968,1446 993,1447 1018,1448 1043,1448 1068,1448 1093,1448 1118,1448 1143,1447 1168,1447 1193,1446 1218,1445 1243,1445 1268,1444 1293,1444 1318,1444 1343,1444 1368,1444 1393,1445 1418,1446"/>
                <TextEquiv>
                    <Unicode>tenia puesta una cinta</Unicode>
                </TextEquiv>
            </TextLine>
            <TextLine id="r_2_1l27" custom="readingOrder {index:26;}">
                <Coords points="970,1506 995,1507 1021,1507 1047,1507 1073,1507 1099,1507 1125,1506 1151,1506 1177,1505 1202,1505 1228,1504 1254,1504 1280,1504 1306,1504 1332,1504 1358,1505 1384,1506 1384,1473 1358,1472 1332,1471 1306,1471 1280,1471 1254,1471 1228,1471 1202,1472 1177,1472 1151,1473 1125,1473 1099,1474 1073,1474 1047,1474 1021,1474 995,1474 970,1473"/>
                <Baseline points="970,1495 995,1496 1021,1496 1047,1496 1073,1496 1099,1496 1125,1495 1151,1495 1177,1494 1202,1494 1228,1493 1254,1493 1280,1493 1306,1493 1332,1493 1358,1494 1384,1495"/>
                <TextEquiv>
                    <Unicode>de teletón nacarado,</Unicode>
                </TextEquiv>
            </TextLine>
            <TextLine id="r_2_1l28" custom="readingOrder {index:27;}">
                <Coords points="971,1554 1002,1555 1033,1555 1064,1555 1095,1555 1126,1555 1157,1555 1188,1554 1219,1554 1250,1553 1282,1553 1313,1552 1344,1552 1375,1551 1406,1551 1437,1551 1468,1551 1499,1551 1530,1551 1561,1552 1593,1553 1593,1520 1561,1519 1530,1518 1499,1518 1468,1518 1437,1518 1406,1518 1375,1518 1344,1519 1313,1519 1282,1520 1250,1520 1219,1521 1188,1521 1157,1522 1126,1522 1095,1522 1064,1522 1033,1522 1002,1522 971,1521"/>
                <Baseline points="971,1543 1002,1544 1033,1544 1064,1544 1095,1544 1126,1544 1157,1544 1188,1543 1219,1543 1250,1542 1282,1542 1313,1541 1344,1541 1375,1540 1406,1540 1437,1540 1468,1540 1499,1540 1530,1540 1561,1541 1593,1542"/>
                <TextEquiv>
                    <Unicode>y en el pecho un gran pañuelo,</Unicode>
                </TextEquiv>
            </TextLine>
            <TextLine id="r_2_1l29" custom="readingOrder {index:28;}">
                <Coords points="964,1602 990,1603 1016,1603 1042,1603 1069,1603 1095,1603 1121,1603 1147,1602 1174,1602 1200,1601 1226,1601 1252,1600 1279,1600 1305,1599 1331,1599 1357,1599 1384,1599 1410,1599 1436,1600 1463,1601 1463,1567 1436,1566 1410,1565 1384,1565 1357,1565 1331,1565 1305,1565 1279,1566 1252,1566 1226,1567 1200,1567 1174,1568 1147,1568 1121,1569 1095,1569 1069,1569 1042,1569 1016,1569 990,1569 964,1568"/>
                <Baseline points="964,1591 990,1592 1016,1592 1042,1592 1069,1592 1095,1592 1121,1592 1147,1591 1174,1591 1200,1590 1226,1590 1252,1589 1279,1589 1305,1588 1331,1588 1357,1588 1384,1588 1410,1588 1436,1589 1463,1590"/>
                <TextEquiv>
                    <Unicode>su color era encarnado,</Unicode>
                </TextEquiv>
            </TextLine>
            <TextLine id="r_2_1l30" custom="readingOrder {index:29;}">
                <Coords points="972,1650 999,1651 1027,1651 1054,1651 1082,1651 1109,1651 1137,1651 1164,1650 1192,1650 1219,1649 1247,1649 1274,1649 1302,1648 1329,1648 1357,1647 1384,1647 1412,1647 1439,1648 1467,1648 1494,1649 1522,1649 1522,1615 1494,1615 1467,1614 1439,1614 1412,1613 1384,1613 1357,1613 1329,1614 1302,1614 1274,1615 1247,1615 1219,1615 1192,1616 1164,1616 1137,1617 1109,1617 1082,1617 1054,1617 1027,1617 999,1617 972,1616"/>
                <Baseline points="972,1639 999,1640 1027,1640 1054,1640 1082,1640 1109,1640 1137,1640 1164,1639 1192,1639 1219,1638 1247,1638 1274,1638 1302,1637 1329,1637 1357,1636 1384,1636 1412,1636 1439,1637 1467,1637 1494,1638 1522,1638"/>
                <TextEquiv>
                    <Unicode>sus guardapies, segun vide,</Unicode>
                </TextEquiv>
            </TextLine>
            <TextLine id="r_2_1l31" custom="readingOrder {index:30;}">
                <Coords points="968,1700 993,1701 1018,1701 1043,1700 1068,1700 1094,1699 1119,1699 1144,1698 1169,1697 1194,1697 1220,1696 1245,1696 1270,1696 1295,1697 1320,1698 1346,1699 1346,1665 1320,1664 1295,1663 1270,1662 1245,1662 1220,1662 1194,1663 1169,1663 1144,1664 1119,1665 1094,1665 1068,1666 1043,1666 1018,1667 993,1667 968,1666"/>
                <Baseline points="968,1689 993,1690 1018,1690 1043,1689 1068,1689 1094,1688 1119,1688 1144,1687 1169,1686 1194,1686 1220,1685 1245,1685 1270,1685 1295,1686 1320,1687 1346,1688"/>
                <TextEquiv>
                    <Unicode>era rico Calamaco,</Unicode>
                </TextEquiv>
            </TextLine>
            <TextLine id="r_2_1l32" custom="readingOrder {index:31;}">
                <Coords points="971,1747 996,1748 1022,1749 1048,1749 1074,1749 1100,1749 1126,1748 1152,1748 1178,1747 1204,1746 1230,1746 1256,1745 1282,1745 1308,1744 1334,1744 1360,1744 1386,1744 1412,1745 1438,1746 1438,1712 1412,1711 1386,1710 1360,1710 1334,1710 1308,1710 1282,1711 1256,1711 1230,1712 1204,1712 1178,1713 1152,1714 1126,1714 1100,1715 1074,1715 1048,1715 1022,1715 996,1714 971,1713"/>
                <Baseline points="971,1736 996,1737 1022,1738 1048,1738 1074,1738 1100,1738 1126,1737 1152,1737 1178,1736 1204,1735 1230,1735 1256,1734 1282,1734 1308,1733 1334,1733 1360,1733 1386,1733 1412,1734 1438,1735"/>
                <TextEquiv>
                    <Unicode>y con aquestos reflejos</Unicode>
                </TextEquiv>
            </TextLine>
            <TextLine id="r_2_1l33" custom="readingOrder {index:32;}">
                <Coords points="968,1796 995,1797 1022,1797 1050,1797 1077,1796 1105,1796 1132,1795 1159,1795 1187,1794 1214,1793 1242,1793 1269,1792 1296,1792 1324,1792 1351,1792 1379,1793 1406,1793 1433,1794 1461,1795 1488,1797 1516,1799 1516,1765 1488,1763 1461,1761 1433,1760 1406,1759 1379,1759 1351,1758 1324,1758 1296,1758 1269,1758 1242,1759 1214,1759 1187,1760 1159,1761 1132,1761 1105,1762 1077,1762 1050,1763 1022,1763 995,1763 968,1762"/>
                <Baseline points="968,1785 995,1786 1022,1786 1050,1786 1077,1785 1105,1785 1132,1784 1159,1784 1187,1783 1214,1782 1242,1782 1269,1781 1296,1781 1324,1781 1351,1781 1379,1782 1406,1782 1433,1783 1461,1784 1488,1786 1516,1788"/>
                <TextEquiv>
                    <Unicode>cada vez me iba acercando</Unicode>
                </TextEquiv>
            </TextLine>
            <TextLine id="r_2_1l34" custom="readingOrder {index:33;}">
                <Coords points="970,1844 995,1844 1020,1845 1045,1845 1071,1845 1096,1845 1121,1845 1147,1844 1172,1844 1197,1844 1223,1844 1248,1843 1273,1843 1298,1843 1324,1842 1349,1842 1374,1842 1400,1842 1425,1842 1450,1842 1476,1843 1476,1809 1450,1808 1425,1808 1400,1808 1374,1808 1349,1808 1324,1808 1298,1809 1273,1809 1248,1809 1223,1810 1197,1810 1172,1810 1147,1810 1121,1811 1096,1811 1071,1811 1045,1811 1020,1811 995,1810 970,1810"/>
                <Baseline points="970,1833 995,1833 1020,1834 1045,1834 1071,1834 1096,1834 1121,1834 1147,1833 1172,1833 1197,1833 1223,1833 1248,1832 1273,1832 1298,1832 1324,1831 1349,1831 1374,1831 1400,1831 1425,1831 1450,1831 1476,1832"/>
                <TextEquiv>
                    <Unicode>porque via, que ella sola</Unicode>
                </TextEquiv>
            </TextLine>
            <TextLine id="r_2_1l35" custom="readingOrder {index:34;}">
                <Coords points="964,1892 990,1892 1017,1893 1044,1894 1071,1894 1098,1894 1124,1893 1151,1893 1178,1892 1205,1892 1232,1891 1258,1891 1285,1890 1312,1890 1339,1890 1366,1890 1392,1890 1419,1891 1446,1892 1473,1893 1500,1894 1500,1860 1473,1859 1446,1858 1419,1857 1392,1856 1366,1856 1339,1856 1312,1856 1285,1856 1258,1857 1232,1857 1205,1858 1178,1858 1151,1859 1124,1859 1098,1860 1071,1860 1044,1860 1017,1859 990,1858 964,1858"/>
                <Baseline points="964,1881 990,1881 1017,1882 1044,1883 1071,1883 1098,1883 1124,1882 1151,1882 1178,1881 1205,1881 1232,1880 1258,1880 1285,1879 1312,1879 1339,1879 1366,1879 1392,1879 1419,1880 1446,1881 1473,1882 1500,1883"/>
                <TextEquiv>
                    <Unicode>estaba, y nadie á su lado:</Unicode>
                </TextEquiv>
            </TextLine>
            <TextLine id="r_2_1l36" custom="readingOrder {index:35;}">
                <Coords points="969,1943 1000,1943 1031,1942 1062,1942 1094,1942 1125,1941 1156,1941 1187,1940 1219,1940 1250,1939 1281,1939 1312,1939 1344,1939 1375,1939 1406,1940 1437,1941 1469,1941 1500,1943 1531,1944 1562,1946 1594,1949 1594,1915 1562,1912 1531,1910 1500,1909 1469,1907 1437,1907 1406,1906 1375,1905 1344,1905 1312,1905 1281,1905 1250,1905 1219,1906 1187,1906 1156,1907 1125,1907 1094,1908 1062,1908 1031,1908 1000,1909 969,1909"/>
                <Baseline points="969,1932 1000,1932 1031,1931 1062,1931 1094,1931 1125,1930 1156,1930 1187,1929 1219,1929 1250,1928 1281,1928 1312,1928 1344,1928 1375,1928 1406,1929 1437,1930 1469,1930 1500,1932 1531,1933 1562,1935 1594,1938"/>
                <TextEquiv>
                    <Unicode>llagué en fin, muy poco á poco,</Unicode>
                </TextEquiv>
            </TextLine>
            <TextLine id="r_2_1l37" custom="readingOrder {index:36;}">
                <Coords points="968,1990 994,1990 1020,1990 1046,1990 1073,1990 1099,1990 1125,1989 1152,1989 1178,1988 1204,1988 1231,1988 1257,1987 1283,1987 1309,1987 1336,1987 1362,1988 1388,1989 1415,1990 1441,1991 1467,1993 1494,1996 1494,1962 1467,1959 1441,1957 1415,1956 1388,1955 1362,1954 1336,1953 1309,1953 1283,1953 1257,1953 1231,1954 1204,1954 1178,1954 1152,1955 1125,1955 1099,1956 1073,1956 1046,1956 1020,1956 994,1956 968,1956"/>
                <Baseline points="968,1979 994,1979 1020,1979 1046,1979 1073,1979 1099,1979 1125,1978 1152,1978 1178,1977 1204,1977 1231,1977 1257,1976 1283,1976 1309,1976 1336,1976 1362,1977 1388,1978 1415,1979 1441,1980 1467,1982 1494,1985"/>
                <TextEquiv>
                    <Unicode>asi como andan los majos,</Unicode>
                </TextEquiv>
            </TextLine>
            <TextLine id="r_2_1l38" custom="readingOrder {index:37;}">
                <Coords points="966,2038 991,2038 1017,2038 1042,2038 1068,2038 1094,2037 1119,2037 1145,2037 1170,2036 1196,2036 1222,2036 1247,2035 1273,2035 1298,2035 1324,2036 1350,2036 1375,2037 1401,2038 1426,2039 1452,2040 1478,2043 1478,2009 1452,2006 1426,2005 1401,2004 1375,2003 1350,2002 1324,2002 1298,2001 1273,2001 1247,2001 1222,2002 1196,2002 1170,2002 1145,2003 1119,2003 1094,2003 1068,2004 1042,2004 1017,2004 991,2004 966,2004"/>
                <Baseline points="966,2027 991,2027 1017,2027 1042,2027 1068,2027 1094,2026 1119,2026 1145,2026 1170,2025 1196,2025 1222,2025 1247,2024 1273,2024 1298,2024 1324,2025 1350,2025 1375,2026 1401,2027 1426,2028 1452,2029 1478,2032"/>
                <TextEquiv>
                    <Unicode>embozado hasta los ojos,</Unicode>
                </TextEquiv>
            </TextLine>
            <TextLine id="r_2_1l39" custom="readingOrder {index:38;}">
                <Coords points="970,2086 996,2086 1022,2086 1048,2086 1074,2086 1100,2086 1126,2085 1152,2085 1178,2084 1205,2084 1231,2084 1257,2084 1283,2084 1309,2084 1335,2084 1361,2085 1387,2086 1414,2087 1414,2053 1387,2052 1361,2051 1335,2050 1309,2050 1283,2050 1257,2050 1231,2050 1205,2050 1178,2050 1152,2051 1126,2051 1100,2052 1074,2052 1048,2052 1022,2052 996,2052 970,2052"/>
                <Baseline points="970,2075 996,2075 1022,2075 1048,2075 1074,2075 1100,2075 1126,2074 1152,2074 1178,2073 1205,2073 1231,2073 1257,2073 1283,2073 1309,2073 1335,2073 1361,2074 1387,2075 1414,2076"/>
                <TextEquiv>
                    <Unicode>en forma de Jerezano.</Unicode>
                </TextEquiv>
            </TextLine>
            <TextLine id="r_2_1l40" custom="readingOrder {index:39;}">
                <Coords points="982,2136 1007,2135 1033,2135 1059,2135 1084,2134 1110,2134 1136,2133 1162,2133 1187,2132 1213,2132 1239,2132 1265,2132 1290,2132 1316,2132 1342,2133 1368,2133 1393,2134 1419,2135 1445,2137 1471,2138 1471,2104 1445,2103 1419,2101 1393,2100 1368,2099 1342,2099 1316,2098 1290,2098 1265,2098 1239,2098 1213,2098 1187,2098 1162,2099 1136,2099 1110,2100 1084,2100 1059,2101 1033,2101 1007,2101 982,2102"/>
                <Baseline points="982,2125 1007,2124 1033,2124 1059,2124 1084,2123 1110,2123 1136,2122 1162,2122 1187,2121 1213,2121 1239,2121 1265,2121 1290,2121 1316,2121 1342,2122 1368,2122 1393,2123 1419,2124 1445,2126 1471,2127"/>
                <TextEquiv>
                    <Unicode>y haciendo una cortesia,</Unicode>
                </TextEquiv>
            </TextLine>
            <TextLine id="r_2_1l41" custom="readingOrder {index:40;}">
                <Coords points="971,2183 998,2183 1026,2182 1053,2182 1081,2182 1108,2182 1136,2181 1163,2181 1191,2181 1218,2181 1246,2181 1274,2181 1301,2181 1329,2181 1356,2181 1384,2182 1411,2183 1439,2184 1466,2185 1494,2186 1522,2188 1522,2154 1494,2152 1466,2151 1439,2150 1411,2149 1384,2148 1356,2147 1329,2147 1301,2147 1274,2147 1246,2147 1218,2147 1191,2147 1163,2147 1136,2147 1108,2148 1081,2148 1053,2148 1026,2148 998,2149 971,2149"/>
                <Baseline points="971,2172 998,2172 1026,2171 1053,2171 1081,2171 1108,2171 1136,2170 1163,2170 1191,2170 1218,2170 1246,2170 1274,2170 1301,2170 1329,2170 1356,2170 1384,2171 1411,2172 1439,2173 1466,2174 1494,2175 1522,2177"/>
                <TextEquiv>
                    <Unicode>saqué arqueando mi brazo,</Unicode>
                </TextEquiv>
            </TextLine>
            <TextLine id="r_2_1l42" custom="readingOrder {index:41;}">
                <Coords points="974,2230 1000,2231 1026,2231 1052,2231 1079,2231 1105,2230 1131,2230 1157,2229 1184,2229 1210,2228 1236,2228 1262,2228 1289,2228 1315,2229 1341,2230 1367,2232 1394,2234 1394,2200 1367,2198 1341,2196 1315,2195 1289,2194 1262,2194 1236,2194 1210,2194 1184,2195 1157,2195 1131,2196 1105,2196 1079,2197 1052,2197 1026,2197 1000,2197 974,2196"/>
                <Baseline points="974,2219 1000,2220 1026,2220 1052,2220 1079,2220 1105,2219 1131,2219 1157,2218 1184,2218 1210,2217 1236,2217 1262,2217 1289,2217 1315,2218 1341,2219 1367,2221 1394,2223"/>
                <TextEquiv>
                    <Unicode>afiancé mi sombrero,</Unicode>
                </TextEquiv>
            </TextLine>
            <TextLine id="r_2_1l43" custom="readingOrder {index:42;}">
                <Coords points="966,2281 992,2281 1018,2281 1044,2281 1070,2281 1096,2280 1123,2280 1149,2280 1175,2279 1201,2279 1227,2279 1253,2279 1280,2279 1306,2279 1332,2280 1358,2280 1384,2282 1410,2283 1437,2285 1437,2251 1410,2249 1384,2248 1358,2246 1332,2246 1306,2245 1280,2245 1253,2245 1227,2245 1201,2245 1175,2245 1149,2246 1123,2246 1096,2246 1070,2247 1044,2247 1018,2247 992,2247 966,2247"/>
                <Baseline points="966,2270 992,2270 1018,2270 1044,2270 1070,2270 1096,2269 1123,2269 1149,2269 1175,2268 1201,2268 1227,2268 1253,2268 1280,2268 1306,2268 1332,2269 1358,2269 1384,2271 1410,2272 1437,2274"/>
                <TextEquiv>
                    <Unicode>me lo quité de porrazo,</Unicode>
                </TextEquiv>
            </TextLine>
            <TextEquiv>
                <Unicode>sin hacer de nadie caso;
me encontro mi tia Juana,
que es la que guisa los callos,
y mirandome de pronto
me ha dado un fuerte gritaz»;
me dijo: Policarpito,
bendito sea este muchaho,
Dios te libre de viruelas,
tambien de mal colorado,
bendito sea mi sobrino.
Con esto tieso, é hinchado,
caminaba yo adelante,
en la puerta me he parado
en la que nombran Baeza,
y á poco tiempo y espacio,
me largué hacia un Melonar,
que está poco retirado,
allí vi, que una zagala,
si me he quedado pasmado,
era una muger Señores,
tan hermosa, y de tal gareve
que me parece imposible,
que en ningun Cabo de Barrio
se encuentre otra parecida
á su talle, y garavato;
tenia puesta una cinta
de teletón nacarado,
y en el pecho un gran pañuelo,
su color era encarnado,
sus guardapies, segun vide,
era rico Calamaco,
y con aquestos reflejos
cada vez me iba acercando
porque via, que ella sola
estaba, y nadie á su lado:
llagué en fin, muy poco á poco,
asi como andan los majos,
embozado hasta los ojos,
en forma de Jerezano.
y haciendo una cortesia,
saqué arqueando mi brazo,
afiancé mi sombrero,
me lo quité de porrazo,</Unicode>
            </TextEquiv>
        </TextRegion>
    </Page>
</PcGts>
