1737 2508
447 309 1491 496 CODICILO.
249 613 888 664 Despues que yo Dios y Hombre,
252 660 758 711 Criador de tierra y cielo,
250 708 689 753 en el Cenáculo Santo
247 755 682 802 acabé mi testamento:
242 805 631 846 Estando para morir
242 850 730 899 en la cama del Madero,
244 896 703 945 á lo ultimo de mi vida;
245 946 805 995 en mi juicio y sano acuerdo:
239 994 735 1042 Sin revocar cosa alguna
240 1042 727 1089 de mi testamento nuevo
241 1090 817 1141 para otorgar nuevas mandas
241 1138 668 1184 este Codicilo ordeno.
241 1185 816 1235 Cuanto pude le dí al hombre,
240 1234 872 1287 pues que le dí hasta mi cuerpo,
239 1281 707 1327 y aun incitado de amor
235 1329 811 1378 perdonar sus deudas quiero.
235 1377 764 1423 El primer perdon que hago
233 1426 740 1470 es á los padres primeros
224 1475 806 1523 que salgan del Limbo todos,
237 1521 798 1571 pues que yo pago por ellos.
232 1568 740 1615 Despues otorgo el Perdon
223 1615 714 1665 á la negacion de Pedro,
225 1664 782 1716 pues que llorando su culpa,
220 1712 657 1757 me dejará satisfecho.
222 1761 718 1808 A los demas Colegiales.
219 1807 781 1858 que por temor que tuvieron
225 1856 747 1903 de mis contrarios,cercado
217 1903 720 1952 me dejaron en el Huerto,
213 1951 700 1999 los perdono,porque fué
216 1998 750 2049 voluntad del padre Eterno
212 2048 738 2096 y les mando lo siguiente,
219 2095 831 2147 que es darles de lo que tengo:
208 2144 721 2192 A Pedro, Andres y Felipe
976 631 1550 683 mando, cual este un Madero,
972 682 1534 730 para que muriendo en Cruz
978 731 1468 777 pueden vivir ab Eterno
969 779 1516 828 A Juan le mando una Tina,
975 827 1498 876 y á Bartolomé un Pellejo,
969 873 1474 921 á los demas su martirio,
969 924 1471 969 y á todos juntos el Cielo.
965 971 1457 1014 A los que me crucifican
969 1019 1523 1066 mando mis brazos abiertos,
972 1066 1632 1120 que aunque pueblo inobediente,
960 1115 1531 1161 ruego á mi Padre por ellos.
971 1164 1490 1210 Y mis ropas desde ahora
959 1213 1410 1250 á los sayones entrego
967 1259 1476 1300 en pago de aquel trabajo
960 1308 1540 1354 que en maltratarme tuvieron.
955 1356 1489 1398 A Longinos, porque abrió
953 1403 1490 1449 mi costado con un hierro,
958 1452 1418 1494 este yerro le perdono,
961 1500 1442 1541 y le mando vista luego.
952 1548 1469 1588 Al santo Ladron perdono
964 1595 1532 1640 por el valor de un momento,
960 1643 1408 1682 y al otro por negativo,
951 1690 1463 1733 como á Judas le condeno.
952 1739 1425 1781 A Elena, la Reina Santa
954 1785 1525 1830 dejo la cama en que duermo:
949 1831 1444 1876 empero doscientos años
947 1879 1482 1924 quiero que pasen primero.
948 1928 1484 1971 Mando á mi querida Madre
947 1976 1465 2019 tres dias de desconsuelo:
945 2023 1525 2069 y en todas las demas mandas
936 2073 1447 2114 me refiero al testamento
944 2118 1518 2165 Y á mi Padre In manus tuas
936 2168 1500 2214 commendo Spiritum meum.
764 2207 1038 2373 FIN.
