1740 2460
124 224 599 262 y que ya de mi partida
126 275 706 310 tanto se apresura el tiempo:
119 322 592 358 Otorgo lo que contiene
124 372 602 405 este testamento nuevo,
120 415 562 454 y desde la fecha de él
126 465 602 501 anulo y revoco el viejo,
127 511 605 549 Y mando primeramente
130 562 670 598 el alma á mi Padre Eterno,
123 607 633 645 en cuyas piadosas manos
127 656 639 693 mi Santo Espiritu ofrezco.
120 704 569 741 Al venturoso sepulcro
120 751 613 789 mando mi divino cuerpo,
119 799 657 836 de donde con mayor gloria
119 846 587 884 resurgirá el dia tercero
127 896 656 932 Manos y pies á los clavos,
126 945 644 981 á la aguda lanza el pecho,
123 994 588 1029 la cabeza á las espinas,
121 1040 643 1077 y todo junto á un madero.
127 1086 655 1126 A Judas mando desgracia,
128 1135 690 1174 las llaves del cielo á Pedro,
120 1180 645 1221 á Juan por ser mi querido
119 1230 659 1268 á mi madre lo encomiendo.
124 1277 652 1317 Item mas, hago una manda
124 1327 658 1365 de Redencion á los presos
124 1372 757 1413 que en el Limbo están cautivos
126 1421 679 1460 y esperan mi advenimiento.
125 1471 738 1509 Y por lo que quiero al hombre,
122 1521 685 1556 pues por darle vida muero,
126 1568 610 1604 lo hago de mis haberes
127 1618 528 1655 universal heredero.
855 219 1284 256 por sucesor le señalo
851 267 1344 306 del Mayorazgo del Cielo,
860 317 1312 352 donde sea participante
852 364 1420 401 de los bienes que alli tengo.
854 410 1300 448 Y por faltarle la edad
860 461 1268 497 para poder poseerlo,
854 508 1382 544 hasta que cumpla los años
857 557 1462 592 que por mi le están dispuestos
854 602 1376 640 viéndolo pobre de bienes,
859 650 1338 687 quiero dejarle alimento
857 700 1390 735 con que pueda sustentarse
852 747 1477 783 mientras que viva en destierro.
854 796 1360 830 Mi carne y sangre le doy,
860 842 1416 877 y digo, que mando y quiero
858 889 1351 926 que no se le ponga tasa
854 935 1390 974 en lo que toca al sustento.
851 986 1389 1023 Y porque mejor se cumpla
852 1034 1332 1072 aqueste mi testamento,
851 1082 1332 1118 á todos mis Sacerdotes
859 1129 1314 1166 por mis Albaceas dejo.
858 1178 1306 1214 Es fecho en jerúsalen:
856 1225 1372 1262 en el fin del mes tercero,
854 1274 1400 1312 pasados treinta y tres años
852 1322 1350 1358 del Sagrado Nacimiento.
856 1370 1344 1407 Presentes doce testigos
857 1417 1290 1457 del Soberano Colegio.
855 1467 1390 1504 Y los cuatro Evangelistas,
851 1515 1408 1553 como Escribanos del Cielo,
851 1563 1366 1600 en sus Escrituras Santas
860 1613 1393 1649 den fé y testimonio de ello.
710 1943 934 2097 FIN.
