1765 2512
420 189 1191 346 ROMANCE
215 362 1385 522 DE UN ALMA CONTRITA.
142 646 662 686 Penas en llanto desechas
106 697 639 736 del curso de sangre yagua
107 744 605 784 que de su costado vierte
103 794 667 831 el que lo abrió para el alma;
103 840 579 879 es mi alma ciertamente
93 887 603 927 mas que vosotras helada,
98 934 697 975 pues ablandais vuestro pecho,
101 983 676 1023 y ella su pecho no hablanda,
101 1031 563 1073 parece que, alma teneis,
97 1080 651 1123 y que al alma alma le falta,
105 1124 788 1168 pues llorais viendo á Dios muerto
107 1175 603 1217 y no llora quien le mata.
96 1224 676 1263 Ay mi Dios, ya se enternece,
101 1269 629 1311 no lo esteis de perdonarla,
101 1316 649 1360 pues como sois tan piadoso
105 1366 663 1406 el perdonar nunca os cansa.
103 1416 569 1455 Del delirio de la culpa
110 1464 559 1503 escapé medio anegada
111 1513 557 1552 en la tabla de la Cruz,
107 1560 625 1601 que es de mi vida la tabla.
103 1604 735 1648 Ay Dios, qué me habeis sufrido!
107 1655 717 1695 mas sois Jesus, que esto basta,
106 1704 692 1745 porque en un alma que llora,
105 1752 720 1790 mal se venga quien bien ama.
101 1800 633 1839 Perdon os pido, Dios mio,
832 641 1350 679 y ya se acusa de ingrata,
836 688 1328 725 ya turbada y vergonzosa
835 738 1348 772 dice en lágrimas bañada:
832 785 1358 821 Pequé,Señor, y mis culpas
832 833 1430 870 con Vos me vengo á llorarlas;
836 882 1308 917 si os enojan cometidas,
836 929 1284 964 os desenojan llaradas.
832 977 1293 1013 Esclava fui del deleite.
829 1025 1351 1065 y por eso vuelvo errada
831 1073 1365 1108 á que me quites los yerros
842 1121 1354 1157 que me salen ya á la cara.
834 1167 1362 1205 A vuestra casa me vuelvo,
836 1216 1358 1252 aunque de pecar cansada;
836 1263 1390 1302 buscando vengo el perdon,
831 1312 1390 1350 de él tenemos los dos gana,
843 1361 1372 1398 que amais Vos y lloro yo,
844 1410 1434 1445 yo con culpas, Vos con gracia.
843 1456 1351 1494 Jesus atadme á esa Cruz,
837 1505 1420 1544 porque otra vez no me vaya,
843 1552 1338 1589 que una fiera, ó una loca
842 1601 1370 1637 muy bien parecen atadas.
843 1649 1428 1685 Metedme en casa el buen dia,
837 1697 1421 1736 que es buen dia en esta casa
842 1746 1374 1781 cuando llora un penitente,
839 1794 1427 1832 pues que los Angeles cantan.
738 2045 909 2097 FIN.
619 2337 1007 2379 CARMOMA:—1857.
191 2384 1437 2440 Imprenta de D. J. M. Moreno, calle Juan de la Cabra núm. 4.
