1737 2508
231 260 719 301 por tí vano y congojoso,
240 308 782 346 por tí me hallo sumergido,
235 354 791 395 mas por tí, clavel hermoso,
230 403 775 443 por tí me alegró y suspiro.
271 453 792 490 Por tí me veo deshecho,
234 502 746 539 por tí mi amor abrasado,
233 549 712 589 por tí nunca satisfecho,
968 253 1451 290 por tí estoy enamorado,
949 299 1491 341 por tí se abraza mi pecho.
1005 346 1503 386 Por tí soy como el olivo
961 397 1544 435 que en todo tiempo verdece,
958 446 1508 486 por tu amor estoy cautivo,
959 494 1455 535 por tí mi ternura crece,
957 542 1473 582 por tí muero, por tí vivo.
647 594 1161 632 Tengo mi amoy repartido
606 644 1175 681 entre cuatro ó cinco damas,
599 694 1109 732 yo me divierto con todas,
606 742 1185 779 y ellas conmigo se engañan.
284 791 848 828 Yo hago como que soy fino
237 841 730 881 y me manifiesto franco,
240 888 658 924 á todas las doy oido,
237 936 791 972 y á mas para darlas chasco
239 985 764 1022 tengo mi amor repartido.
291 1034 848 1069 Yo soy un tronco sin ramas
242 1082 705 1118 desde el dia que nací;
247 1131 826 1169 pero de mi amor las llamas,
241 1179 650 1215 me las apagan á mí
243 1228 816 1263 entre cuatro ó cinco damas.
1013 783 1469 823 Yo dejo correr la bola,
960 832 1438 872 á todas las dejo obrar,
962 882 1425 920 yo visto de toda moda,
967 931 1312 972 y bara disimular
961 974 1489 1023 yo me divierto con todas.
1009 1023 1521 1068 A mí todas me dan vaya
973 1073 1487 1115 ya con unas ya con otras,
971 1122 1513 1163 esperando el que yo caiga,
976 1170 1443 1212 pero pobrecistas bobas,
969 1215 1592 1261 que ellas conmigo se engañan.
661 1274 1224 1313 Que poco sabes de amores,
608 1323 1178 1361 pero de engañar bien sabes,
616 1371 1194 1409 ¡oh, qué facilmente olvidas!
608 1418 1212 1456 á quien tanto tiempo amaste!
298 1467 754 1504 Si te salen los colores
247 1516 778 1555 cuando te hago un cariño,
245 1566 913 1603 por Dios, no muestres rencores.
245 1615 740 1653 porque diré como niño:
245 1665 775 1703 qué poco sabes de amores.
295 1713 854 1747 Con razon digo que acabes
250 1760 676 1795 y mudes de parecer:
247 1810 842 1845 no te ensanches ni te alabes;
249 1858 713 1894 dices no sabes querer,
249 1906 828 1944 pero de engañar bien sabes.
1027 1455 1527 1502 Dicen que los homicidas
977 1508 1542 1551 dan muerte con gran rigor,
972 1554 1467 1599 á muchos quitas la vida
974 1606 1439 1648 enseñándoles tu amor,
981 1650 1533 1697 ¡oh qué facilmente olvidas!
1023 1698 1605 1745 Con tal desprecio arrojastes
975 1752 1415 1793 mi cariño siendo fiel;
981 1795 1574 1842 ¡oh qué mal que le pagastes
976 1845 1489 1890 con este pecho tan cruel
976 1894 1581 1941 á quien tanto tiempo amaste.
617 1995 1301 2062 CANGION GRACIOSA
390 2076 1510 2146 DE LOS AMORES DE PASCUALITA Y BARTOLILLO.
301 2195 714 2232 Ya no voy al monte
249 2244 663 2282 á ver mis corderos,
255 2294 608 2331 porque Bartolillo
980 2192 1432 2228 como es tan travieso,
973 2238 1401 2277 luego que me atisba
971 2290 1427 2326 me sale al encuentro,
