1765 2512
170 284 727 327 aunque nos vayan celando.
205 331 727 375 Todas las personas malas
161 383 759 423 que obrar quieran sin pensar,
163 432 697 470 al fin se ven despreciadas
161 480 583 522 y se vienen á quedar
169 531 695 569 por balcones y ventanas.
203 578 801 616 Aunque todo el mundo entero
164 627 683 668 por enmedio se me ponga,
893 276 1431 320 y á cada paso un tropiezo,
893 323 1437 367 y la fortuna esté en contra,
895 371 1459 414 lograremos nuestro intento.
941 419 1521 462 Aunque yo no tenga entrada
904 469 1349 509 en tu casa ó tu retiro,
899 517 1467 558 no te aflijas, prenda amada,
901 566 1456 606 que tú te vendrás conmigo,
895 614 1425 655 no pases penas por nada.
577 669 1215 713 ¿Qué quieres que haga, mibien,
545 718 1021 758 si todo en contra lo veo?
543 763 1177 806 si quiero hablarte hay mil ojos
547 813 1139 855 que impiden nuestros deseos.
216 867 785 905 No culpes, señora, á quien
171 919 620 955 no teme por adorarte,
178 967 689 1005 ni me trates con desden;
177 1014 683 1056 ¿como yo podré mirarte?
173 1060 815 1109 ¿qué quieres que haga, mi bien?
217 1111 721 1148 Es tan grande mi deseo
184 1161 684 1197 que muero por adorarte,
177 1208 734 1249 y encendido en vivo fuego,
175 1258 681 1295 ¿como podré yo hablarte
174 1304 694 1344 si todo en contra lo veo?
941 854 1445 896 Prenda mia de mis ojos,
901 908 1271 945 adorada de mi fé,
903 952 1503 993 no busques, mi vida, enojos,
907 997 1419 1041 ni me trates con desden,
904 1043 1511 1091 si quiero hablarte hay mil ojos
957 1090 1503 1138 En cualquier parte me veo
914 1143 1419 1190 anegado en mis pesares,
913 1190 1399 1238 y de que deseo el veros
916 1238 1395 1285 se presentan mil azares
917 1286 1513 1333 que impiden nuestros deseos.
591 1346 1041 1390 En la escalera la vi
556 1397 1001 1437 una tarde que bajaba;
551 1443 1119 1488 yo la dije: á Dios, mi vida,
547 1489 1145 1537 y me dijo: á Dios, mi alma.
224 1547 747 1585 La primer vez que la ví,
183 1594 616 1633 con arrojo y bizarria
192 1643 582 1682 el corazon la rendí
182 1692 641 1732 prestando luces al dia
188 1739 615 1779 en la escalera la ví.
227 1787 722 1826 Aunque libre blasonaba,
181 1836 662 1876 no desdeñaba el amor,
190 1885 704 1924 y á su beldad estremada
190 1932 810 1973 quedé esclavo, y fue en rigor
194 1983 655 2020 una tarde que bajaba.
969 1526 1455 1573 Con voluntad no finjida
919 1573 1417 1623 la dije, que á su belleza
927 1626 1375 1672 tenia el alma rendida;
923 1672 1419 1723 y al verla, sin estrañeza
917 1719 1487 1770 yo la dije: á Dios, mi vida.
975 1770 1567 1814 Como me vió en dulce calma,
922 1822 1349 1865 y que de mi libertad
921 1871 1424 1914 se llevaba ella la palma,
924 1922 1330 1960 olvidó su gravedad,
923 1963 1487 2013 y me dijo: á Dios, mi alma.
605 2023 1129 2064 Por ti me muero de amor
567 2071 1127 2117 por tí me alegro y suspiro,
571 2121 1093 2164 por tí se abrasa mi pecho
569 2167 1109 2211 por tí muero y por tí vivo.
238 2223 662 2261 Por tí padezco dolor
187 2273 791 2317 por tí apetezco y no alcanzo,
193 2323 707 2365 por tí, válgame el Señor,
923 2208 1465 2256 por tí no tengo descanso
923 2255 1455 2303 por ti me muero de amor.
965 2305 1429 2349 Por tí me veo abatido,
