1680 2448
1221 155 1425 308 (Núm. 299)
296 1093 1325 1170 TROVOS NUEVOS Y DIVERTIDOS.
164 1194 1447 1274 PARA OBSEQUIAR UN FINO AMANTE A SU BELLA DAMA.
515 1349 1094 1387 Cuando den gritos las peñas
472 1397 930 1435 y el sol deje de correr,
471 1447 1049 1484 y el agua del mar se acabe,
474 1495 892 1528 te dejaré de querer
147 1537 651 1576 Todo el mundo con idea
100 1586 530 1628 no cesa de cortejar
102 1635 694 1676 mas yo te adoraré de veras,
109 1683 494 1720 y el olvidarte será
104 1732 704 1772 cuando den gritos las peñas.
146 1780 735 1819 Aunque todo el mundo piense
106 1828 640 1871 que son vanidadés necias,
114 1876 516 1917 te dejaré de querer,
105 1926 589 1963 y eso será cuando veas
106 1976 626 2013 que el sol deje de correr.
882 1542 1382 1579 En mi corazon combate
838 1592 1266 1628 una fuerte artillería,
832 1639 1328 1678 y como es inespugnable,
836 1689 1332 1727 yo te olvidaré aquel dia,
839 1739 1463 1773 que el agua del mar se acabe.
884 1784 1336 1825 Ven acá, falsa muger,
836 1834 1306 1871 ingrata y desconocida;
831 1882 1392 1921 si piensas te he de perder,
838 1930 1326 1969 cuando fenezca mi vida
835 1979 1258 2017 te dejaré de querer.
526 2026 1061 2063 Aunque nos vayan celando
472 2076 1014 2113 por balcones y ventanas,
476 2125 1038 2162 lograremos nuestro intento,
468 2172 1006 2209 no pases penas por nada.
150 2211 708 2258 Si muchos andan buscando
114 2265 616 2311 por donde poder hablar,
835 2219 1389 2260 no desmayes, que callando
833 2271 1396 2310 nuestro fin se ha de lograr,
