1737 2508
179 190 586 222 no se forjaba pastel
179 232 721 266 que á mi casa no viniera;
177 275 731 309 fui regalada á este tiempo,
183 320 792 354 y me entregó algunas prendas
181 363 586 397 y yo le di calabazas
181 408 632 440 en pago de la fineza.
175 451 714 484 A este tiémpo me pidieron,
175 495 618 528 aqui me ataja la pena,
186 538 738 571 para un hombre que con él
181 583 600 616 era yo niña de teta;
192 625 770 660 pues daba entender su rostro.
186 670 648 705 pasaba de los noventa;
186 714 624 747 era natural de Cabra,
181 757 704 790 y decia que en su tierra
188 803 571 836 tenia tanto caudal,
183 846 703 879 y asi mis padres por esta
191 890 651 922 ocasion fueron gustosos
187 934 771 966 que el casamiento se hiciera:
189 978 653 1010 y yo tambien codiciosa
185 1021 730 1055 el sí di con gran presteza;
184 1064 683 1099 aprestan mi casamiento,
185 1109 609 1144 hubo júbilos y fiestas,
189 1154 712 1187 en fin casé con un bulto,
185 1197 585 1232 que para cosita era.
188 1242 718 1274 La primer noche de novios
191 1285 704 1319 le hizo muy mal la cena,
191 1329 682 1363 que anduvo de bomitona
192 1372 569 1408 y se iba de vareta,
187 1419 743 1452 y aquella noche en la cama
186 1461 738 1495 lo puse de vuelta y media,
192 1506 628 1538 repasen aqueste lance
187 1549 770 1584 mientras refiero su hacienda.
191 1593 663 1625 Traía doscientas cabras
195 1637 710 1673 estampadas en las piernas,
199 1682 603 1717 una viña descepada,
195 1725 795 1761 dos mil pies de esparraguera,
196 1768 607 1804 doce mil reses tenia
197 1811 754 1851 entre el cuerpo y la cabeza,
196 1855 722 1894 trajo en dinero mil pesos,
200 1901 744 1937 mas estos fueron de deudas:
200 1943 599 1979 salia por la mañana,
202 1987 730 2026 venia á las once y media,
199 2028 627 2069 y porque no le tenia
193 2074 554 2109 aderezada la mesa
197 2118 698 2158 me daba de puntillones,
203 2163 642 2201 me tiraba las silletas,
200 2206 639 2243 y si algo le respondia
201 2252 844 2293 me armaba un baile de cuenta,
916 185 1569 219 mas quiso Dios que á este tiempo
913 229 1378 262 mi esposo malo cayera:
919 274 1456 306 viéndose malo en la cama:
914 317 1452 351 mandó llamar un Albeitar,
913 362 1390 395 el cual vino á visitarlo,
907 405 1394 438 y luego al punto receta
906 448 1569 481 que se le dé una uncion fruerte
914 493 1454 525 desde el tobillo á la oreja,
911 536 1442 567 y en el estómago un paño
907 580 1485 612 mojado en leche de higuera,
915 623 1428 657 y que hiciese testamento,
915 667 1415 700 y que su alma prevenga.
917 710 1414 744 Vino al fin un Secretario,
913 756 1345 789 sentóse á la cabecera,
912 800 1364 834 hizo la Cruz y empezó
918 842 1394 878 diciendo de esta manera:
911 887 1384 923 Digo yo Pedro Corrucho,
915 931 1443 966 de Parra, Gil y Contreras,
913 975 1351 1009 hijo natural de Cabra,
917 1019 1402 1054 descendiente de Guinea,
913 1063 1421 1099 nieto de Pedro Camacho,
919 1105 1490 1147 y Laura Sanchez mi abuela:
916 1152 1557 1190 mando, si muero, me entierren,
920 1195 1338 1230 y para esta diligencia
915 1240 1473 1279 mando que al punto se haga
915 1283 1327 1321 una caja de madera.
914 1326 1470 1364 Item mas, que se me digan
916 1371 1492 1410 mil misas; si hay para ellas:
914 1414 1418 1452 doce mil reses que tengo
924 1458 1444 1496 dos mil dejo á mi Vicenta
916 1499 1352 1542 en aquel jugon raido
919 1545 1481 1585 con las mangas de jergueta,
928 1591 1481 1630 que lo heredé de mi abuelo,
925 1634 1517 1671 que Dios en su gloria tenga.
915 1677 1480 1716 Item mas, que las diez mil
923 1720 1503 1761 se pongan al punto en venta
923 1765 1427 1804 para las misas y entierro,
923 1809 1405 1847 sepulcro, mortaja y cera.
919 1852 1441 1891 Docientas cabras que tengo
928 1897 1411 1934 se las dejo á mi Vicenta,
919 1940 1442 1978 de esto no se debe nada,
930 1984 1486 2022 que con mi sudor y agencia
935 2028 1461 2066 las gané con gran trabajo
923 2072 1429 2112 á el amor da la candela.
931 2116 1439 2157 Una capa tengo en corte
930 2161 1527 2202 por lo que vale en la tienda:
936 2204 1357 2246 ésta mando se le dé
929 2250 1428 2292 en largando sus monedas
