1765 2512
156 190 644 224 pues no venian al mundo
152 233 640 270 que ya yo no las tuviera.
152 277 664 315 Siempre estaba aderezada,
142 319 595 356 mi mayor cuidado era
146 363 624 404 irme á mirar al espejo,
146 407 706 448 y el asomarme a la puerta,
141 450 668 489 no tanto por ver la calle
144 494 736 536 como porque á mi me vieran.
148 539 610 577 Cruzábanse los papeles,
144 583 580 620 los regalos y finezas;
146 628 551 662 pero yo me estendía
146 671 696 711 como verdolaga en huerta,
143 716 608 751 y viendo que se pasaba
145 758 671 798 de mi niñez la flor tierna
145 804 591 838 pretendi tomar estado
143 846 652 886 como lo manda la iglesia,
142 893 676 929 y por ser los pretendientes
146 933 661 972 tantos, que ár nadie le pesa
144 977 664 1016 el ser querida de muchos,
144 1022 608 1059 eché la línea á mi idea
148 1066 646 1103 para buscar entre tantos
144 1109 706 1149 hombre que falta no tenga.
142 1153 673 1191 En fin, vine á enamorarme
145 1197 710 1238 de un mancebo de la tierra,
138 1241 666 1279 a este quise cuatro meses
152 1286 630 1325 por su gala y gentileza,
147 1330 657 1368 mas le descubrí una falta
141 1372 642 1416 que me lo dijo una vieja,
141 1416 478 1454 amigo de visitar
143 1462 576 1498 bodegones y tabernas.
138 1505 760 1547 Despues quise á uno del campo;
142 1552 686 1588 pero aunque del campo era,
144 1593 683 1636 muy galan por su persona,
142 1639 632 1678 gran tocador de vigüela,
142 1680 632 1722 buen músico y bailador;
140 1726 666 1766 mas le descubrí otra tecla,
141 1768 670 1810 que era vano y presumido,
142 1816 631 1852 y amigo de francachelas.
141 1856 708 1899 Despues quise á un zapatero,
148 1900 640 1942 cosa de semana y media;
140 1944 594 1982 á este le dejé tambien
145 1990 688 2030 por causa no muy pequeña,
146 2036 641 2072 porque era calvo y tiñoso
141 2080 551 2113 y picado de viruelas.
140 2121 712 2164 Despues de esto un fundidor,
144 2167 656 2206 me quiso con tales veras,
147 2213 748 2252 que me dió á entender su amor,
140 2257 584 2293 con dádivas y finezas;
869 196 1319 231 yo le vine á dar el sí
878 240 1340 275 para casarme resuelta;
879 283 1312 318 mas un dia que logré
872 327 1408 362 la ocasion de verlo cerca
876 371 1401 406 reparé que eran sus ojos
884 415 1384 451 dos barriles de manteca,
878 459 1322 492 sin maldita la pestaña
880 503 1328 535 ni cosa que lo valiera.
886 548 1432 585 Quise despues á un barbero,
879 591 1327 624 y me quiso de manera,
884 635 1420 668 que andaba por mí penando:
880 679 1416 714 mas yo lo saqué de penas,
872 723 1441 757 que por ser tuerto de un ojo
880 766 1384 800 lo despaché que se fuera.
884 811 1450 846 Quise á un oficial de armero,
880 855 1382 888 mas esta me salió buena,
884 899 1414 933 porque una noche traspuso
870 942 1406 977 y me llevó alguas prendas.
882 987 1400 1021 Quise un oficial de ollero,
865 1031 1355 1068 y como su oficio quiebra,
880 1074 1360 1109 yo le quebré la palabra,
869 1120 1501 1151 que en la muger no hay firmeza.
886 1163 1462 1197 Quise á un oficial de herrero,
869 1208 1425 1240 y una tarde que á mi puerta
871 1252 1253 1285 estaba, lo ví venir
867 1295 1403 1329 con los pies haciendo zetas,
871 1338 1340 1372 haciendo mil carabanas
876 1383 1392 1418 como medidor de tierras,
873 1426 1480 1461 y tras de él dos mil muchachos,
870 1471 1364 1505 tirando nabos y piedras,
875 1514 1320 1549 dejélo por esta causa.
872 1558 1404 1593 Quise tambien á un Poéta,
873 1601 1329 1638 y como son tan astutos,
870 1647 1338 1680 me puso una mala pieza,
869 1689 1411 1724 porque me dejó el taimado
867 1733 1372 1768 antes que lo aborreciera.
866 1779 1442 1813 Me pretendió un Carpintero,
867 1822 1343 1856 pero fué cosa de fiesta,
874 1865 1425 1900 que lo eché con los diablos
879 1910 1390 1944 por tener la boca tuerta.
870 1955 1474 1988 Despues quise á un Panadero,
867 1999 1345 2031 y sin duda con el fuera
874 2043 1296 2075 mi casamiento, si yo
872 2087 1312 2119 en su casa conociera
868 2131 1225 2164 se queria levantar
869 2174 1416 2208 con el pan y las manceras.
868 2217 1464 2252 Despues quise á un Pastelero,
879 2261 1541 2296 es muy cierto que en su tienda
