1765 2512
202 187 713 229 á un sobrinito que, tengo
200 234 782 273 que está viviendo en Espera,
210 278 781 317 que quiere tanto á su padre
203 320 846 364 como á un gran dolor de muelas.
196 365 714 405 De deudas dejo, mil pesos,
206 408 812 452 que dejar es aunque en deuda,
203 452 694 491 mando que se depositen
208 498 668 535 para una pobre doncella
208 541 630 581 sobrina mia que dice
209 584 797 626 que ha de ser Monja profesa.
207 628 703 668 Dos tios mios que tengo
205 672 714 713 nombro por mis Albaceas,
211 716 740 757 uno es Verdugo en Toledo,
208 759 740 801 otro es Pregonero en Teba:
203 803 692 844 el testamento no abran
204 846 716 889 hasta tanto que yo muera.
208 892 714 935 En fin murió mi querido,
203 935 679 974 y llevándolo á la Iglesia
206 981 646 1019 cantandole los Oficios,
209 1024 731 1065 al decir Requiem eternam
208 1066 652 1106 se sentó sobre la caja
210 1110 630 1149 rascándose la cabeza.
204 1155 672 1197 El Cura largó el hisopo,
214 1199 766 1242 el Sacristan la Cruz suelta,
209 1244 699 1282 y como unos torbellinos
216 1287 654 1325 todos á huir aprietan:
211 1332 690 1372 trajéronmelo á mi casa,
214 1377 708 1414 ¡ó nunca el acá viniera!
209 1419 780 1461 Sanó en fin de sus achaques,
209 1465 728 1504 ay qué dolor y que pena;
213 1508 671 1544 pues cada dia me daba
210 1550 790 1591 seis sobas por buena cuenta;
208 1597 867 1637 mas quiso Dios que á este tiempo
212 1639 730 1679 ó su dicha mala ó buena,
214 1685 844 1726 que fué un dia á un campanario,
924 198 1404 234 se cayó de la escalera,
933 242 1424 278 se partió por la cintura,
934 285 1479 322 y se quebró ambas piernas;
926 328 1458 366 se le desconsertó un brazo,
931 371 1389 408 y se lastimó una oreja,
935 417 1431 449 él que era tuerto y tiñoso
940 461 1512 495 quedó cemo en una huerta:
932 504 1472 541 fué á curarse á un hospital,
928 548 1497 586 y yo haciendo mil promesas
935 592 1434 624 porque Dios se lo llevase
940 636 1478 672 para dar vado á mis penas,
935 679 1527 716 pregunté á un hombre por él,
936 724 1402 758 dijome que muerto era,
938 767 1486 802 á Dios le dí muchas gracias
931 811 1463 846 por verme ya sin su deuda;
938 855 1436 889 cuando estaba descuidada
936 899 1508 935 lo ví entrar con dos muletas,
935 943 1388 976 y sin aguardar razones:
934 987 1484 1023 porque me halló compuesta,
936 1031 1420 1063 me disparó un muletazo
939 1075 1490 1110 que me abrió media cabeza,
939 1118 1499 1152 mas viendo que en el vivir
941 1162 1360 1196 era como la culebra,
938 1205 1530 1244 lo ahogué entre los colchones,
940 1249 1470 1287 Dios en el Cielo lo tenga,
937 1294 1363 1326 y lo tenga tan tenido
935 1337 1492 1374 que hunca mas acá vuelva,
937 1380 1576 1417 que hombre que ha sido tan malo
938 1424 1526 1461 no es bien que pise la tierra.
940 1469 1410 1502 Esta en fin la causa es
944 1513 1434 1546 de mi congoja y tristeza:
937 1557 1431 1590 y ahora el autor rendido
942 1601 1416 1633 á las Señoras doncellas
942 1647 1456 1679 las encarga en esta plana
943 1692 1521 1726 que tomen alguna enmienda.
839 1872 968 2026 FIN.
718 2204 1114 2241 CARMONA:—1855,
339 2253 1516 2291 Imprenta de D. José María Moreno, Descalzas. núm. 1.
