1737 2508
1325 102 1539 253 Núm. 190.
522 1124 1386 1278 CURIOSO ROMANCE,
254 1324 1656 1389 en que se declara la historia de los quince no-
319 1397 1597 1460 vios y once amores nuevos que tuvo una
636 1469 1279 1526 Señora de Andalucía.
303 1627 796 1661 Puesto que me preguntais
251 1670 759 1705 la causa de mis tristezas
251 1717 712 1749 no quiero ser porfiada,
260 1761 815 1793 ni que de mí tengais queja.
251 1804 737 1837 Escucha, Auditorio mio,
253 1849 764 1880 atended nobles doncellas,
263 1893 815 1924 las que sabeis que es amor,
259 1934 902 1968 las que os preciaís de discretas
264 1978 778 2011 las que andais al escoger
251 2025 844 2055 sin hallar cosa que os venga,
257 2067 782 2099 haciéndole cara á muchos
258 2111 703 2144 por diferentes maneras
256 2156 710 2188 os referiré mi historia,
270 2199 738 2231 vereis una copia misma
263 2244 813 2276 de los once amores nuevos
977 1623 1434 1654 sin palabra ni firmeza;
980 1665 1511 1698 no quiero decir mi patria
988 1709 1570 1742 ni mi origen, que es afrenta,
986 1752 1459 1786 solo diré que desciendo
991 1798 1466 1830 de muy noble parentela.
985 1841 1474 1875 Criéme con gran regalo
981 1885 1418 1919 sobrábame la riqueza,
991 1929 1532 1963 porque era sola en mi casa,
989 1974 1359 2007 y como única, era
988 2017 1512 2050 el benjamin de mis padres,
988 2062 1502 2095 su norte, guia y estrella;
987 2105 1560 2138 siempre me estaban mirando
985 2149 1522 2183 por ver si estabá contenta;
991 2194 1492 2227 era muy vana por galas,
982 2238 1488 2276 y en los usos la primera,
