1765 2512
104 339 617 377 Y porque en junto sepamos
103 387 643 424 de nuestro gran Padre Cristo
109 436 495 473 los pasos de la Pasion
101 484 637 522 (segun los Santos han dicho)
104 533 516 569 fueron siete las caidas
107 579 602 616 desde aquel Huerto florido
107 627 543 664 de Getsemaní, á la Casa
107 675 597 713 de Anas, Pontífice indigno:
108 722 608 761 los puntapies fueron ciento
107 771 633 810 y cuarenta y cuatro mismos
107 819 577 856 ciento veinte las puñadas
106 867 556 903 sobre su Cuerpo Divino:
112 913 532 951 bofetadas ciento y dos
112 961 569 999 en aquel Rostro afligido:
112 1008 611 1048 los golpes del Pecho fueron
113 1057 674 1096 veinte y ocho (ay JESUS mio!)
107 1107 603 1147 y en las espaldas ochenta:
111 1155 517 1190 setenta veces han sido
109 1202 610 1240 y ocho mas las que tiraron
115 1249 499 1287 de la soga los judios:
113 1297 579 1334 y trescientas y cincuenta
119 1346 514 1381 veces con rigor impío
111 1393 489 1431 repelaron el cabello
119 1441 534 1479 de la Cabeza de Cristo:
111 1489 505 1528 setenta veces tiraron
119 1537 603 1574 tambien los pelos benditos
121 1585 612 1623 de aquella Sagrada Barba,
119 1632 599 1672 que tan venerable ha sido:
123 1680 555 1718 los azotes que le dieron
118 1728 601 1767 sobre su espalda atrevidos
121 1777 510 1816 pasaron de cinco mil.
121 1824 595 1864 Llegó en aqueste conflicto
118 1872 566 1912 al tránsito de la muerte
127 1921 573 1959 tres veces (ó Padre mio!)
122 1970 564 2010 y la Corona de Espinas
127 2018 586 2055 de mil punzadas ha sido:
127 2064 571 2104 Tres veces en tierra dió
119 2114 621 2153 con la Cruz por el camino;
758 332 1193 371 fue su Corazon Sagrado
758 380 1274 418 cubierto (segun se ha escrito)
751 429 1269 465 con setenta y dos angustias,
751 476 1202 514 Escupieron los malignos
753 523 1183 561 en su Santisimo Rostro
749 571 1236 609 setenta y dos veces: quiso
749 619 1131 659 por nosotros padecer
759 666 1197 703 tormentos tan escesivos.
750 715 1196 751 Al enclavarle en la Cruz
751 761 1218 799 las manos con el martillo
753 810 1306 848 veinte y seis golpes le dieron;
762 857 1344 894 treinta y seis á los pies mismos,
759 905 1195 941 y en la Sagrada Pasion
754 952 1268 989 dió ciento y nueve suspiros:
766 999 1266 1037 tuvo en su Cuerpo Sagrado
764 1048 1262 1085 (segun lo que hallo escrito)
764 1095 1214 1133 cinco mil y cuatrocientas
765 1144 1245 1181 y aun mas setenta y cinco
764 1192 1223 1229 heridas chicas y grandes
762 1239 1240 1277 en todo su cuerpo mismo,
763 1288 1211 1324 sin las mil de la Cabeza:
764 1334 1271 1373 las gotas de sangre han sido
772 1383 1222 1420 doscientas y treinta mil,
769 1430 1278 1469 que de su cuerpo ha vertido
771 1479 1230 1517 Las lágrimas de sus ojos
771 1526 1261 1564 fueron segun he entendido
772 1573 1272 1612 seiscientas mil y doscientas
768 1622 1308 1660 por nuestros pecados mismos.
776 1671 1154 1707 Bendito seais, Señor,
772 1719 1140 1757 amado Dios infinito,
774 1766 1253 1805 que por el hombre pasaste
779 1813 1231 1852 tantas penas y martirios.
774 1860 1255 1901 Cristiano pues de mi labio
776 1909 1244 1949 la pasion Santa has oído,
778 1956 1185 1997 el Acto de Contricion
779 2002 1249 2045 hazlo en tu pecho contrito
775 2053 1159 2098 y pidele á Dios en el
775 2102 1281 2144 perdon de nuestros delitos.
690 2360 826 2398 FIN.
859 2464 917 2500 CARMONA: 1858.
