1765 2512
304 162 801 203 un frio por la barriga....
311 216 796 259 y despues que se guiyó
304 271 752 312 como estaria yo José
307 328 810 370 que el verla me pareció;
303 383 859 424 y era la sombra que el sol
308 438 726 478 me jacía en la paré.
330 492 889 536 ¿De donde es?—Garitana,
311 546 823 591 de barrio é Santa Maria,
310 603 928 646 mas reonda que una mansana,
304 657 848 700 sabiendo mas que Triana:.
305 713 784 753 con la sal é Andalusía.
311 765 927 808 —Es branca?—Como un papé.
308 816 904 867 —Y querenciosa una grama,
305 878 720 919 y con un pelo! José,
312 931 760 975 mas caracole hay ené
311 989 891 1031 que pué abé en una retama.
311 1044 745 1086 Tiene los ojos de so,
303 1098 803 1138 los cachete de amapola
307 1153 879 1198 ¿y er pecho? hasta hay yego
309 1209 774 1250 ¿y su caraiter? de cola.
307 1263 732 1302 Y si la oyes un rato
307 1318 758 1359 te queas por un Dibé
311 1373 808 1415 como tres en un sapato;
303 1428 735 1469 mas pegao á la paré
316 1482 863 1524 que un eartelon de treatro,
313 1537 863 1582 —En la corría habrá estao.
312 1591 848 1638 No que no iría, cabales,
307 1647 786 1689 con su pañolon bordao
305 1702 708 1747 y su trage colorao,
315 1760 824 1800 con mas de mil faralaes,
317 1810 937 1855 —Oye que te dijo er lebrijano
312 1870 766 1909 cuando al toro capcé?
345 1922 894 1969 —No mire oste á esa mugé,
313 1978 860 2022 ó le tiendo á osté la mano.
354 2032 848 2076 Y tu que le fjites?Ná.
306 2088 816 2134 Lo pincharé de soslayo
317 2145 902 2190 miré pa Soleá,
1038 161 1572 209 y me gorví como un rayo,
1029 215 1444 259 al berrendo á capeá.
1035 266 1591 313 —Y no lo has visto ar salí?
1069 322 1572 371 Al subirme en la calesa,
1031 377 1630 426 y er tambien me guipó á mi,
1032 431 1465 479 me meneó la cabeza.
1036 487 1517 535 Y en jablándole á Soleá
1035 544 1483 587 y ar verme vení paquí
1039 600 1596 643 mos vamos con la cuadriya
1036 655 1652 697 que en la tienda é Curro está
1032 709 1394 752 reunía pa selebrá
1036 765 1576 808 la funcion con mansaniya.
1042 818 1706 860 Frasquiyo—Dios te guarde, Soleá
1059 875 1642 919 —Que tar?—Tan bien mugé,
1045 927 1570 973 —Oye te jiso algo el roro,
1042 983 1526 1025 Jesú! cuanto me asusté!
1065 1038 1626 1080 —Que me habia á mi é jasé,
1035 1094 1571 1133 estando tú cuerpo é oro.
1037 1149 1494 1192 Junto á tí mi corazon,
1039 1204 1590 1245 me paesen los toros asuca;
1033 1258 1495 1300 y mato de un gofeton,
1040 1313 1560 1354 desde er beserro mamon,
1041 1368 1533 1411 jasta er toro de Sanluca,
1039 1423 1615 1464 Poique en viendo tu presona
1039 1478 1603 1520 los toros me paesen mona,
1043 1532 1589 1575 y er gentío un jormiguéro.
1041 1585 1593 1631 que de una patá, gachona!
1043 1645 1601 1685 juy! le junto en su agujero,
1039 1698 1539 1736 —Oye que te ijo Perico?
1043 1752 1280 1795 =A mí? ná.
1044 1805 1534 1848 Po er moso se á lusío
1047 1862 1591 1906 carambal pase querío.
1049 1918 1590 1962 pa poné una banderiya
1043 1974 1495 2017 toita la plaza la triya
1047 2030 1457 2071 y á la fin sale juío.
1045 2084 1586 2123 Po to ése moso tu paré
1050 2143 1549 2183 te quié dá.
