1752 2480
67 217 499 259 bien se lia la muleta.
61 269 659 316 y entra en lo rubio la espá...
102 326 592 367 Po señó escucha inglé,
59 380 505 423 lo que te voy á contá:
60 435 607 479 En Parí de Francia una vé,
56 489 507 533 fueron á jasé, camará
64 545 451 589 una corria, ja.. ja..
65 601 523 646 persaron que era jase,
63 656 424 698 un tariyo é pomá.
58 702 682 755 Fueron seis toros endinos
68 766 628 809 de aquellos salamanquinos;
67 819 592 865 por que alli no los había
67 876 641 919 bravo, y se armó la corria...
59 930 536 974 Salieron toitos vestios,
59 985 603 1031 de frasque mu presumios,
63 1041 599 1087 no los toros, los franceses;
71 1096 599 1143 con sus guantes mu pulio;
64 1151 627 1198 ¡miste guantes pa las reses,
68 1206 616 1255 cuando estaban en la plasa
72 1263 490 1309 el que jiso cabesera
63 1318 576 1364 los puso á toos en jilera;
68 1373 643 1419 no reirse que no es guasa...
119 1427 750 1473 Aun le ijo tu será musiu piqué,
66 1485 471 1530 tu musiu banderiyé
74 1541 424 1584 y tu musiu maté.
66 1595 518 1640 Po señó sonó á la fin,
63 1650 617 1698 no creas tu que fué clarin
74 1706 541 1751 er que tocaron al toro,
71 1762 639 1809 pa que fuea con mas ecoro,
71 1817 479 1860 tocaron un vigulin.
68 1871 709 1916 Po señó salió el primero retinto
71 1926 545 1973 camará y que laberinto
783 215 1382 256 cuando er toro vió al francé
783 269 1400 311 le envistió y fué á los quinto
792 323 1242 368 el seño monsiu piqué,
789 378 1336 424 fué ar segundo y lo borcó,
790 437 1328 475 fué ar tersero y lo majó...
789 480 1396 529 Allí metió los pitones
792 544 1338 585 á este le abre los carzones,
789 601 1333 642 y aquel las tripas le pasa,
789 657 1268 695 y entre siquirí y nones,
792 711 1258 750 se quearon en la plasa
791 766 1366 807 mas de quinientos fardones.
792 822 1214 862 Toita le gente se fué
787 877 1308 918 dejando sobre er reondé,
794 933 1300 976 á musiu piqué roncando,
795 987 1232 1027 con musiu banderillé
793 1043 1268 1083 y musiu maté llorando.
891 1096 1477 1138 Dolores que me ise usté á mí?
797 1152 1062 1193 so real tonta
795 1208 1283 1249 chavo jido, piensa osté
796 1265 1164 1305 que yo soy sorda?
800 1320 1346 1361 si me quie osté dá cangelo
796 1375 1332 1415 no le va osté á quear pelo
796 1435 1236 1470 en esa cabesa gorda.
819 1483 1292 1528 —Y que queremos acá,
800 1541 1248 1583 no tiene osté colegío,
800 1596 1396 1638 que er santo de osté y er mio
804 1652 1258 1694 se estan dando jofetá,
809 1702 1402 1748 No me jurgue osté ar pelo,
808 1761 1268 1802 que le jago á osté así,
803 1816 1312 1855 me lo voy á este á chupá
799 1872 1359 1912 lo mesmo que un caramelo.
714 2029 856 2088 FIN.
322 2137 1163 2180 REIMPRESO EN CARMONA:=1856.
172 2192 1391 2241 Imprenta de D. José M. Moreño. Calle Juan de la Cabra, núm. 5.
