1737 2508
387 165 783 222 —Yo igo que none.
368 230 970 275 me lo ha dicho mi compare...
370 278 982 336 —Vaya á enamorá á su mare,
373 342 880 391 que lo que á mi, pitone!
364 391 754 441 Ay Soleá, Soleá,
370 447 1678 512 er tiene mucho poé con tu pare. lo que jasen los inglese
414 506 642 547 ¿Y mi qué,
361 560 801 603 lo quié mi pare casá,
371 614 819 658 po que se case co né.
364 664 1724 735 Por que mientras tu me quieras, lo mismo que asemo aquí
359 720 830 770 Frasquiyo, soy tuya yó
356 782 854 828 y con naide parto peras,
363 835 841 882 y vamos á dar carreras;
363 891 847 934 cuanto me jurgen, Saló!
389 940 889 990 —Oye, quienes ese moso?
402 995 910 1051 Es un inglé que conose,
360 1052 731 1098 aun mataó é toro.
389 1104 1024 1169 —Moso gueno, ende basté?
382 1156 922 1212 —Piqui miqui otro idioma.
350 1215 974 1269 hombe se está osté ibirtíendo
351 1270 942 1325 conmigo que estoy ardiendo
351 1331 894 1381 y no tengo gana é broma,
352 1383 776 1432 Y osté mosíto cosio,
350 1440 959 1488 pueo saber porque está aquí.
357 1491 978 1544 Yo estoy aqui... por que sí.
353 1548 752 1593 Y osté mosito barí?
401 1602 914 1653 Yo vine... porque evenio.
345 1656 737 1704 Una vé yo te quisí
349 1710 953 1764 y otra vé te estoy quisiendo.
346 1767 768 1813 el amor que te tuví
345 1822 947 1877 siempre te lo estoy tuviendo.
391 1878 828 1928 Dime tu por un Dibé,
350 1933 816 1981 la berdá purita y neta
348 1985 812 2034 é tu tierra, vamo á vé;
351 2043 831 2092 y no me jurgues inglé,
349 2095 917 2150 que me rompes la chaqueta.
338 2150 898 2208 Mira, ante de yo ser torero,
1090 184 1460 232 esio yo marinero,
1100 240 1685 296 y estube en Inglaterra
1092 295 1554 342 y lo se toito y quiero,
1092 350 1700 402 desirte lo que es tu tierra.
1089 403 1699 458 Dí que es mas barbariá
1092 512 1721 572 cuando echan á peleá
1093 566 1715 630 dó sobre los parnese.
1090 622 1554 669 Señor si tiene que vé,
1098 737 1693 790 oye con un poyo inglé;
1089 794 1718 835 asen eyo por ayá con hombre.
1085 845 1688 894 Le dan casne y aguardiente,
1089 897 1699 958 en fin le hacen engordá
1089 955 1725 1016 y asi que está listo ya
1090 1013 1723 1073 pué, se reune la gente
1090 1068 1731 1127 y lo echan á peleá...
1138 1120 1719 1181 Ayí gritan, arbeyana!
1079 1177 1731 1239 aquí, pepitas tostá!
1081 1231 1703 1292 es la cosa mas gitana
1091 1287 1697 1346 que jiso la soberana
1080 1338 1518 1389 mano de la eterniá...
1127 1396 1715 1450 Ya está er torito en la plasa,
1080 1449 1721 1517 Dios mio que batacaso,
1087 1505 1705 1571 que corná, que paletaso,
1080 1563 1731 1628 y entre cien mil picardia
1084 1616 1731 1682 salen los banderiyero,
1078 1670 1717 1734 biene er toro, juy! salero;
1072 1727 1713 1790 que lo cogió, perocomo,
1076 1782 1721 1847 le puso á topa carnero
1076 1835 1724 1899 dos pares ensima er lomo...
1070 1890 1667 1954 Toro aquí paso sobrao
1071 1948 1588 1995 guerve er toro y se tapa;
1074 2004 1620 2049 y quea er vicho á tortolao.
1065 2056 1619 2106 Guerbe á soná la trompeta
1065 2111 1495 2156 la monteriya, aya vá,
1058 2170 1628 2221 toro, á la cuartapasá
