1680 2472
241 179 262 215 4
94 228 507 265 la memoria dé Jesús,
820 226 1328 268 Y tú, Cristiano, que oyes,
94 277 588 311 que todas las culpas lava.
821 276 1360 315 mi rudeza, y mi ignorancia,
89 322 543 359 Comulgar el Sacerdote
817 325 1240 359 procura el oir la Misa
89 372 589 409 es, que ya Cristo se halla
816 373 1259 411 todos los dias sin falta,
83 417 559 455 difunto, y que le dió fin
817 420 1342 460 que si la oyes como debes,
87 468 494 503 á cuanto se deseaba
813 467 1316 507 es mas, que si caminaras
84 516 516 551 Las ùltimas Oraciones
817 516 1229 553 á Jerusalen descalzo:
92 563 632 602 son aqnellas tres hermanas,
815 565 1367 603 mira lo que á Dios le agrada
88 612 626 652 que á Cristo se aparecieron,
809 614 1282 652 este tan santo egercicio,
92 659 584 698 y á su Madre consolaban.
815 661 1335 699 que en aquella mesa franca
819 708 1288 745 del Altar lo hallarás solo
84 707 594 748 En la bendicion, advierte,
813 756 1340 796 para que mercedes te haga.
87 757 649 795 que mandó Cristo le echaran
84 804 558 843 á los que ya cónfesados,
820 806 1312 844 Comulga espiritualmente,
816 853 1335 892 que puede ser que te haga
92 851 567 891 y arrepentidos se hallan.
81 901 584 941 Cuando se cierra el Misal,
816 901 1290 940 tanto provecho el deseo,
811 950 1275 986 como si propio llegaras
87 952 511 988 y ya la Misa se acaba,
818 999 1288 1034 á comulgar, confesando
87 1001 586 1036 que al fin del mundo será
88 1046 508 1084 unica la Ley Sagrada.
817 1047 1367 1086 de tus culpas y tus manchas.
811 1094 1243 1131 Y así, no seas ingrato
86 1096 528 1130 Es el último Evangelio
81 1143 639 1181 signo de que á tierras varias
814 1144 1282 1181 al que amoroso te llama
816 1192 1308 1230 para darte el fin dichoso,
86 1192 536 1228 los Apostoles se parten
73 1239 582 1278 á enseñar la Ley Sagrada.
807 1241 1352 1278 correspondiente á la gracia.
820 1287 1252 1323 Y Lucas del Olmo pide
84 1288 537 1325 Las candelas son la luz
805 1336 1319 1373 perdon de todas sus faltas,
87 1338 549 1374 que dió la divina gracia
85 1386 658 1421 con que á todos nos alumbra
799 1385 1303 1424 y en el segundo romance
811 1434 1295 1472 te dirá lo que aquí falta.
78 1436 548 1473 para poder conservarla.
662 2034 918 2080 FIN.
126 2229 1442 2270 de la primera parte.
