1737 2508
189 240 656 278 su religion tanto honor,
196 288 674 328 cuanto pudo concederle,
193 337 753 375 ordenó pues que las Pascuas
194 384 678 424 del Nacimiento solemne,
200 432 656 470 con solemnidad notable
194 481 707 521 las tres misas se celebren.
191 528 628 568 Pelagio Papa dispuso,
203 577 734 618 que al antiguo se añadiesen
201 625 747 667 otros prefacios, que se usan
194 673 615 711 al año diversas veces.
203 720 725 762 Y porque algunos en misas
195 769 772 812 de la cuaresma, y de requiem
200 816 648 858 solian dejar los santus,
202 866 726 909 mandó el concilio Vasense,
205 913 712 956 que en toda misa se digan
208 960 628 1002 al Señor Omnipotente.
201 1009 650 1050 Marco Romano mandó,
201 1057 690 1099 que al Evangelio siguiese
204 1105 706 1150 el Credo, y se diga luego,
204 1153 644 1193 en memoria solamente
201 1201 692 1245 de nuestra congregacion,
204 1250 689 1293 que junta la iglesia tiene.
200 1298 698 1343 Luego Inocencio primero,
202 1347 694 1391 paz ordenó, que se diese,
204 1395 696 1437 y con la hostia en el Caliz
204 1443 678 1485 cinco cruces se hiciesen,
205 1491 711 1532 en señal de aquellas cinco
206 1539 732 1581 llagas de Cristo que vierten
206 1586 588 1628 en arroyos de coral
203 1637 782 1682 gracia, y gloria para siempre.
204 1683 634 1723 Sergio Surio instituyó
208 1730 715 1775 los agnus, donde pretende
206 1778 621 1822 el Sacerdote alcanzar
204 1826 685 1870 de culpas graves, y leves
207 1874 647 1921 perdon y misericordia,
204 1924 640 1966 para llegar á comerle.
200 1970 748 2018 Sixto cuarto los mementos,
207 2017 727 2067 y en los primeros advierte,
203 2067 655 2111 que medites en la cruz
209 2116 761 2159 donde el manso Jesús muere
201 2163 774 2212 por la ingratitud del hombre
209 2213 724 2257 que tanto á su Dios ofende.
200 2259 699 2307 En los segundos dispuso,
920 244 1459 285 que el sacerdote se acuerde
918 292 1360 332 de los difuntos, y pida
927 341 1498 383 porque sus penas se abrevien.
927 390 1457 429 Dispuso tambien, que al fin
912 436 1376 478 ITE MISA EST dijesen,
915 488 1505 529 y volviéndose hácia el pueblo,
924 535 1425 575 que la bendicion le echen.
930 584 1356 620 Esto y todo lo demás,
925 631 1445 670 que en la misa se contiene
922 680 1368 719 ordenó la santa Iglesia,
923 729 1528 769 con discreccion muy prudente.
924 776 1472 817 ¿Pero quién dirá las gracias,
930 826 1434 864 las indulgencias, y bienes,
922 875 1424 911 que consigue quien asiste
932 922 1368 959 con atencion reverente
930 969 1360 1008 á este santo sacrificio?
927 1019 1462 1057 quien la gloria, que merece
928 1067 1451 1105 pues aun con lo transitorio
928 1114 1344 1153 de esta vida favorece
932 1163 1350 1202 el señor á quien asiste
927 1211 1354 1250 á la misa, como debe.
929 1258 1442 1300 Y si el provecho que sacas
930 1308 1383 1347 de la misa oir quisieres
932 1356 1380 1395 á los santos, y doctores
928 1404 1446 1445 de la iglesia ahora atiende,
924 1450 1434 1492 y te dirán, que en la misa
932 1500 1444 1542 el justo en la gracia crece,
927 1548 1380 1588 y se perdonan al mismo
929 1598 1370 1637 los veniales, que tiene,
929 1645 1348 1685 y las penas que debia
940 1694 1463 1735 pagar en vida, ó en muerte
934 1742 1378 1782 por los pecados, que ya
928 1791 1406 1830 Dios perdonados le tiene
930 1838 1477 1881 en cuanto á la culpa: y dice
924 1886 1501 1929 santo Tomás, que á las veces
922 1932 1412 1978 suelen perdonarse todas,
931 1979 1349 2025 y no parte solamente.
928 2029 1406 2073 El pecador tambien saca
934 2080 1408 2121 los auxilios convenientes
928 2128 1357 2171 para salir del pecado,
924 2175 1410 2219 y arrepentirse de suerte,
929 2225 1481 2267 que su buen Dios le perdone
925 2274 1459 2317 por su pasion, y su muerte.
