1696 2404
822 241 1313 281 dejas la misa, y permites,
100 250 633 288 Y en fin todos conseguimos,
821 288 1356 327 que el Demonio vil te lleve
93 297 554 337 si se oye como se debe,
819 337 1251 376 á tus delicias y juegos,
98 345 610 385 aun los bienes temporales,
830 382 1389 423 para que en vicios frecuentes
100 393 684 434 en cuanto estos nos convienen
829 431 1308 473 vivas, sin que de tu Dios
94 442 646 483 para bien de nuestras almas,
827 480 1343 520 en todo el dia te acuerdes!
97 490 502 532 y gozar eternamente
817 529 1304 569 Mira lo que haces, alma,
97 540 585 578 de Dios en la eterna vida,
824 579 1341 617 mira que la Gloria pierdes,
102 588 594 627 que ya los Santos poseen.
828 627 1234 665 mira cual será tu fin,
96 635 585 674 Por eso el grande Basilio,
824 672 1383 713 si en este instante te mueres.
104 682 626 723 y el Damasceno con fuertes
829 720 1259 761 Y así, devoto, procura
103 731 535 771 esclamaciones animan
824 769 1341 811 gozar la gloria, que ofrece
101 779 587 819 al cristiano, que no deje
824 815 1256 859 tu Dios en el sacrificio
99 826 501 867 de oir misa cada dia
826 866 1402 906 á los que humilde le rueguen,
99 874 697 916 pues basta, que allí se muestre
825 914 1254 954 pues solo baja al altar,
99 925 641 964 nuestro Dios sacramentado,
825 961 1371 1002 para hacernos mil mercedes
99 973 664 1014 para hacernos mil mercedes.
823 1010 1427 1050 aguardando á que los hombres
99 1023 502 1060 Allí valen peticiones,
826 1057 1300 1100 pidan, para concederles
98 1066 675 1109 suspiros grandes, y aun leves
830 1107 1371 1148 vida, salud, gracia, y gloria,
106 1118 542 1157 para que su Magestad
832 1155 1339 1196 donde vivan para siempre.
105 1166 697 1207 de nuestras almas se acuerde,
840 1202 1254 1244 Y lucas de Olmo pide
114 1215 587 1255 y nos libre del demonio,
836 1248 1359 1294 perdon, y á todos promete
106 1263 606 1303 porque no nos atormente.
831 1297 1419 1342 mas grados de gracia, y gloria
113 1311 602 1353 ¡Mas ay alma desdichada
828 1347 1388 1391 mientras mas misas oyesen.
107 1361 586 1401 si por gozar tus deleites
714 1789 770 1837 FIN.
625 2220 1009 2261 CARMONA:—1859.
150 2260 1481 2319 Imprenta de D. José M.a Moreno, calle Madre de Dios, núm. 1.
