1737 2508
1399 235 1619 390 Núm. 185.
292 1300 1577 1389 CALENDARIO NUEVO Y CURIOSO,
391 1368 1457 1523 PARA ESTE PRESENTE AÑO Y TODOS LOS VENIDEROS.
232 1625 1630 1680 Con él se acertará en la elcccion de espasa por
397 1693 1467 1750 medio de los signos planetarios y
542 1764 1328 1818 nombres de las mugeres.
301 1931 857 1971 Al que no entienda los astros
232 1984 686 2020 ni conozca los planetas,
233 2033 690 2071 ni las estrellas consulte
236 2084 680 2123 ni constelaciones sepa,
234 2135 717 2174 ni los signos del zodiaco
242 2185 692 2224 bien conocidos le sean,
238 2236 684 2274 le doy este Calendario;
241 2288 787 2329 pero con tal que se entienda
962 1930 1537 1968 que ha de darme el conquibus
960 1981 1441 2018 ó ta mosca que se cuenta
954 2031 1454 2068 aunque le lleve de gratis.
955 2082 1434 2118 De este modo cuando lea
964 2130 1437 2171 con un poco de atencion
959 2181 1518 2221 se instuirá al pie de la letra,
956 2231 1420 2272 de la condicion y genio
958 2283 1520 2322 de aquella muger que quiera
