1765 2512
285 245 702 321 le preguntaré otra vez.
280 310 733 379 ¿Es Vd. de oido falto?
239 363 844 425 Sor. Como tres y dos son cinco,
280 410 737 464 pintará bien el garbanzo:
281 456 759 523 hoy quedará de barbecho,
293 509 731 563 y esta semana sembrao,
290 551 822 619 porque no hay duda ninguna
288 596 853 662 que esta tierra es para el caso,
282 648 738 709 y que serán sin remedio
289 695 779 761 mas tiernas que mantecao.
240 737 817 806 Arr. Ahora sí que llueve gordo
289 792 757 856 sin haber ningun nublao;
288 834 809 917 este hombre no me entiende,
288 883 718 946 pero volveré á enterallo
291 931 761 997 por ver si salgo á paeron:
293 978 679 1040 usté sabe si ha pasao
302 1022 743 1087 jácia por aquí un mulillo
296 1074 847 1140 que es de cuatro á cinco años
299 1122 731 1180 con una jáquima nueva
292 1162 780 1232 y el albardon remendao ?
253 1213 893 1282 Sor. Várgame Dios, qué desgracia.
298 1266 792 1326 con que too eso ha pasao ?
292 1312 780 1372 miren qué diablo é ñublo,
298 1363 808 1421 y grande seria el relámpago:
292 1410 800 1471 ¿ cuántos murieron, amigo?
298 1451 754 1515 ¿cuantos cayeron abajo?
256 1497 806 1565 Arr. Mejor fuera que bajáran
301 1550 795 1608 las cuentas de tu espinazo;
301 1593 803 1651 sordo de dos mil demonios
311 1643 807 1710 que no es eso lo que  jablo:
300 1694 796 1756 yo pregunto por un mulo.
257 1738 813 1804 Sor. Si me ha ejao Vd. parao
297 1785 728 1856 con semejante noticia:
309 1835 817 1898 Jesus, qué suor me ha dao,
303 1881 805 1949 de pensar solo en el ñublo;
310 1927 707 1991 toico me he sufocao.
267 1977 907 2039 Arr. Por Dios que dice que suda,
317 2025 741 2090 pero yo estoy cardeao,
318 2074 687 2136 usté me quiere decir
312 2120 839 2183 si en el camino ha encontrao
314 2170 755 2231 algun pasajero un mulo
316 2227 816 2281 que se me perdió allá abajo
315 2273 756 2321 con una jáquima nueva
323 2309 765 2380 y el albardon remendao ?
309 2360 752 2438 deje la porfía del ñublo
1008 262 1521 332 sordo de doscientos diablos;
1010 316 1496 378 responda á lo que le digo
1009 362 1470 424 ó le santiguo los cascos.
961 404 1524 474 Sor. Amigo, Vd. me perdone
1012 456 1464 522 que yo estaba equivocao;
1018 501 1476 567 ya tiene el negocio pelos,
1009 552 1471 618 sé yo muy bien ese caso.
1018 589 1597 658 Con que por fin perdió el juicio
1008 644 1476 713 con el diablo del ¿preñao
1015 688 1515 753 la muchacha del tio Lucas,
1008 737 1417 805 la del cortijillo bajo?
1014 783 1532 849 Diga Vd. no valió empeño.
1016 830 1554 894 Con que Vd. por cuatro años
1011 877 1510 942 fué á presillo sin remedio!
1019 928 1459 989 eso fué haberse enconao
1016 975 1408 1033 el demonio de la tia
1008 1019 1493 1072 en no querer alzar mano.
1018 1070 1479 1131 Y qué ¿ se casó por fin?
1015 1120 1555 1171 se puso en ama el muchacho?
1020 1164 1500 1236 se hicieron las amistades ?
1018 1209 1600 1269 queó Vd. como hombre honrao?
1019 1257 1532 1322 porque á la verdad, amigo,
1028 1306 1471 1365 si el caso no ha rematao
1020 1350 1493 1406 ccomo yo acá me barrunto
1027 1405 1343 1461 too bien acomao,
1027 1449 1453 1512 ha queao Vd. entonces
1030 1490 1486 1561 como hombre deshonrao.
983 1535 1625 1601 Arr. Este hombre, no hay remedio,
1029 1588 1553 1649 ó está loco ó muy borracho;
1023 1636 1486 1700 á too lo que le pregunto
1031 1684 1503 1747 me responde con disparo,
1028 1727 1510 1798 yo pregunto por un mulo,
1031 1778 1533 1844 por un mulo he preguntao.
987 1821 1629 1893 Sor. Qué se quebró Vd. un muslo?
1037 1873 1491 1933 haber llamao el cirujano.
982 1919 1588 1978 Arr. Yo pregunto por un mulo.
990 1965 1598 2031 Sor. Qué, por fin le dió ñublon ?
1033 2013 1562 2066 haber presentao el despacho.
998 2069 1538 2119 Arr. Un despacho para Indias
1045 2110 1512 2169 te diera, sordo del diablo;
1044 2158 1508 2224 responda á lo que le digo
1036 2209 1450 2268 ó le tiro un garrotazo.
996 2249 1540 2319 Sor. Yo me alegro; mire Vd.
1048 2303 1517 2365 que me habia dao cudiao;
1048 2351 1509 2429 pero ya veo que es verdá
