1765 2512
244 254 775 357 pues yo bién entiendo á Vd.
239 332 704 401 y digo lo que ha jablao.
200 365 799 449 Arr. Responde Vd. muy acorde
241 432 730 494 á cuanto le he preguntao:
245 480 723 544 yo temo que me vá á dar
248 524 631 588 un tabardillo pintao:
236 561 750 636 y antes de irme he de saber
243 623 752 679 el nombre de este zamarro,
196 663 717 733 Sor. Vd. le jaria cosquillas
245 714 708 782 y le sacudió el trancazo.
200 742 799 827 Arr. Cómo es la gracia de Vd.?
202 806 734 880 Sor. En mas de setenta años
248 856 730 924 no he tenido tal desgracia:
243 900 802 966 y es porque siempre he andao
242 953 686 1017 con los ojos en la cara
250 998 683 1060 con los animales falsos.
199 1042 808 1104 Arr. Yo pregunto por su gracia,
247 1095 781 1159 por su nombre he preguntao.
201 1139 706 1208 Sor. Muy servidora de Vd.
240 1188 665 1258 es nieta del escribano,
243 1236 630 1299 sobrina del sacristan
243 1282 700 1356 é hija de Diego Sancho,
244 1331 671 1398 es Engracia mi mujer,
240 1381 643 1449 y va ya para tres año
252 1423 638 1493 que sacó la analogía
243 1474 646 1541 y goza de fuero galgo
242 1513 717 1591 y por la manta de arriba
249 1565 657 1641 es nieta del escribano,
253 1613 655 1677 y si por la manta baja
246 1664 650 1730 le retientan el recazo
258 1710 720 1779 es mijor que el presiente,
250 1759 650 1821 y anda loco su cuñao
251 1797 766 1874 que se casó con su hermana
251 1848 713 1915 y tiene este año sembrao
246 1904 725 1969 lo que ninguno ha podio;
254 1945 798 2019 es un hombre de un porrazo:
258 1994 651 2059 tiene una jaculatoria
252 2040 727 2113 con sus ringlones doraos.
255 2090 688 2157 Todo esto, amigo mio,
256 2147 678 2211 ha venio muy al caso:
248 2186 704 2260 y ya que me ha conecio
972 260 1379 347 que vaya bien enterao
968 329 1344 393 de toda su parentela
980 377 1479 440 que sé que le habrá gustao,
968 422 1531 477 que aunque probe es mal nacia
980 469 1420 533 por toos cuatro costaos.
924 515 1438 577 Arr. Yo no sé aonde estoy:
973 573 1436 629 ese hombre me ha soplao
973 614 1296 679 toita su analogía,
977 658 1432 722 y esto sin venir al caso:
975 701 1485 773 no siento mas que mi mulo
981 753 1491 813 que me es préciso buscallo,
973 802 1319 868 y no sé aonde iré:
977 847 1415 915 estoy muy bien enterao
973 897 1381 960 de toda su parientela;
977 943 1441 1012 pero es mi mayor cudiao
974 988 1489 1053 el saber si ha visto un mulo
976 1035 1443 1102 que yo le daré el jallazgo
970 1088 1369 1153 y quearemos amigos.
929 1131 1416 1194 Sor. Too eso está escusao;
978 1181 1406 1244 y cudiao con el mulillo
979 1229 1465 1295 no lo eje usté de la mano.
930 1273 1411 1341 Arr. Ese mulo se perdió,
974 1310 1453 1387 y yo lo vengo buscando;
982 1366 1490 1434 pregunto si Vd. lo ha visto
985 1410 1419 1487 ó si por aquí ha pasao,
986 1456 1493 1527 que me lo iga al momento.
933 1510 1546 1581 Sor, Se perdió? Pues á buscallo,
980 1557 1444 1625 y si no lo encuentra, es
984 1607 1462 1674 señal que no lo ha jallao,
988 1650 1552 1723 comprar otro y santas pascuas;
984 1700 1377 1766 ese remedio le jallo.
943 1748 1426 1811 Arr. Eso yo me lo sabia.
936 1796 1474 1860 Sor. Pues no sea Vd. pesao.
938 1841 1501 1911 Arr. Tengo la sangre quemaa
991 1890 1407 1959 de oir tantos disparos.
940 1935 1563 1993 Sor. Pues tenga paciencia y calle,
991 1986 1470 2054 que está claro y está llano
992 2017 1547 2102 que el que jabla con un sordo
990 2081 1382 2144 tiene de salir cargao.
948 2127 1606 2203 Los dos. Y aquí se acaba el Pasillo
999 2179 1427 2250 del arriero y hortelano.
707 2326 1115 2426 CARMONA:—1858.
319 2378 1490 2465 Imp: de D. J. M. Moreno, Calle Juan de la Cabra, núm 4.
