1737 2508
1205 199 1438 269 (Numero 75.)
775 1344 1021 1430 PASILLO
219 1478 902 1562 DEL SORDO Y EL ARRIERO.
211 1601 869 1689 Sor. V engo á ver cómo anda esto,
269 1681 768 1746 porque me tiene en cuidiao
268 1728 679 1795 el demonio de la jaza,
272 1777 659 1839 que toa se ha ladeao,
271 1825 744 1887 por Cristo que me perdió
269 1865 748 1930 habérseme elao los nabos:
272 1916 714 1987 éh ! paciencia y barajar;
268 1968 703 2027 á aralla voy de contao,
270 2011 724 2074 y sembralla de barbecho
276 2060 716 2124 y á cogella de garbanzos
272 2108 722 2168 que serán como manteca.
235 2153 843 2219 Arr. Gracias á Dios que he topao
275 2203 666 2261 á la vera del camino
275 2247 725 2311 este hombre trabajando;
283 2298 715 2355 él no tiene buena traza,
282 2346 698 2412 pues parece un alelao,
993 1608 1477 1690 pero por aquí no hay otro
999 1672 1355 1734 que sea mas avisao;
992 1718 1429 1784 voy á ver si por fortuna
994 1765 1555 1832 con mi mulo se ha encontrao,
999 1815 1382 1874 ó si le ha visto pasar
1008 1860 1472 1917 jácia arriba ó jácia abajo.
999 1909 1579 1971 Dios guarde á Vd. buen amiho.
952 1954 1514 2023 Sor. Sí señor, toos los nabos
998 2011 1424 2069 de la jaza que Vd. ve,
1000 2052 1420 2104 toitos se me han elao.
958 2100 1442 2162 Arr. Amigo, no digo eso;
1006 2146 1542 2212 ¡qué maldito lance he echao!
1000 2191 1488 2257 este es sordo sin remedio;
1010 2240 1393 2307 vaya que estoy abiao
1004 2285 1540 2355 sin saber lo que he de hacer
1006 2342 1379 2403 en lance tan apurao:
