1737 2508
301 235 828 309 y me alegro por Dios Santo;
290 294 783 357 y bien sabe donde aprieta
294 341 688 410 la correa del zapato;
298 382 859 453 señores, ¿pues qué no hay mas
304 436 784 494 que querer ñublar un caso
300 485 823 541 tan grande y de tanta monta
296 528 847 595 como un hombre estar casao?
307 580 706 637 ea, dejémonos de eso
308 622 859 689 porque el lance es muy pesao.
254 675 816 737 Arr. Pesaas se vean tus tripas,
303 722 698 785 tu corazon, y reaño,
302 763 811 831 sordo de dos mil demonios,
306 813 799 881 que no es eso lo que jablo;
305 865 685 918 usté me quiere deeir
300 903 872 970 por Dios ó por tres mil diablos,
306 957 795 1023 si en el camino algun mulo
302 1000 793 1071 un pasajero ha encontrao?
253 1049 799 1117 Sor. Como plata. No que no,
303 1103 732 1162 á toos los que pasamos
312 1152 671 1209 para comer y vestir
300 1193 779 1261 de nuestro propio trabajo
301 1246 757 1305 no se nos puede apretar
301 1287 797 1357 á lo que quieren los amos;
314 1347 802 1403 porque caa uno es caa uno
298 1381 816 1452 y con su capa hará un sayo:
302 1431 754 1496 esa es grilla; no que no,
308 1476 783 1542 pues por via de dios Baco
304 1523 839 1587 que yo tengo el mismo genio
316 1582 807 1638 y ancas á nadie le aguanto:
314 1623 731 1684 usté se ha portao bien,
314 1667 786 1728 y me ha gustao su amaño:
305 1718 839 1777 no que no, mucho me alegra
308 1762 791 1818 del moo que se ha portao;
308 1815 775 1874 viva usté cuarenta siglos.
258 1852 841 1915 Arr Llévente cuarenta diablos.
262 1902 753 1971 Sor, Bendita sea la madre
317 1952 893 2014 que parió un hombre tan sábio;
311 2001 789 2065 qué lindamente que casca
318 2047 773 2103 sin caña , porra, ni palo;
314 2094 818 2160 bien me ha gustao el ratico.
266 2140 837 2206 Arr. Pues yo estoy desesperao.
268 2192 921 2255 Sor. ¿ Cuándo quiere que hablemos
316 2235 781 2301 otra tarde mas despacio.
265 2288 817 2358 Arr. En la vida , nunca mas,
325 2337 761 2413 que estoy ya desesperao
1018 230 1544 299 de ver un hombre tan bruto.
977 285 1523 355 Sor. Me ha ejao Vd. obligao
1022 334 1418 400 y me precisa serville:
1018 385 1456 448 en mi vida é trompezao
1027 430 1564 493 con hombre que mejor jable,
1023 481 1425 544 ni que mas escajonao
1026 522 1496 579 trate un negocio que Vd.
1023 576 1490 637 que parece que es letrao.
980 612 1551 680 Arr. Con que Vd. no me dirá
1030 665 1557 725 si en el camino ha encontrao
1027 714 1485 774 algun pasajero un mulo ?
977 761 1574 828 Sor. Que sea por muchos años,
1028 806 1476 870 y Dios le dé á Vd. salú
1035 853 1447 919 para poder disfrutallo:
1030 899 1483 969 y cuánto le costó á Vd,
1030 953 1511 1012 es nuevo ó es ya cerrao ?
1034 997 1475 1065 es castellano ó gallego?
979 1042 1571 1106 Arr. Es que lo vengo buscando;
1032 1088 1551 1159 que si Vd. lo ha visto digo,
1030 1142 1457 1204 ó si por aquí ha pasao.
979 1186 1635 1258 Sor. Várgame Dios qué desgracia;
1030 1239 1607 1299 donde le dió á Vd. el porrazo?
1032 1281 1474 1347 ese es gallego sin duda
1036 1329 1614 1392 que sirven á un hombre un año
1042 1379 1565 1440 por cascalle un par de coces:
1034 1421 1528 1479 son muy mal intencionaos;
1035 1473 1456 1533 amigo, tener paciencia
1036 1521 1468 1574 y metelle bien la mano.
1000 1566 1512 1635 Arr. Yo no sé aonde estoy,
1042 1616 1541 1681 yo me tiento y no me jallo;
1046 1660 1539 1726 este hombre es el demonio,
1041 1707 1569 1776 le hablaré un poco mas altc
1335 1756 1633 1828 le pega un grito.
1038 1757 1227 1819 mire Vd.
991 1806 1349 1870 Sor. Jesús, María,
1034 1847 1571 1916 no me dé Vd. esos gritazos,
1049 1897 1547 1961 que no jabla con un sordo,
1044 1952 1453 2002 ni soy de oido apurao.
995 1992 1536 2057 Arr. Al sordo darle barreno,
1044 2037 1398 2109 y dejarlo taladrao.
1000 2083 1607 2155 Sor. Y no soy mas que teniente,
1047 2141 1457 2202 y el haberle aconsejaó
1042 2184 1492 2255 que le eche buena carga
1048 2238 1487 2300 y le meta bien la mano,
1043 2286 1508 2352 me parece que no es eso
1052 2332 1484 2412 estar taciendo disparos:
