1737 2508
140 248 699 293 Hombe, na! que un m:jaero
148 296 650 339 penso que yo era carnero.
137 348 607 388 al veriné vestio é lana.
148 395 540 437 Ya tú ves Pelao, yo!
141 441 671 484 que soy un cas ilo é fuego
145 493 729 533 tenerme á nu por borrego?...
134 540 581 582 hoy e e hombe nacio!
189 592 561 629 Pues é. te decia...
507 639 674 673 El qué?
138 690 367 732 Qué se yo?
508 657 790 809 Una chansita?
141 708 504 861 Pues el sarrimo...
513 831 689 867 Gromita!
150 881 629 919 pero ar fin lo esengañé.
152 930 482 967 Y lo dejaste así?
150 974 670 1016 Pues no lo ves que sa dio?
148 1025 674 1064 Eso es g e tú no as querio
157 1074 525 1113 con ese inoso reñí.
151 1122 627 1160 Aguanta er mi o, Pelao!
146 1170 581 1208 No me coneces, José?
156 1220 624 1257 Si se de cudia er gache
160 1267 608 1305 ya yo estaba preparao!
207 1311 814 1353 Pues peique no hubo quimera?
153 1365 490 1406 tú que  e hiciste!
521 1403 734 1450 Yol... nal.
158 1460 670 1500 Pues él te dió dos granta?
163 1508 658 1548 Digo!... Si da la tercera!
162 1557 700 1597 ¡Hay en el mundo elemento
158 1607 586 1647 que me gane á peléa?
163 1656 546 1695 si soy pa dá punalá
163 1701 779 1743 mas fino que el mesmo viento.
162 1749 606 1791 ¿Ha nasio alsun gaché,
161 1800 717 1842 que en la boliya del mundo,
164 1847 660 1889 á mi me tosa, ¡me jundo!
161 1896 710 1938 ni en espano, ni en francé?
167 1947 691 1986 suerto, tomo, largo y doy;
167 1996 582 2035 y asi que jibro jesia,
162 2045 577 2084 sarta la presona mia
170 2092 635 2133 y al estrangero me voy.
218 2141 629 2180 Largo yo una puñalá,
168 2188 746 2228 y aonde cuela mi erramienta
171 2237 637 2279 menuiya es la termenta
181 2287 649 2328 que ayi se yega á enreá.
171 2340 617 2377 Jesucristol vamos, na!
861 237 1418 280 mi navaja no hace daño.
860 287 1325 329 hueso y camne la rebaño
865 338 1296 376 y la sangre la chorreo
863 387 1298 426 y al aire sartá la veo,
860 433 1328 476 con solo jasé un araño.
919 481 1402 520 Vaya un jumo y valentia!
870 529 1354 571 en llegándome á quemá
867 581 1367 619 se junta er cielo y la má,
871 629 1329 671 y la noche se hace dia,
874 677 1366 720 poique soy de Andalusia,
873 726 1363 766 remuchito! y con salero!,
869 772 1438 813 soy mas valiente que quiero!
873 821 1401 862 Prosupuesto? quien lo dua
877 868 1357 913 Quien á Quintaniya acua
876 919 1366 960 que se confiese primero:
875 968 1382 1006 y vengan sables, puñales,
885 1016 1299 1058 y tiritos en la frente,
886 1060 1439 1106 d e aquí Qeintana er valinte
876 1114 1307 1155 ha plentao sus reales.
930 1161 1362 1199 S renes, municipales,
877 1210 1329 1251 la partia, e provinciá
886 1258 1259 1299 y una fragata reá,
885 1306 1358 1347 y murallas con cañones,
885 1355 1382 1394 y fuego por los balcones,
892 1404 1363 1445 que contos voy á peleá;
894 1452 1422 1491 y que ta quen las trompetas
890 1499 1318 1539 á cegüello y gegerala,
885 1547 1324 1588 y carros llenos de bala
895 1596 1286 1636 y fucies y escopeta,
891 1645 1478 1686 que en soltando la chaqueta...
893 1693 1330 1734 Jesucristo y que aratá!
933 1741 1385 1781 Ya se abrio la cterniá!
890 1790 1422 1830 ¡que presenten memoriales
899 1839 1377 1878 pa no morí los chavales,
899 1888 1390 1926 poique sierra el tribunal!
901 1936 1361 1974 Y vereis guiñarme er só
891 1986 1290 2024 poique le deje la lú;
895 2035 1277 2072 vereis la luna varlú,
896 2083 1281 2121 ponerse matagarnó.
905 2133 1420 2168 Venga gentel aqui esto yo
888 2180 1310 2218 laigando mas puñalá
902 2229 1309 2269 que licó tiene la má,
897 2278 1358 2314 y ese mundo que tu ve
898 2326 1313 2365 al vé mi jumo y peé
