1765 2512
166 247 630 290 vá á tomar la majestad.
213 297 702 338 Conque así. gusto y ruio
163 344 754 390 venga esta noche, y cantares,
162 395 592 434 y peniyas y chingares
171 442 594 483 vayan juntas al orvio.
160 493 606 531 Qué caliá! que tronio!
154 539 640 580 soy mas puro que la lú!
162 586 672 630 mas poeroso que er Perú!
152 634 716 677 mas valiente que un tintero!
164 681 808 731 vargo ias que el mundo entero,
154 730 396 773 muchachos!
456 787 554 825 Olé!
414 834 701 873 Ala Crú.
200 878 602 920 No ma vias conocio!
152 926 631 970 Jesucristo! Jai lebante?
152 974 384 1020 No poi qué,
462 1025 836 1073 Vaya un desplante!
147 1072 684 1116 Soy vo un moso mu cosio!
150 1119 736 1166 Mas que un plato é sanajo ia
156 1168 413 1212 Hay gromita?
462 1223 706 1261 No, que no!
155 1266 580 1307 ¡Y tu no sabes que yo
154 1316 647 1359 te camelo peaso é gloria?
150 1364 618 1405 Prosupuesto: ¿y á li fin
151 1413 683 1456 á quien viene osté á buscá?
154 1461 444 1505 A ti, chiquilla.
542 1514 715 1558 ¿Pues ya!
148 1560 592 1598 No lo sabes querubin!
200 1609 592 1647 Osté si acaso avenio
152 1658 586 1697 ha sio solo por la Crú,
151 1705 574 1744 Yo por la fiesta Jesú!
152 1755 600 1796 ni siquiera lo he sabio
148 1805 472 1847 A otro perro...
512 1855 770 1898 Por mi via...
150 1899 626 1945 Si tiene osté mala capa
156 1951 594 1993 y esa está rota so lapa
150 2001 564 2044 y la tripa está poria;
898 260 1533 305 ¿Con que á quien vaste á engañá
892 306 1380 354 si es osté com el triste,
892 355 1424 407 mucha vista y luego peste,
892 405 1296 449 tan solamente fachá.
948 453 1457 501 Vaya, mugé que argun dia
888 499 1326 547 bien me s piste queré
888 550 1338 596 Caba ito que quio osté!
888 598 1368 646 rompe el saco la agonia.
887 647 1462 700 Yo pen é que era osté bueno,
886 696 1311 745 es dici, como era yo;
884 745 1408 796 mas no fué, anda con Dió,
891 793 1368 842 si por mié tomó veneno.
881 842 1292 889 Malegro por mi salú,
883 892 1358 938 poique probre sigirrera
884 938 1363 987 me gusta quere de vera.
884 986 1102 1028 Pero á mi?
1136 1043 1460 1086 ¿Está osté barlú?
892 1082 1398 1132 O es que pie osté socorro?
934 1134 1447 1183 Es que estoy por tí charlao
890 1180 1384 1228 Si ya su queré he probao
876 1233 1408 1276 y entonces salió o té jorro.
883 1280 1435 1325 Si osté e mu malo hijo mio
884 1328 1356 1372 y too lo he ha á perdé;
886 1376 1403 1422 si osté es mas malo gaché
888 1425 1336 1469 que si fuea palo partio.
890 1472 1398 1524 Si aquello fué una chiripa,
884 1520 1318 1567 un recortillo y no má;
880 1570 1376 1614 si á o té no se pué fumá
881 1617 1392 1667 poi jue le amarga la tripa;
884 1666 1300 1709 no tiene oste corazon
880 1716 1340 1760 ni habiyela osté sentio.
926 1766 1366 1810 Cabalito, lo he perdio
872 1812 1292 1859 al pinchararte, salá.
873 1865 1464 1911 ¿Quieres tu un moso é candela
884 1914 1422 1960 que esté mas fijo que er só,
873 1964 1242 2002 y que solo de caló
870 2009 1316 2055 á tu presona Manacla.
729 2109 990 2267 FIN.
676 2307 1038 2345 CARMONA:=1859.
207 2350 1498 2401 Imprenta de D. José M. Moreno, calle Juan de la Cabra núm. 4.
