1737 2508
1113 198 1418 351 (Número 280.)
266 1202 1438 1252 RELACION DE QUINTANA.
193 1395 625 1439 Lo píncharaste pelao?
144 1442 546 1485 has conos o mi poé?
142 1490 626 1536 en cuanto me o io la pié
136 1538 557 1581 ese manté se á najao.
139 1585 626 1632 Tengo yo mucho sentio!
139 1635 685 1681 Pero.. escucha y que pasó?
139 1683 516 1726 Pues que no viste?
514 1738 654 1778 Yo? no.
136 1782 726 1828 No ha sio na que lo he partio,
138 1830 703 1873 Mas valiente soy que g iero!
145 1876 699 1924 Vaya un moso pa un fregao!
143 1925 587 1972 verás como fué, Pelao,
140 1974 541 2017 á vé si tengo salero.
191 2025 716 2067 Llega un moso y dice, «je!
146 2074 550 2112 y yo le hije, es á mi?
145 2119 620 2164 esi señón, pues alto ahí,
140 2166 598 2212 que ha venio su mersé.
142 2216 640 2263 Verme, y jasé una figura,
134 2264 538 2305 too fué uno Pelaivo;
140 2313 648 2358 en cuanto soné el pestlo,
139 2363 647 2407 se murió aquella criatura.
911 1404 1398 1451 El se me asora estás tu?
869 1459 1307 1494 y yo sin queré lo piso
878 1504 1322 1543 paese que Dios lo ji o!
876 1552 1300 1592 lo puso el dolo banlú.
921 1600 1396 1643 No se que deniostracion
880 1650 1368 1689 jiso el chavó paa rascase,
866 1696 1428 1742 que yo sin dejá que hablase,
870 1744 1348 1787 lo partí de un pé coson.
868 1794 1350 1836 Asi que le dí pa er pelo,
864 1841 1346 1884 le dije, yo soy O intana?
871 1890 1353 1932 si eres valiente, mañana
875 1937 1362 1983 ven á b scarme, sisuelo.
866 1985 1316 2030 Aqui dió fin; too ruio;
872 2033 1384 2081 como que soy tan valiente,
868 2083 1382 2127 tengo que hui de la gente
864 2131 1235 2173 po no salí conosio.
909 2179 1434 2223 Pues iaya un lanse... Jesu?
866 2228 1289 2270 Si ma joga ya er poé!
865 2275 1310 2321 Pero escucha tu, José,
869 2325 1403 2369 entramo un rato en la Crú?
867 2374 1428 2420 Senores; entre el que quiera
