1765 2512
801 236 1228 270 Escuche osté, zo zalá,
762 279 1228 314 la penilla que me ajoga,
759 324 1149 359 y si tiene compasion
764 369 1217 400 compadezca mi presona.
351 412 808 446 Apenas vi la zandunga
303 456 832 488 que too tu cuerpo errama
307 500 876 532 cuando mi pecho ze inflama
306 542 660 577 en amor inusitao,
306 587 747 624 y por mirar á mi lao
311 629 736 663 tu hermosura y caliá
307 673 732 707 diera la vida y quizá
302 718 982 752 tambien cuanto el mundo encierra,
301 762 916 796 y cual ze quiere en mi tierra,
309 805 712 839 escuche osté, zo zalá.
352 849 888 885 Cuando quiere un andaluz,
309 893 824 929 quiere con alma y sentio,
301 936 729 972 y asi del afecto mio
308 981 784 1015 puedes ver ez zin capuz:
305 1024 758 1058 en tenerla por mi luz
299 1068 837 1106 mi pensamiento ze abroga,
293 1112 737 1146 y con esto ze desfoga
300 1155 752 1190 tan dolorozo tormento;
298 1200 858 1238 ya ves pues mi zentimiento,
287 1245 761 1280 y la pena que me ajoga.
1072 412 1616 447 Amar ziempre con terneza,
1032 454 1530 490 á quien fuera mi queria,
1028 499 1486 531 es el zueño de mi via
1028 543 1571 576 que mostraré con presteza:
1034 587 1498 620 que zi ella tiene fineza
1032 629 1472 663 en darme zu corazon,
1036 672 1468 705 es muy justa la razon
1035 718 1538 751 de que la adore constante
1027 762 1553 797 y que zea zu fino amante
1032 805 1458 838 si me- tiene compasion.
1072 849 1524 881 Puesto que conoces ya
1036 892 1536 926 como te adora mi pecho,
1020 935 1491 968 mira zi tendré derecho
1023 978 1424 1013 á quererete, resalá.
1031 1023 1419 1056 Tengasté mas caliá
1029 1069 1594 1101 poniendo á mi amor corona,
1030 1112 1524 1147 y pues de bella blazona,
1024 1157 1538 1188 de zandunga y discrecion,
1024 1199 1468 1233 mire pues mí corazon,
1020 1244 1477 1276 compadezca mi presona.
801 1288 1356 1320 Varias tierras tengo andadas
746 1333 1200 1365 buscando la grana fina,
749 1376 1274 1411 y la he venido á encontrar
745 1420 1160 1453 en tu cara peregrina.
336 1463 838 1499 Las islas Dinamarquesas,
301 1509 834 1544 la Navarra y en Tampico,
294 1551 784 1587 Martiníca y Puerto-Rico,
295 1595 771 1631 y la Colombia francesa;
298 1639 836 1676 las provincias moscoviesas,
291 1683 760 1718 en Portugal he estado;
295 1727 810 1761 he comerciado en Irlanda
300 1771 802 1806 vendiendo caro ó barato;
291 1814 775 1848 en busca de tu retrato
295 1858 862 1891 varias tierras tengo andadas.
330 1902 936 1938 De allí me pasé á la Habana,
287 1946 855 1981 para el moro me embarqué,
291 1990 713 2027 y luego de ahi pasé
288 2033 704 2066 á la córte Mejicana;
299 2077 784 2112 vide la Puerta Otomana
285 2121 746 2156 y la Puebla peregrina:
292 2165 862 2203 de alli me pasé a la China,
295 2210 816 2248 para Italia me embarqué,
284 2253 659 2290 y todo lo registré
290 2297 712 2331 buscado la grana fina.
1072 1462 1604 1494 Despues me fui muy ufano
1020 1507 1500 1539 hasta llegar á la Rusia,
1019 1550 1511 1584 y atravesando la Prusia,
1020 1595 1542 1628 llegué al imperio romano;
1017 1637 1494 1670 fui á ver al napolitano;
1018 1683 1528 1714 en Manila llegué á estar:
1024 1725 1550 1759 en Argel llegué á habitar,
1016 1770 1546 1801 todo lo andé con cordura
1016 1812 1576 1845 en busca de tu hermosura,
1015 1856 1560 1891 y la he venido á encontrar.
1065 1900 1559 1932 Navegué toda la Francia,
1023 1944 1507 1976 la Dinamarca y Baviera,
1016 1988 1534 2020 en medio de una carrera
1024 2032 1414 2064 reparé con eficacia;
1015 2076 1583 2107 de allí me pasé á la Opacia,
1023 2118 1447 2153 al Norte y Alejandría
1018 2162 1591 2196 despues de estar en Turquia
1019 2206 1519 2241 y en fin, vine á reparar
1020 2251 1638 2284 que hallé la que fuí á buscar,
1021 2296 1425 2328 en tu cara peregrina.
