1765 2512
270 230 722 263 Yo quisiera comprender
219 276 660 307 tus palabras y razones
219 318 641 354 para seguir tu querer
219 363 650 394 á pesar de los rigores.
266 407 766 443 Amante fino y constante,
227 451 701 487 te quiero corresponder,
221 494 600 526 como débil y mujer
218 537 798 574 mis palabras no te enfaden,
219 581 742 615 advierte que tengo padre;
220 625 648 659 si lo llegase á saber,
226 669 786 702 mira que me han de poner
223 712 802 748 en donde el sol no me vea,
225 758 697 788 por no pasar esta pena,
225 799 691 834 yo quisiera comprender.
264 843 752 877 Siendo cierto tu querer,
223 888 844 923 que me estimas tan constante,
231 931 719 964 yo te cifraré al instante,
234 974 734 1010 que me puedas entender,
223 1019 733 1054 yo no me quiero perder,
225 1063 904 1094 que hay algunas por los hombres
222 1105 868 1141 se encuentran por los rincones,
218 1150 610 1183 llorando infidelidad,
222 1191 652 1227 no se si será verdad,
227 1236 662 1269 tus palabras y razones.
260 1282 841 1316 Déja, pues, correr el tiempo,
224 1324 622 1357 el desengaño verás,
219 1368 715 1402 y tú propio encontrarás,
218 1411 748 1446 la piedra del fundamento,
223 1454 752 1492 en conociendo tu intento,
219 1498 654 1532 tu modo de proceder,
226 1539 715 1578 vo te daré á conococer,
224 1584 904 1622 lo que se encierra en mi pecho,
228 1629 784 1665 todo lo doy por bien hecho,
224 1673 652 1705 para seguir tu querer.
268 1716 774 1751 No desaires con ninguno,
232 1760 726 1793 por defender mi persona,
234 1804 746 1839 que te digo desde ahora,
227 1848 800 1884 que no quiero á otro alguno,
224 1891 800 1928 aunque se cayera el mundo,
227 1935 745 1969 y se marchiten las flores,
222 1979 794 2014 yo he de seguir tus amores,
226 2023 700 2057 porque te quiero pagar,
222 2067 628 2098 tu querer y lealtad,
227 2112 652 2146 á pesar de los rigores.
989 232 1462 267 Llorar cielos, que perdí,
950 277 1428 311 el dueño que yo adoraba,
948 319 1392 356 aquel moreno trigueño,
948 362 1430 397 espejo en que me miraba.
992 406 1514 446 Si me adoraste constante,
950 450 1280 485 bellísimo serafin,
949 496 1408 532 lo propio pasó por mí,
949 540 1494 576 que he nacido para amarte,
944 583 1454 620 no tengo nada que darte,
945 626 1380 662 al ausuntarte de mí,
951 670 1398 710 tu retrato tengo aquí,
954 714 1394 751 para tenerte presente,
950 758 1440 794 pero qué dira la gente,
952 801 1432 837 llorar, cielos, que perdí.
996 846 1470 882 Al oir tus tristes ayes,
958 888 1438 925 tus suspiros y lamentos,
952 932 1496 971 se redoblan mis tormentos,
946 975 1482 1012 se acrecentan mis pesares,
953 1020 1456 1058 las congojas y los males,
953 1064 1404 1100 me tienen acongojada,
954 1109 1510 1145 ya no tengo gusto en nada,
950 1151 1468 1186 nada hay que me divierta
944 1195 1398 1231 faltando de mi retrete,
954 1238 1430 1273 el dueño que yo adoraba.
990 1281 1522 1321 Me pongo sobre la mesa,
955 1325 1512 1364 con el tintero en la mano,
951 1371 1524 1407 la pluma con gran cuidado,
956 1414 1494 1450 para escribir tu respuesta,
948 1457 1504 1491 luego me salgo á la puerta
959 1501 1468 1537 preguntando con empeño,
956 1543 1498 1582 dónde está mi dulce dueño,
955 1587 1484 1624 aquella flor que marchita,
952 1632 1480 1670 pues me ha dejado solita,
952 1677 1404 1710 aquel moreno trigueño.
994 1718 1592 1757 Dulce hechizo de mi encanto,
952 1763 1398 1800 serafin, luna y lucéro,
952 1807 1400 1844 al oir tu triste duelo,
948 1851 1572 1888 se me aumenta mas mi llanto,
950 1893 1518 1932 me tengo marchar al campo,
954 1937 1456 1973 y en una piedra grabada,
951 1981 1396 2016 tengo de dejar cifrada,
952 2025 1408 2061 la vida de esta infeliz,
949 2069 1504 2104 que se ha ausentado de mí
954 2113 1486 2148 el espejo en que me miraba.
756 2222 1156 2265 CARMONA:—1856.
300 2274 1558 2324 Imprenta de D. José María Moreno, calle Juan de la Cabra.
