1765 2512
172 269 776 307 que allí tienen buen despacho
181 316 662 356 con poco ó ningun afan,
175 366 640 403 todas aquellas que son
173 415 630 451 de tu misma calidad.
171 464 612 499 Retirate cuanto antes
174 513 659 549 por otra parte á buscar
175 560 656 597 quien te dé esos treinta reales,
181 610 732 647 que á mi me has dejado ya
173 658 723 698 preñado de treinta meses,
179 708 651 747 y ya estoy para abortar
181 757 706 792 un diablo de treinta años:
172 805 628 844 va de retro, Satanás,
178 854 578 890 ezi foras maledicte,
180 902 756 941 que me has venido á tentar,
175 951 701 991 pídiéndome treinta reales
180 1001 612 1036 con esa boca infernal
173 1049 639 1089 y con tu cara maldita,
177 1098 629 1135 pues segun tu lealtad
177 1145 661 1183 pareces ser decendiente
180 1195 624 1230 del gigante Fierabrás.
179 1243 671 1281 Quédate, que yo me voy
173 1291 733 1328 pues ya no puedo aguantar
183 1340 632 1376 un instante junto à ti
184 1389 610 1426 con toda tu calidad...
174 1438 693 1475 Y volviendo las espaldas
186 1485 660 1521 me vine hacia la ciudad
179 1535 674 1572 maldiciendo mí fortuna,
182 1584 676 1623 volviendo la cara atrás,
187 1632 636 1670 para ver si me seguia
179 1682 631 1718 aquella furia infernal:
188 1730 714 1767 derecho me fuí á mi casa,
182 1778 751 1816 y al punto me fuí á acostar
191 1827 673 1864 para ver si con el sueño
181 1876 542 1912 me podia sosegar
191 1925 738 1962 de un accidente tan malo;
190 1974 708 2012 mas creció la enfermedad
897 267 1344 306 de tal suerte que llego
896 316 1274 354 al estado mas fatal,
891 366 1439 402 pues se convirtió en locura,
896 414 1300 450 empecé á disparatar
895 463 1434 499 hablando á tontas y á locas,
892 510 1397 547 vine con mi cuerpo á dar
890 558 1482 598 en la plaza y los muchachos
899 608 1405 645 me empezaron á pedrear
895 657 1271 695 y yo tirarles á ellos
899 707 1427 741 tronchos, lodo y suciedad;
893 755 1314 791 pasen ustedes ahora
892 804 1342 840 á ver el fin de mi mal,
891 851 1523 889 y es, que estando en esta lucha
898 901 1367 936 ví por una calle entrar
901 946 1493 986 treinta sayones, que al punto
898 998 1356 1035 me llevan al hospital;
891 1047 1401 1083 allí estuve treinta meses
901 1096 1392 1132 curando mi enfermedad,
902 1143 1474 1180 me echaron treinta jeringas
895 1193 1343 1229 sin poderlo remediar,
899 1241 1490 1276 me embocaron treinta purgas
900 1290 1348 1326 sin dejar yo de gritar:
902 1337 1478 1374 treinta reales! treinta reales!
899 1386 1461 1423 treinta reales! y oigo hablar
908 1435 1404 1471 detrás de mi que decian
904 1483 1472 1520 si este enfermo ha de sanar,
907 1532 1405 1569 es preciso que le demos
904 1582 1376 1618 treinta azotes sin cesar;
903 1631 1416 1669 pues lo mismo fué oir yo
900 1681 1296 1716 me querian azotar,
908 1727 1468 1765 que al instante quedé bueno
909 1777 1392 1813 de toda mi enfermedad.
908 1824 1444 1861 Esto á mi me ha sucedido
911 1875 1425 1912 y esta es la pura verdad;
904 1923 1424 1960 suplico que me perdonen,
905 1972 1389 2010 si me quieren perdonar.
785 2146 996 2181 FIN.
688 2265 1084 2301 CARMONA:—1857.
291 2313 1469 2352 Imprenta de D. J. M. M. calle Juan de la Cabra núm, 4.
