1765 2512
126 280 587 320 primores en lo jocoso,
131 326 671 370 y en lo serio mucho mas,
136 374 581 417 en una casa tan noble
138 420 597 465 donde no reina el pesar
136 471 663 513 donde la envidia no cabe,
139 518 687 562 donde es fuerza pronunciar
141 568 777 614 que el non plas se queda á raya,
135 617 651 660 y tambien se queda atrás
139 666 639 707 el Parnaso de las musas,
139 714 645 757 porque aqui cifrado está;
139 763 699 806 la tercera, porque es fuerza,
147 813 608 856 que jamás han de faltar
147 861 648 902 en semejantes conciertos
140 910 561 951 alguna dama ó galan
148 956 711 999 que censure ó que murmure
149 1008 639 1048 si hace bien ó dice mal,
149 1057 605 1097 el que por obedecerlos
152 1106 597 1147 se pone á representar.
150 1155 690 1197 Supuestos estos princípios
145 1205 665 1253 y que no me detengo yá
156 1250 741 1295 en hacer lo que me mandan
156 1298 681 1343 voy con gusto á comenzar
159 1348 633 1392 contaré á todos el lance
159 1396 649 1439 mas terrible y mas fatal
162 1442 795 1491 que le ha sucedído á un hombre
163 1496 595 1538 desde la creacíon acá.
155 1542 719 1588 Atencion, que ya comienzo.
160 1593 575 1637 Saliéndome á pasear
159 1642 677 1684 un domingo por la tarde,
159 1692 591 1732 deseoso de encontrar
169 1739 693 1782 donde divertirme un rato,
169 1790 601 1830 distante de la ciudad,
178 1839 647 1879 vuelvo advertido la cara
169 1887 579 1931 porque sentí cecear
169 1932 675 1979 cuando ví yo una señora
175 1982 693 2030 que con mucha magestad
167 2034 624 2080 y con la mano derecha
172 2082 694 2125 me estaba haciendo señal
167 2129 708 2175 que me llegase hácia ella:
173 2180 645 2222 llegué y con urbanidad
179 2231 583 2270 le dije: señora mia,
175 2276 751 2325 ¿que tiene usted que mandar
184 2328 636 2369 á quien desea servirla?
851 264 1301 302 Y sin chistar ni mirar
844 316 1375 353 me hizo señas la siguiese:
848 364 1319 401 seguila yo hasta llegar
847 412 1380 449 á un sitio bien escusado,
861 460 1425 497 donde se me paró á hablar,
853 510 1441 550 y empezó de aquesta suerte;
854 557 1265 595 señor mio, estrañará
862 606 1279 645 usted la llaneza, que
860 655 1271 693 una mujer principal
863 702 1451 740 como yo es fuerza se aculte
857 753 1340 789 donde la puedan notar;
867 803 1327 838 supuesto esto, le digo,
867 850 1455 889 que soy yo hija de don Juan
863 898 1383 936 mi madre doña Anastasia,
863 947 1363 986 mi abuela doña Gernao,
871 994 1421 1035 y mi abuelo don Gerundio;
867 1044 1290 1083 tengo un tio capitan,
868 1093 1385 1133 un cuñado en Inglaterra,
868 1140 1440 1180 un hermano en Amsterdam,
870 1188 1347 1229 tres primos en el Perú
870 1237 1402 1278 y otro con el preste Juan,
879 1287 1391 1327 un hermanito estudiante
879 1336 1317 1376 en cierta universidad.
876 1384 1339 1425 tengo un tio sacerdote
875 1434 1351 1472 si se llegare á ordenar,
875 1481 1449 1529 y una hermana de mi madre
883 1531 1377 1574 que ya muy presto será
885 1578 1441 1620 monja, siendo Dios servido,
880 1628 1371 1669 de Santa María Alcalá,
887 1674 1441 1720 que es un bello monasterio
892 1728 1253 1767 otros el título dan
894 1775 1392 1816 de las Madres Recoletas,
892 1825 1361 1865 esto escon ingenuidad;
887 1873 1315 1921 y pues mi genealogía
885 1923 1229 1970 y toda mi calidad
897 1970 1457 2013 ya la tiene uste en el cuerpo,
904 2019 1330 2061 oiga mi importunidad.
894 2067 1429 2109 Hoy se me ofrecen, señor,
897 2118 1321 2161 por cierta necesidad,
896 2162 1502 2207 treinta reales, que os ofrezco
896 2216 1339 2257 hablando toda verdad,
905 2260 1417 2304 volvéroslos cuanto antes,
895 2306 1483 2358 pues ya muy pronto vendrán
