1765 2512
215 318 679 360 en esta presente vida,
215 363 810 411 y allá te aguardan los otros
216 413 743 457 del Infierno, que castiga
222 462 691 507 al ignorante muy loco
226 512 759 559 que no quiso conformarse
222 559 804 606 con Dios para ser dichoso;
222 609 852 655 con que tendrá dos infiernos,
227 659 743 704 uno de rabias y enojos,
221 706 753 758 y el eterno; pero el justo
236 754 804 801 dos glorias, esto es notorio.
224 803 768 851 Acá es gloria conformarse
238 852 789 899 con un Dios tan Poderoso,
229 901 777 948 con un esposo tan dulce,
236 949 799 997 que una dulzura de él solo
242 997 793 1044 de las que dá en esta vida
230 1046 817 1093 vale mas que cuantos gozos
232 1095 840 1141 dá el mundo y sus criaturas
233 1143 790 1190 ni riquezas (todo es lodo)
234 1193 783 1239 y luego despues la gloria,
236 1240 888 1287 que es el premio mas honroso.
233 1289 769 1336 Estando en una ocasion,
244 1338 738 1383 en su retiro, el glorioso
240 1386 749 1433 San Antonio Abad, miró
240 1435 804 1484 unos hombres que zelosos
243 1484 712 1532 estaban todos segando
243 1533 753 1579 al sol con gran alboroso.
237 1582 740 1630 El Santo dijo entre sí:
244 1629 841 1677 aquestos hombres dichosos,
244 1678 817 1727 con tan inmensos trabajos
243 1728 753 1775 el cielo ganaran todos;
249 1778 775 1824 yo me estoy aquí metido,
257 1826 829 1874 que mis méritos son cortos
249 1876 805 1920 con ellos me voy al punto,
246 1923 829 1970 que el cielo ganémos todos.
255 1971 771 2017 Se fué para la cuadrilla,
259 2019 779 2070 y como prudente en todo
252 2068 731 2115 se paró para escuchar
260 2114 809 2165 en que ejercicios dichosos
257 2165 829 2212 se ocupaban estos hombres;
253 2215 793 2261 pues soles tan rigorosos,
259 2263 791 2313 y trabajos tan tremendos,
259 2312 865 2368 y que en amor de Dios todos,
926 295 1379 345 con esta eonformidad
927 345 1353 393 ganarian un tesoro.
933 392 1487 439 Pero sucedió al contrario,
943 439 1448 488 porque todo su alboroto
942 491 1359 537 era la murmuracion,
939 536 1515 585 sus lenguas eran demonios,
944 587 1453 634 sin dejar honra segura,
945 632 1481 683 los créditos buelan todos
937 684 1457 730 de la viuda y la casada,
947 731 1463 780 la doncella, y asi todos
945 785 1397 829 de todos decian mal,
955 832 1391 877 clérigos y religiosos.
953 878 1503 926 El Santo que aquesto oyó,
958 926 1463 973 dijo con zelo pasmoso:
953 974 1547 1022 No quiero vuestra compaña,
959 1022 1511 1073 que vais al infierno todos,
957 1072 1536 1122 y aunque padeceis trabajos,
959 1122 1519 1167 sois martires del demonio:
959 1171 1469 1217 pero despues compasivo,
967 1219 1479 1265 viendo se perdian todos,
965 1268 1488 1314 con tal zelo les predica,
964 1315 1465 1365 que confusos y llorosos
961 1367 1379 1415 pedian misericordia
960 1414 1467 1460 con suspiros y sollozos
967 1465 1467 1511 y sus discípulos fueron,
966 1511 1487 1557 y el cielo ganaron todos.
959 1559 1482 1606 Mira otro caso admirable
969 1608 1573 1654 de aquel hombre tan famoso,
968 1656 1637 1703 que en el campo fué un prodigio,
965 1705 1543 1751 y un doctor de los famosos,
967 1754 1613 1799 su nombre es San Juan Taulero,
975 1806 1457 1849 que pedía con sollozos,
971 1854 1525 1896 con plegarias, con ayunos,
963 1900 1425 1945 á Dios Todopoderoso,
971 1947 1525 1998 porque queria un Maestro
979 1999 1499 2045 que le enseñase del todo,
979 2051 1495 2097 y no hacer su voluntad,
979 2099 1511 2140 porque lo ignoraba todo,
973 2144 1599 2192 que el Santo era principiante,
975 2196 1469 2246 y por eso Dios piadoso
977 2247 1421 2288 concedió su peticion,
985 2292 1481 2342 que del cielo oyó sonoro
