1737 2508
564 144 1147 304 SEGUNDA PARTE.
157 322 1534 386 En la que se prosiguen las Eacelencias de la gente del campo de
211 371 1515 433 clara los muchos Santos, y ezcelentes Varones que ha habido
232 423 1492 483 del campo, y se les dá saludable doctrina, con lo demas que
631 481 1086 526 verá el curioso lector,
221 599 742 635 O noble gente del campo,
171 646 691 686 con tu oficio tan honroso
175 696 788 733 que mantienes todo el mundo,
171 745 684 782 digna de muchos elogios!
170 796 702 831 Ya dije en la primer parte
175 842 628 880 el número tan copioso
175 891 740 929 de Santos, que en ese oficio
167 941 678 977 fueron luceros hermosos
180 989 702 1026 columnas de la Fé firmes,
178 1038 714 1077 Doctores muy prodigiosos,
177 1087 607 1123 y famosos Patriarcas,
178 1135 747 1172 dignos de inmortal encomio.
179 1184 764 1220 Y con tan grandes cimientos
179 1233 715 1270 salisteis triunfantes todos,
177 1281 626 1321 para que los oficiales
179 1330 736 1368 no puedan en ningun modo
190 1379 708 1417 ultrajaros como de antes,
187 1429 754 1463 que os decian mil oprobios:
180 1476 826 1514 siendo así, que ellos merencen
188 1524 721 1565 que se los digais vosotros,
185 1574 859 1614 pues que han quedado vencidos,
194 1623 650 1663 que los oficiales todos
187 1672 703 1710 no tienen que responder;
198 1720 752 1761 paso á otro asunto dichoso,
191 1770 813 1807 qüe es dar doctrina muy santa,
188 1816 765 1856 que el Cielo ganemos todos.
196 1864 737 1907 Ya dije, nuestros antiguos
193 1913 732 1955 fueron santos como todos,
194 1964 657 2003 David, Profeta de Dios,
195 2012 731 2051 de Pastor fué Rey famoso,
192 2060 666 2103 Abraham, con Zacarias
191 2109 771 2150 fueron los antiguos troncos;
200 2158 698 2198 en San Joaquin tambien
199 2208 747 2249 fueron los Padres dichosos
889 581 1419 624 de la Reina de los Cielos,
888 628 1381 672 y fueron Pastores todos,
892 673 1490 723 que en el campo con virtudes
884 724 1437 771 fueron del campo dichosos.
890 777 1310 820 Ea, noble gente mia,
883 823 1453 867 á imitar á nuestros troncos,
900 868 1540 916 pues siendo hombres del campo
887 920 1421 965 fueron maestros famosos,
893 967 1373 1014 que para ganar el Cielo
898 1015 1463 1063 triunfaron como ellos solos.
897 1064 1379 1112 Pues os digo la verdad
899 1112 1435 1161 que para triunfar nosotros
904 1161 1441 1209 es menester que tengamos
903 1212 1417 1258 una virtud, y es el todo,
897 1261 1427 1307 que es una conformidad,
895 1305 1508 1355 fundada en un grado heróico
898 1357 1401 1404 con la voluntad de Dios,
899 1404 1455 1453 no es menester mas tesoro
907 1456 1423 1501 que aquesta resignacion,
903 1504 1409 1550 pues padecer es forzoso,
911 1552 1421 1600 ya con malos temporales,
907 1601 1475 1648 desgracias en todos modos,
910 1651 1451 1697 el mal pleito es enemigo;
905 1696 1435 1745 la pobreza, en esto todo
914 1748 1345 1793 dirás á su Magestad:
913 1794 1461 1842 Yo Dios mio, me conformo
913 1845 1393 1891 con tu Santa voluntad,
913 1891 1471 1939 porque así es tu gusto solo.
917 1939 1403 1988 Y con esto tus trabajos
915 1992 1435 2036 no son penas sino gozos,
911 2041 1421 2085 y de grandísimo premio;
920 2087 1419 2133 pues padecer con enojo,
923 2136 1489 2183 con impaciencia, con fieros,
919 2186 1441 2233 te serán tormentos todos
