1737 2508
151 268 714 308 Digo que fueron del campo
145 318 625 357 los famosos Patriarcas,
152 365 730 405 que en el Testamento víejo
161 415 675 454 la Santa Escritura trata,
159 463 708 503 libro cuarto de los Reyes,
154 512 734 551 de los profetas que estaban
167 561 739 600 en los montes del Carmelo,
163 610 656 649 que tanto boló su fama,
168 660 736 697 aquel que pasmó la Iglesia,
158 709 692 747 San Elías, y esto basta,
167 757 667 796 que vive en el Paraiso
158 806 634 847 y será eterna su fama,
161 854 724 893 que el rey Ochocias, infiel,
167 902 743 940 á quien su esposa apretaba
159 952 783 989 que era una maldita hembra,
162 1000 730 1037 de que prendiera y matára
159 1048 686 1086 á Elías y á los Profetas
161 1098 781 1136 de Dios: qué maldad tan rara!
175 1145 622 1184 para prenderlo embió
163 1194 674 1234 capitanes con escuadras
164 1242 746 1282 de soldados muy valientes,
164 1291 703 1331 diciendole estas palabras:
175 1340 718 1380 que se dieran prisioneros,
174 1389 685 1428 que su rey así lo manda;
169 1437 730 1476 y el Santo con grande zelo,
161 1485 800 1524 viendo que á Dios despreciaban
166 1534 722 1574 en ultrajar á sus Siervos,
163 1583 754 1622 ha dicho aquestas palabras:
170 1632 762 1671 Señor, llueva sobre aquestos
169 1681 768 1720 fuego, y muera esta canalla,
176 1728 840 1768 porque ultrajan vuestro nombre;
171 1778 665 1817 qué maravilla tan rara!
171 1826 721 1866 Que del cielo las centellas
172 1875 610 1913 á todos los abrasaba
170 1924 644 1963 hasta volverlos ceniza,
169 1973 804 2011 y el Rey que ingnoró la causa,
177 2022 600 2059 otro ejército embió:
171 2071 667 2108 pero lo mismo le pasa,
175 2119 725 2158 que lo convirtió en ceniza:
170 2169 699 2206 el Rey ya se sospechaba,
179 2217 593 2254 otro general embia,
180 2266 754 2305 que con humildes palabras
871 259 1370 299 le dice: Santo Bendito,
884 309 1496 347 perdona que el Rey es causa
875 357 1399 397 de que yo venga por tí,
881 407 1428 449 y mira que por mi causa
877 455 1412 495 se libraron de la muerte
878 502 1413 543 muchos profetas de fama.
882 550 1395 591 Entonces el Santo dijo:
887 600 1445 642 contigo iré hasta su casa,
887 648 1484 692 y al Rey le daré á entender,
884 697 1422 739 como sobre mi no manda.
888 745 1511 787 Fué á palacio á su presencia,
886 793 1426 835 y con desahogo le habla:
881 842 1435 884 el Rey se quedó aturdido,
887 892 1395 935 temiendo no se enojara,
891 939 1380 984 y que á él le sucediera
889 989 1511 1030 lo que á su gente de guardia.
890 1036 1426 1079 Fuera cansarse mi pluma
887 1084 1417 1127 describir cosas tan raras
888 1134 1452 1175 como en las divinas letras
886 1182 1513 1224 de gente del campo se hallan;
891 1231 1431 1273 ceso en historias Divinas,
900 1280 1447 1323 paso á tratar las humanas.
886 1326 1396 1372 Los que defienden la Fé
888 1377 1444 1421 los que defienden la patria
888 1425 1480 1469 con las armas en las manos
900 1476 1503 1517 que han ganado honra y fama,
891 1525 1425 1564 es toda gente del campo,
892 1573 1450 1614 como lo dirá esta, y basta.
892 1621 1386 1663 En cierta conversacion
888 1669 1358 1711 dos capitanes de fama
887 1718 1447 1761 andaban con sus reclutas,
895 1766 1465 1808 entrambos muy camaradas,
893 1816 1455 1856 dijo el uno al otro: amigo,
897 1864 1385 1906 llevo soldados de fama,
897 1912 1449 1957 gente moza y muy lucida,
901 1957 1501 2005 porque en las cárceles, tantas
899 2009 1495 2052 las personas que prendieron,
899 2057 1476 2100 que yo á pierna los sacaba:
903 2105 1384 2148 solo que el corregidor
893 2157 1426 2197 hizo una cosa contraria,
903 2203 1461 2246 que á la puerta de la cárcel
899 2252 1411 2296 á las manos los miraba
