1765 2512
227 240 785 279 y el que con cayos lo veia,
233 289 724 322 al punto suelta le daba
227 336 826 374 diciendo, que los del campo,
230 383 728 423 si faltan de la labranza,
227 434 686 471 perecen los oficiales,
229 483 748 518 y el ejército en campaña.
229 530 730 567 Dijo el otro: amigo mio,
236 578 718 616 tu gente no vale nada,
228 629 794 663 la mia es toda del campo,
233 676 782 712 gente toda de importancia,
231 724 787 759 hechos á las inclemencias
235 774 778 810 de tiempos, soles y aguas,
236 822 695 863 y comidas trabajosas,
231 871 811 911 y allá en la guerra se hallan
225 921 749 956 con el pan de municion
233 969 837 1008 gordos, lucidos que pasman;
231 1017 669 1054 pero esos oficialillos,
229 1065 824 1103 hechos á estar en sus casas
232 1114 743 1153 con la puchera caliente,
232 1163 806 1202 pan blanco y sus rebanadas,
242 1212 858 1252 que no les dé el sol, ni el frio,
232 1261 743 1299 en estando una semena
233 1307 726 1349 en el servicio del Rey,
239 1358 768 1397 con mala comida y cama,
226 1404 812 1447 á la inclemencia del tiempo,
229 1454 786 1495 todos al hospital marchan,
231 1504 795 1540 con que la gente del campo
235 1552 808 1590 es quien defiende la patria,
231 1601 719 1640 y la Santa ley de Dios,
235 1649 675 1686 y si no mira la plana.
239 1697 738 1733 Cuando San Antonio vió
230 1746 722 1784 en la torre de Samaria
235 1794 748 1833 al Demonio allí sentado,
238 1843 780 1881 y no tuvo que hacer nada,
237 1891 703 1930 porque toda la ciudad
231 1941 788 1980 á los vicios se entregaba,
237 1989 734 2028 en el campo solamente
237 2038 750 2077 halló soldados de fama,
246 2089 797 2127 que enzalsan la ley de Dios
948 233 1533 268 en virtudes, letras y armas:
945 280 1459 318 y hoy dia tambien miro
949 331 1549 367 los Conventos, que se hallan
956 377 1462 415 en el campo solamente,
949 426 1508 463 son de mas virtud y fama.
950 473 1394 511 San Isidro Labrador
957 523 1452 560 con su arado y ahijada,
962 571 1426 610 está sobre los oficios,
955 621 1385 658 asi lo pinta la fama,
951 669 1631 710 porque en faltando el del campo,
960 717 1451 755 todos los oficios faltan;
955 766 1448 803 y si hubiera de escribir
951 816 1419 852 en todo sus alabanzas,
950 863 1484 901 libros grandes escribiera,
960 913 1436 949 y mi pluma no parara.
951 961 1544 999 Esto he dicho porque sepan,
958 1010 1488 1047 que se fundó sobre nada
950 1057 1431 1095 el oficial que escribió
959 1107 1483 1144 el Romance sin sustancia
952 1155 1510 1193 contra la gente del campo,
962 1203 1500 1242 que en política no hablan,
961 1254 1475 1295 y que por decir virtud,
959 1303 1495 1338 dicen vertú y no es tacha;
961 1350 1631 1390 que para el que no ha estudiado,
950 1399 1450 1437 no se ponen esas faltas,
961 1448 1485 1486 que tambien los oficiales
957 1497 1508 1534 por los mismos filos pasan.
959 1546 1373 1584 A mi unos oficiales
960 1594 1488 1631 me quisieron dar la baya,
954 1643 1510 1681 por ultrajarme del campo,
963 1691 1457 1730 pero sns oficios andan
959 1741 1414 1777 mas perdidos y peor,
957 1790 1483 1830 y asi no hablen palabra.
955 1838 1515 1875 Y aquí Francisco Serranoz;
947 1887 1471 1924 natural de Villa-Franca,
958 1936 1508 1974 que llaman de las Agujas,
960 1984 1433 2021 la pluma tiene parada
953 2032 1494 2070 que escribirá mucho mas
960 2083 1452 2119 en defensa de la causa.
619 2103 1253 2259 FIN DE LA PRIMERA PARTE.
