1737 2508
1532 0 1563 142 3
279 121 725 164 po que se case co né.
272 175 960 218 Por que mientras tu me quieras,
277 227 739 268 Frasquiyo, soy tuya yó
275 281 765 328 y con naide parto peras,
279 334 763 378 y vamos á dar carreras;
279 389 769 430 cuanto me jurgen. Salú!
292 437 811 481 —Oye, quienes ese moso?
301 488 820 535 —Es un inglé que conose,
271 548 639 585 aun mataó é toro.
323 598 846 639 -Moso güeno, ande basté?
280 646 846 693 —Piquí miqui, otro idioma,
273 707 887 746 hombre se está osté ibirtiendo
271 761 845 800 conmigo que estoy ardiendo
277 811 805 856 y no tengo gana é broma.
288 866 692 905 Y osté mosito cosio;
273 921 868 961 pueo saber porque está aquí.
293 969 894 1014 —Yo estoy aquí.., por que sí.
281 1022 679 1066 Y osté mosito barí?
309 1073 868 1124 Yo vine... porque evenio.
275 1130 658 1173 Una vé yo te quisí
279 1181 839 1226 y otra vé te estoy quisiendo
279 1237 689 1278 el amor que te tuví
275 1289 878 1332 siempre te lo estoy tuviendo.
335 1344 776 1390 Dime tu por un Dibé,
283 1398 750 1439 la verdad purita y neta
284 1450 744 1492 é tu tierra vamos á vé;
281 1501 769 1547 y no me jurgues inglés,
280 1558 856 1598 que me rompes la chaqueta.
281 1612 851 1654 Mira, ante de yo ser torero,
288 1662 632 1703 esio yo marinero,
285 1716 752 1762 y estube en Inglaterra,
281 1769 723 1812 y lo se toito y quiero,
281 1825 817 1864 desirte lo que es tu tierra.
278 1876 768 1917 Di que es mas barbariá,
283 1932 765 1970 lo que jasen los inglese
287 1984 731 2023 cuando echan á peleá
284 2038 726 2077 dó sobre los parnese.
280 2092 749 2131 Señor, si tiene que vé,
276 2146 820 2188 lo mismo que asemo aquí,
988 122 1456 161 oye con un poyo inglé;
983 175 1594 215 asen eyo por ayá con hombre.
983 229 1570 268 Le dan casne y aguardiente,
993 282 1488 321 en fin le hacen engordá,
989 330 1451 373 y así que está listo ya,
995 385 1467 427 pué, se reune la gente,
985 440 1419 478 y lo echan á peleá...
1040 492 1470 532 Ayí gritan, arbeyana!
988 544 1388 585 aquí, pepitas tostá!
988 597 1430 641 es la cosa mas gitana,
992 649 1402 691 que jiso la soberana
990 705 1424 745 mano de la eterniá...
1049 758 1624 797 Ya está er torito en la plaza,
990 811 1475 850 Dios mio, que batacaso,
996 863 1486 904 que corná, que paletaso,
991 918 1496 956 y entre cien mil picardia
987 970 1433 1011 salen los banderiyero,
992 1024 1512 1065 biene er toro, juy! salero;
987 1077 1501 1117 que lo cogió, pero como,
989 1130 1463 1168 le puso á topa carnero,
995 1183 1557 1223 dos pares ensima er lomo...
994 1237 1452 1276 Toro aquí paso sobrao
991 1289 1493 1330 guerve er toro y se tapa;
991 1341 1533 1384 y quea er vicho, á tortolao.
991 1396 1538 1434 Guerbe á soná la trompeta
987 1450 1426 1488 la monteriya, aya vá,
992 1503 1436 1542 toro, á la cuarta pasá
990 1557 1428 1595 bien se lia la muleta,
993 1608 1583 1648 y entra en lo rubio la espá...
1043 1662 1535 1702 Po señó, escucha inglé,
987 1714 1437 1754 lo que te voy á contá:
991 1768 1548 1807 En parí de Francia una vé,
989 1821 1443 1860 fueron á jasé, camará
996 1876 1422 1914 una corria, ja... ja...
993 1928 1455 1967 pensaron que era jase,
994 1981 1374 2021 un tarriyo é pomá.
988 2031 1520 2074 Fueron seis toros endinos
992 2088 1542 2127 de aquellos salamanquinos;
985 2140 1493 2182 por que allí no los habia
