1765 2512
454 122 498 159 2
357 163 897 219 y era la sombra que el sol
347 222 767 271 me jacia en la paré.
418 271 923 317 ¿De donde es?—Garitana,
355 323 853 373 de barrio é Santa Maria,
356 376 971 425 mas reonda que una mansana,
355 430 875 479 sabiendo mas que Triana:
360 482 825 534 con la sal é Andalusia.
394 532 965 582 —Es branca.—Como un papé
402 589 949 637 Y querenciosa una grama,
361 647 779 696 y con un pelo, José,
357 697 805 745 mas caracole hay ené
359 748 939 799 que pué abé en una retama.
365 804 787 850 Tiene los ojos de só,
367 857 849 905 los cachete de amapola,
375 910 933 963 ¿y er pecho? hasta hay yegó,
367 965 834 1015 ¿y su caraiter? de cola.
372 1018 781 1063 Y si la oyes un rato
361 1067 809 1120 te queas por un Dibé
371 1124 864 1171 como tres en un sapato,
361 1176 783 1224 mas pegao á la paré
369 1230 919 1277 que un cartelon de treatro.
373 1284 927 1325 —En la corria habrá estao.
389 1336 908 1379 No que no iria, cabales,
373 1389 846 1437 con su pañolon bordao
374 1444 760 1488 y su trage colorao,
370 1495 867 1544 con mas de mil faralaes.
383 1546 978 1592 —Oye, que te ijo er librijano
368 1601 827 1646 cuando al toro capeé?
401 1654 952 1698 —No mire osté á esa mujé,
378 1707 923 1753 ó le tiendo á osté la mano.
375 1760 943 1802 —Y tu que le ijistes?—Ná.
385 1814 852 1861 Lo pincharé de soslayo
379 1872 685 1914 miré pa Soleá,
381 1920 909 1966 y me gorví como un rayo,
387 1976 803 2021 al berrendo á capeá.
404 2025 946 2069 —Y no la has visto ar salí?
414 2079 933 2125 —Al subirme en la calesa,
382 2133 977 2178 y er tambien me guipó á mí,
379 2188 807 2235 me meneó la cabeza.
1068 146 1554 194 Y en jablándole á Soleá
1070 200 1525 251 y ar verme vení paquí
1063 248 1619 302 mos vamos con la cuadriya
1072 302 1661 352 que en la tienda é Curro está
1068 361 1423 407 reunía pa selebrá
1071 408 1581 457 la funcion con mansaniya.
1074 455 1743 512 Frasquillo-Dios te guarde, Soleá.
1097 512 1673 568 —Que tarí—Tán bien, mujé.
1113 571 1615 614 —Oye te jiso algo el toro,
1064 622 1555 670 Jesúl cuanto me asusté!
1094 676 1665 721 —Que me habia á mi é jasé,
1072 731 1576 776 estando tu cuerpo é oro,
1078 784 1519 829 Junto á tí mi corazon,
1076 836 1612 885 me paesen los toros asuca;
1071 889 1521 937 y mato de un gofeton,
1084 942 1593 990 desde er beserro mamon,
1085 994 1577 1045 jasta er toro de Sanluca.
1084 1047 1657 1096 Poique en viendo tu presona
1079 1101 1611 1151 los toros me paesen mona,
1087 1154 1617 1205 y er gentío un jormiguéro,
1082 1206 1611 1256 que de una patá, gachona!
1089 1266 1637 1311 juy! le junto en su agujero.
1083 1319 1613 1358 —Oye, que te ijo Perico?
1085 1373 1342 1413 —A mi? ná.
1089 1421 1597 1465 —Po er moso se á lusio,
1095 1475 1565 1523 caramba, paese querio,
1094 1528 1563 1576 pa poné una banderiya,
1091 1584 1519 1629 toita la plaza la triya
1096 1638 1485 1681 y á la fin sale juio.
1096 1687 1642 1730 —Por to ése moso tu pare
1096 1746 1312 1786 te quié dá.
1100 1796 1448 1839 Yo igo que none,
1087 1845 1663 1895 me lo ha dicho mi compare,
1140 1896 1693 1943 —Vaya á enamorá á su mare
1094 1953 1588 2000 que loque á mi, pitone!
1130 2008 1495 2052 —Ay Soleá, Soleá,
1088 2056 1760 2108 er tiene mucho poé con tu pare.
1150 2115 1427 2163 ¿Y á mí qué?
1083 2169 1527 2216 lo quié mi pare casá,
