1752 2480
268 136 300 175 4
150 193 738 243 brabo, y se armó la corria...
150 247 610 295 Salieron toitos vestios,
155 300 682 348 de frasque mu presumios,
152 351 694 399 no los toros, los franceses;
148 405 686 454 con sus guantes mu pulio,
153 460 718 504 ¿miste guantes pa las reses?
149 512 702 559 cuando estaban en la plasa
152 564 568 612 el que jiso cabesera,
148 617 656 667 los puso á toos en jilera,
151 671 721 721 no reirse que no es guasa...
201 725 830 774 Aun le ijo tu será musiu piqué,
157 778 562 821 tu musiu banderiyé
148 826 501 874 y tu musiu maté.
156 878 610 929 Po señó, sonó á la fin,
156 934 675 983 no creas tú que fué clarin
155 987 618 1038 er que tocaron al toro,
148 1042 712 1093 pa que fuea con mas ecoro,
159 1095 540 1141 tocaron un vigulin.
148 1146 832 1200 Po señó salió el primero, retinto,
160 1201 634 1248 camará y que laberinto
156 1254 740 1303 cuando er toro vió el frances
155 1309 743 1357 le envistió y fué á los quinto
160 1360 602 1411 el señó monsiu piqué,
154 1414 692 1465 fué ar segundo y lo bercó,
143 1466 691 1518 fué ar tersero y lo majó...
152 1521 602 1571 Allí metió los pitones,
868 201 1420 248 á este le abre los carzones,
866 255 1390 301 y aquel las tripas le pasa,
866 306 1346 352 y entre siquirí y nones,
859 360 1329 404 se quearon en la plasa
869 414 1430 458 mas de quinientos fardones.
872 465 1286 509 Toita la gente se fue
872 516 1372 566 dejando sobre er reondé,
868 572 1372 617 á musiu piqué roncando,
865 625 1301 666 con musiu banderillé
869 680 1366 724 y musiu maté, llorando.
913 731 1547 777 —Dolores, que meise usté á mi?
860 786 1134 829 so real tonta,
872 840 1309 880 chavojido, piensa osté
863 892 1230 932 que yo soy sorda?
862 946 1453 992 si me quiere osté dá cangelo
863 1000 1395 1044 no le vá osté á quear pelo
875 1054 1294 1097 en esa cabesa gorda.
928 1105 1349 1152 Y que queremos acá,
868 1160 1298 1202 no tiene osté colegío,
865 1214 1463 1255 que er santo de osté y er mio
867 1267 1324 1309 se estan dando gofetá.
911 1318 1476 1368 No me jurgue osté ar pelo,
859 1371 1316 1416 que le jago á osté así,
861 1425 1383 1468 me lo voy á osté á chupá
861 1479 1421 1522 lo mesmo que un caramelo.
805 1790 909 1945 FIN
155 2126 1547 2291 CARMONA:—Imp. y lib. de D. José M. Moreno, Madre de Dios, 1.
