1289 1751
634 213 668 249 5
285 253 1004 301 de capilla mayor pueden ser arcos.
285 302 975 349 Dos lámparas tus ojos encendidas,
291 350 1021 398 Tus pestañas dos mechas ó torcidas,
292 409 660 447 Tu nariz soberana
287 447 1031 495 es del templo de Venus la compana,
294 496 895 545 que suena (aunque son pocos)
295 545 975 593 en lugar de badajo con los mocos.
297 601 754 642 Tu boca, que homicida
293 644 1003 690 ha llenado de muertos la otra vida,
291 697 724 737 es en sus embelecos
289 736 1031 787 sepulcro donde estan agenos huesos.
293 787 976 835 Si tu barba de bello mas tuviera,
304 834 1015 883 por su hisopo el amor te la pidiera.
292 884 1045 932 Tus manos hacen, siendo celestiales,
303 932 947 980 perfecciones intactas manuales.
305 980 1087 1030 Es tu pie, por pequeño y por hermoso,
307 1029 1007 1078 pie de altar ó retablo muy curioso.
297 1086 775 1128 Tomasa y mas Tomasa,
302 1128 1005 1179 con que á ser Tomasísima se pasa,
307 1183 821 1226 es ya tiempo de hablarte,
310 1225 985 1273 verte y decirte, ofrecerte y darte.
187 1283 707 1324 Tom.. Pues tanto tomasea,
256 1314 1140 1373 qué es lo que he de tomar, señor badea?
188 1367 997 1421 Sac... Pide lo que quisieres, vé pidiendo.
187 1417 1029 1468 Tom.. A la vida no echamos un remiendo?
195 1467 1041 1518 Sac... Vámosla remendando: afuera brujas,
313 1516 1015 1567 que aqueste vino servirá de abujas;
311 1566 979 1617 y por si falta el hilo con el vino,
309 1615 961 1665 aquí viene una hebra de tocino.
