1188 1758
637 189 665 225 6
498 240 784 284 RUIDO DENTRO.
154 327 739 377 Tom.  Ay de mí desgraciada!
274 378 997 433 mi marido nos coge en la estacada,
275 426 708 475 Mas meta allí la bota,
279 475 997 529 y el pernil en aquella arquilla rota.
277 522 748 572 Entre en ese aposento,
273 570 1051 626 ande aprisa, y escóndase al momento.
157 663 1110 723 ESCONDESE EL SACRISTAN, Y SALE EL HERRERO CON
492 729 769 769 UNOS PASTELES.
146 815 723 866 Herr, Hermosa de mis ojos,
267 868 1067 922 con mucha mas razon que mis antojos,
268 920 866 963 cuyo talle y belleza peregrina
258 967 921 1013 retratada la tengo en mi oficina:
269 1013 917 1063 cuyo pelo de alambre peregrino
265 1061 994 1113 es red que enlaza á todo golondrino.
261 1109 874 1160 Es tu frente pulida cobertera,
258 1160 1032 1210 por quien los sesos no se salen fuera.
259 1206 986 1260 Tus cejas son la fragua de tus ojos,
252 1257 1091 1312 que aunque estánmuytostados, estánrojos.
255 1303 989 1361 Tus mejillas enciende el Niño ciego,
256 1354 958 1404 porque badiles son para su fuego.
253 1399 636 1446 Tu nariz soberana
252 1450 993 1504 parece que está hecha á la romaña.
243 1498 1013 1556 Tu boca cuando muerdes ó amenazas,
237 1546 968 1601 son muy niñas de teta mis tenazas.
244 1596 1084 1654 Tus manos, por lo blanco y por loairosas,
241 1646 1084 1700 son dos limas que raspan dos mil cosas.
