<?xml version="1.0" encoding="UTF-8" standalone="yes"?>
<PcGts xmlns="http://schema.primaresearch.org/PAGE/gts/pagecontent/2013-07-15" xmlns:xsi="http://www.w3.org/2001/XMLSchema-instance" xsi:schemaLocation="http://schema.primaresearch.org/PAGE/gts/pagecontent/2013-07-15 http://schema.primaresearch.org/PAGE/gts/pagecontent/2013-07-15/pagecontent.xsd">
    <Metadata>
        <Creator>prov=University of Rostock/Institute of Mathematics/CITlab|PLANET AI GmbH/Gundram Leifert/gundram.leifert@planet-ai.de:name=Pliegos de Cordel (XIXe) - v4(htr_id=27283)::::v=2.6.7
prov=University of Rostock/Institute of Mathematics/CITlab|PLANET AI GmbH/Tobias Gruening/tobias.gruening@planet-ai.de:name=de.uros.citlab.module.baseline2polygon.B2PSeamMultiOriented:v=2.6.7
prov=University of Rostock/Institute of Mathematics/CITlab|PLANET AI GmbH/Tobias Gruening/tobias.gruening@planet-ai.de:name=/net_tf/LA73_249_0mod360.pb:de.uros.citlab.segmentation.CITlab_LA_ML:v=2.6.7
Transkribus</Creator>
        <Created>2020-11-09T10:43:06.414+01:00</Created>
        <LastChange>2020-11-09T17:37:59.831+01:00</LastChange>
        <Comments>
                Measurement unit: pixel
                PrimaryLanguage: 
                Producer: Transkribus
            </Comments>
        <TranskribusMetadata docId="525371" pageId="22317899" pageNr="29" tsid="48450159" status="DONE" userId="66244" imgUrl="https://files.transkribus.eu/Get?id=JZOWLCUUKQSUHKMVROVOMUGL&amp;fileType=view" xmlUrl="https://files.transkribus.eu/Get?id=SKUUQOUNXWMYPPZBQOZKDNGG" imageId="17387422"/>
    </Metadata>
    <Page imageFilename="Moreno_095_9.jpg" imageWidth="1338" imageHeight="1751">
        <PrintSpace>
            <Coords points="1,1 1338,1 1338,1751 1,1751"/>
        </PrintSpace>
        <ReadingOrder>
            <OrderedGroup id="ro_1606755293388" caption="Regions reading order">
                <RegionRefIndexed index="0" regionRef="r_1_1"/>
            </OrderedGroup>
        </ReadingOrder>
        <TextRegion orientation="0.0" type="paragraph" id="r_1_1" custom="readingOrder {index:0;}">
            <Coords points="286,199 1251,199 1251,1729 286,1729"/>
            <TextLine id="line_1604939857720_356" custom="readingOrder {index:0;}">
                <Coords points="751,204 787,204 787,250 751,250"/>
                <TextEquiv>
                    <Unicode>9</Unicode>
                </TextEquiv>
            </TextLine>
            <TextLine id="r_1_1l1" custom="readingOrder {index:1;}">
                <Coords points="415,305 452,305 490,304 527,304 565,304 603,304 640,303 678,303 715,302 753,302 791,301 828,301 866,300 903,299 941,298 979,297 1016,296 1054,295 1091,294 1129,293 1167,291 1167,255 1129,257 1091,258 1054,259 1016,260 979,261 941,262 903,263 866,264 828,265 791,265 753,266 715,266 678,267 640,267 603,268 565,268 527,268 490,268 452,269 415,269"/>
                <Baseline points="415,293 452,293 490,292 527,292 565,292 603,292 640,291 678,291 715,290 753,290 791,289 828,289 866,288 903,287 941,286 979,285 1016,284 1054,283 1091,282 1129,281 1167,279"/>
                <TextEquiv>
                    <Unicode>Vos os resistireis, que sois honrada.</Unicode>
                </TextEquiv>
            </TextLine>
            <TextLine id="r_1_1l2" custom="readingOrder {index:2;}">
                <Coords points="402,353 442,354 482,354 522,354 562,354 603,354 643,353 683,353 723,353 763,352 804,352 844,351 884,350 924,349 964,348 1005,347 1045,346 1085,344 1125,343 1165,342 1206,340 1206,304 1165,306 1125,307 1085,308 1045,310 1005,311 964,312 924,313 884,314 844,315 804,316 763,316 723,317 683,317 643,317 603,318 562,318 522,318 482,318 442,318 402,317"/>
                <Baseline points="402,341 442,342 482,342 522,342 562,342 603,342 643,341 683,341 723,341 763,340 804,340 844,339 884,338 924,337 964,336 1005,335 1045,334 1085,332 1125,331 1165,330 1206,328"/>
                <TextEquiv>
                    <Unicode>Dejadme ir por el pico. Ay tal taimada!</Unicode>
                </TextEquiv>
            </TextLine>
            <TextLine id="r_1_1l3" custom="readingOrder {index:3;}">
                <Coords points="444,450 477,450 510,450 543,450 576,450 609,450 642,449 676,449 709,449 742,448 775,448 808,448 841,447 874,447 908,446 941,445 974,445 1007,444 1040,443 1073,442 1107,441 1107,405 1073,406 1040,407 1007,408 974,409 941,409 908,410 874,411 841,411 808,412 775,412 742,412 709,413 676,413 642,413 609,414 576,414 543,414 510,414 477,414 444,414"/>
                <Baseline points="444,438 477,438 510,438 543,438 576,438 609,438 642,437 676,437 709,437 742,436 775,436 808,436 841,435 874,435 908,434 941,433 974,433 1007,432 1040,431 1073,430 1107,429"/>
                <TextEquiv>
                    <Unicode>VA A ENTRAR, Y ELLA LO DETIENE.</Unicode>
                </TextEquiv>
            </TextLine>
            <TextLine id="r_1_1l4" custom="readingOrder {index:4;}">
                <Coords points="292,550 335,549 378,548 421,548 465,547 508,546 551,546 595,545 638,545 681,544 725,543 768,543 811,542 854,541 898,541 941,540 984,539 1028,538 1071,536 1114,535 1158,534 1158,500 1114,501 1071,502 1028,504 984,505 941,506 898,507 854,507 811,508 768,509 725,509 681,510 638,511 595,511 551,512 508,512 465,513 421,514 378,514 335,515 292,516"/>
                <Baseline points="292,539 335,538 378,537 421,537 465,536 508,535 551,535 595,534 638,534 681,533 725,532 768,532 811,531 854,530 898,530 941,529 984,528 1028,527 1071,525 1114,524 1158,523"/>
                <TextEquiv>
                    <Unicode>Tom..Lo primero es comer: ay tal exceso!</Unicode>
                </TextEquiv>
            </TextLine>
            <TextLine id="r_1_1l5" custom="readingOrder {index:5;}">
                <Coords points="289,598 332,597 375,596 418,595 462,595 505,594 548,594 592,594 635,593 678,593 722,592 765,592 808,591 851,591 895,590 938,589 981,588 1025,586 1068,584 1111,582 1155,580 1155,547 1111,549 1068,551 1025,553 981,555 938,556 895,557 851,558 808,558 765,559 722,559 678,560 635,560 592,561 548,561 505,561 462,562 418,562 375,563 332,564 289,565"/>
                <Baseline points="289,587 332,586 375,585 418,584 462,584 505,583 548,583 592,583 635,582 678,582 722,581 765,581 808,580 851,580 895,579 938,578 981,577 1025,575 1068,573 1111,571 1155,569"/>
                <TextEquiv>
                    <Unicode>Mol.. Si no tenemos qué, para qué es eso?</Unicode>
                </TextEquiv>
            </TextLine>
            <TextLine id="r_1_1l6" custom="readingOrder {index:6;}">
                <Coords points="293,646 338,646 383,645 429,645 474,644 520,644 565,643 610,643 656,642 701,641 747,641 792,640 837,639 883,638 928,638 974,637 1019,636 1064,635 1110,634 1155,634 1201,633 1201,599 1155,600 1110,600 1064,601 1019,602 974,603 928,604 883,604 837,605 792,606 747,607 701,607 656,608 610,609 565,609 520,610 474,610 429,611 383,611 338,612 293,612"/>
                <Baseline points="293,635 338,635 383,634 429,634 474,633 520,633 565,632 610,632 656,631 701,630 747,630 792,629 837,628 883,627 928,627 974,626 1019,625 1064,624 1110,623 1155,623 1201,622"/>
                <TextEquiv>
                    <Unicode>Sold. Ellos me han sospechado por dormido,</Unicode>
                </TextEquiv>
            </TextLine>
            <TextLine id="r_1_1l7" custom="readingOrder {index:7;}">
                <Coords points="698,688 725,688 752,688 780,688 807,688 834,688 862,689 862,655 834,654 807,654 780,654 752,654 725,654 698,654"/>
                <Baseline points="698,677 725,677 752,677 780,677 807,677 834,677 862,678"/>
                <TextEquiv>
                    <Unicode>(aparte.)</Unicode>
                </TextEquiv>
            </TextLine>
            <TextLine id="r_1_1l8" custom="readingOrder {index:8;}">
                <Coords points="415,747 445,746 476,744 507,743 538,741 569,741 599,740 630,739 661,738 692,738 723,738 753,737 784,737 815,736 846,736 877,736 907,735 938,735 969,734 1000,734 1031,733 1031,699 1000,700 969,700 938,701 907,701 877,702 846,702 815,702 784,703 753,703 723,704 692,704 661,704 630,705 599,706 569,707 538,707 507,709 476,710 445,712 415,713"/>
                <Baseline points="415,736 445,735 476,733 507,732 538,730 569,730 599,729 630,728 661,727 692,727 723,727 753,726 784,726 815,725 846,725 877,725 907,724 938,724 969,723 1000,723 1031,722"/>
                <TextEquiv>
                    <Unicode>y si no salgo todo va perdido.</Unicode>
                </TextEquiv>
            </TextLine>
            <TextLine id="r_1_1l9" custom="readingOrder {index:9;}">
                <Coords points="669,787 696,786 724,785 752,785 779,784 807,784 835,785 863,787 863,754 835,752 807,751 779,751 752,752 724,752 696,753 669,754"/>
                <Baseline points="669,776 696,775 724,774 752,774 779,773 807,773 835,774 863,776"/>
                <TextEquiv>
                    <Unicode>(levántase.)</Unicode>
                </TextEquiv>
            </TextLine>
            <TextLine id="r_1_1l10" custom="readingOrder {index:10;}">
                <Coords points="414,841 454,840 495,839 535,837 576,837 616,836 657,835 697,834 738,834 778,833 819,833 860,832 900,832 941,831 981,830 1022,830 1062,829 1103,828 1143,827 1184,826 1225,824 1225,791 1184,793 1143,794 1103,795 1062,796 1022,797 981,797 941,798 900,799 860,799 819,800 778,800 738,801 697,801 657,802 616,803 576,804 535,804 495,806 454,807 414,808"/>
                <Baseline points="414,830 454,829 495,828 535,826 576,826 616,825 657,824 697,823 738,823 778,822 819,822 860,821 900,821 941,820 981,819 1022,819 1062,818 1103,817 1143,816 1184,815 1225,813"/>
                <TextEquiv>
                    <Unicode>A qué ha sido volver tan al momento?</Unicode>
                </TextEquiv>
            </TextLine>
            <TextLine id="r_1_1l11" custom="readingOrder {index:11;}">
                <Coords points="298,891 341,890 385,888 429,887 473,887 516,886 560,885 604,885 648,885 691,884 735,884 779,883 823,883 866,882 910,881 954,881 998,879 1041,878 1085,877 1129,876 1173,874 1173,840 1129,842 1085,843 1041,844 998,845 954,847 910,847 866,848 823,849 779,849 735,850 691,850 648,851 604,851 560,851 516,852 473,853 429,853 385,854 341,856 298,857"/>
                <Baseline points="298,880 341,879 385,877 429,876 473,876 516,875 560,874 604,874 648,874 691,873 735,873 779,872 823,872 866,871 910,870 954,870 998,868 1041,867 1085,866 1129,865 1173,863"/>
                <TextEquiv>
                    <Unicode>Mol.. Vuesasted se reporte, Seor Sargento.</Unicode>
                </TextEquiv>
            </TextLine>
            <TextLine id="r_1_1l12" custom="readingOrder {index:12;}">
                <Coords points="305,938 346,937 387,937 429,936 470,936 512,935 553,935 594,934 636,934 677,933 719,932 760,932 801,931 843,930 884,929 926,929 967,928 1008,927 1050,925 1091,924 1133,923 1133,889 1091,890 1050,891 1008,893 967,894 926,895 884,895 843,896 801,897 760,898 719,898 677,899 636,900 594,900 553,901 512,901 470,902 429,902 387,903 346,903 305,904"/>
                <Baseline points="305,927 346,926 387,926 429,925 470,925 512,924 553,924 594,923 636,923 677,922 719,921 760,921 801,920 843,919 884,918 926,918 967,917 1008,916 1050,914 1091,913 1133,912"/>
                <TextEquiv>
                    <Unicode>Sold. Así me quita el sueño, voto á listo?</Unicode>
                </TextEquiv>
            </TextLine>
            <TextLine id="r_1_1l13" custom="readingOrder {index:13;}">
                <Coords points="304,987 348,986 392,985 436,985 480,984 524,983 568,982 613,982 657,981 701,980 745,980 789,979 833,978 878,978 922,977 966,976 1010,975 1054,974 1098,973 1143,972 1143,938 1098,939 1054,940 1010,941 966,942 922,943 878,944 833,944 789,945 745,946 701,946 657,947 613,948 568,948 524,949 480,950 436,951 392,951 348,952 304,953"/>
                <Baseline points="304,976 348,975 392,974 436,974 480,973 524,972 568,971 613,971 657,970 701,969 745,969 789,968 833,967 878,967 922,966 966,965 1010,964 1054,963 1098,962 1143,961"/>
                <TextEquiv>
                    <Unicode>Mol.. Yo no se lo quité, ni se le he visto.</Unicode>
                </TextEquiv>
            </TextLine>
            <TextLine id="r_1_1l14" custom="readingOrder {index:14;}">
                <Coords points="419,1032 459,1032 500,1032 541,1031 582,1031 622,1030 663,1030 704,1029 745,1028 785,1028 826,1027 867,1026 908,1025 948,1024 989,1024 1030,1023 1071,1022 1111,1021 1152,1021 1193,1020 1234,1019 1234,985 1193,986 1152,987 1111,987 1071,988 1030,989 989,990 948,990 908,991 867,992 826,993 785,994 745,994 704,995 663,996 622,996 582,997 541,997 500,998 459,998 419,998"/>
                <Baseline points="419,1021 459,1021 500,1021 541,1020 582,1020 622,1019 663,1019 704,1018 745,1017 785,1017 826,1016 867,1015 908,1014 948,1013 989,1013 1030,1012 1071,1011 1111,1010 1152,1010 1193,1009 1234,1008"/>
                <TextEquiv>
                    <Unicode>Por el pico he venido: Aquesto es juego?</Unicode>
                </TextEquiv>
            </TextLine>
            <TextLine id="r_1_1l15" custom="readingOrder {index:15;}">
                <Coords points="305,1082 347,1082 390,1082 433,1082 476,1082 519,1081 561,1081 604,1080 647,1079 690,1078 733,1078 775,1077 818,1076 861,1075 904,1074 947,1073 989,1073 1032,1072 1075,1072 1118,1071 1161,1071 1161,1037 1118,1037 1075,1038 1032,1038 989,1039 947,1039 904,1040 861,1041 818,1042 775,1043 733,1044 690,1044 647,1045 604,1046 561,1047 519,1047 476,1048 433,1048 390,1048 347,1048 305,1048"/>
                <Baseline points="305,1071 347,1071 390,1071 433,1071 476,1071 519,1070 561,1070 604,1069 647,1068 690,1067 733,1067 775,1066 818,1065 861,1064 904,1063 947,1062 989,1062 1032,1061 1075,1061 1118,1060 1161,1060"/>
                <TextEquiv>
                    <Unicode>Sold..Lo primero es comer, é iráse luego.</Unicode>
                </TextEquiv>
            </TextLine>
            <TextLine id="r_1_1l16" custom="readingOrder {index:16;}">
                <Coords points="299,1132 344,1132 390,1131 435,1130 481,1130 526,1129 572,1129 617,1128 663,1128 708,1127 754,1127 800,1126 845,1125 891,1125 936,1124 982,1123 1027,1122 1073,1121 1118,1120 1164,1118 1210,1117 1210,1083 1164,1084 1118,1086 1073,1087 1027,1088 982,1089 936,1090 891,1091 845,1091 800,1092 754,1093 708,1093 663,1094 617,1094 572,1095 526,1095 481,1096 435,1096 390,1097 344,1098 299,1098"/>
                <Baseline points="299,1121 344,1121 390,1120 435,1119 481,1119 526,1118 572,1118 617,1117 663,1117 708,1116 754,1116 800,1115 845,1114 891,1114 936,1113 982,1112 1027,1111 1073,1110 1118,1109 1164,1107 1210,1106"/>
                <TextEquiv>
                    <Unicode>Mol.. Sabe usté si lo hay, que eso persuade?</Unicode>
                </TextEquiv>
            </TextLine>
            <TextLine id="r_1_1l17" custom="readingOrder {index:17;}">
                <Coords points="302,1183 343,1182 384,1181 425,1180 467,1179 508,1179 549,1178 590,1178 632,1177 673,1177 714,1177 755,1176 797,1176 838,1175 879,1175 920,1174 962,1174 1003,1173 1044,1172 1085,1171 1127,1170 1127,1137 1085,1138 1044,1139 1003,1140 962,1141 920,1141 879,1142 838,1142 797,1143 755,1143 714,1144 673,1144 632,1144 590,1145 549,1145 508,1146 467,1146 425,1147 384,1148 343,1149 302,1150"/>
                <Baseline points="302,1172 343,1171 384,1170 425,1169 467,1168 508,1168 549,1167 590,1167 632,1166 673,1166 714,1166 755,1165 797,1165 838,1164 879,1164 920,1163 962,1163 1003,1162 1044,1161 1085,1160 1127,1159"/>
                <TextEquiv>
                    <Unicode>Sold.Lo que digo ha de hacer, y no me</Unicode>
                </TextEquiv>
            </TextLine>
            <TextLine id="r_1_1l18" custom="readingOrder {index:18;}">
                <Coords points="425,1225 454,1226 484,1226 513,1227 543,1227 573,1229 573,1196 543,1194 513,1194 484,1193 454,1193 425,1192"/>
                <Baseline points="425,1214 454,1215 484,1215 513,1216 543,1216 573,1218"/>
                <TextEquiv>
                    <Unicode>enfade.</Unicode>
                </TextEquiv>
            </TextLine>
            <TextLine id="r_1_1l19" custom="readingOrder {index:19;}">
                <Coords points="428,1276 453,1276 478,1276 503,1276 529,1276 554,1276 579,1276 605,1275 630,1275 655,1275 680,1275 706,1274 731,1274 756,1274 782,1274 807,1274 832,1274 858,1274 858,1241 832,1241 807,1241 782,1241 756,1241 731,1241 706,1241 680,1242 655,1242 630,1242 605,1242 579,1243 554,1243 529,1243 503,1243 478,1243 453,1243 428,1243"/>
                <Baseline points="428,1265 453,1265 478,1265 503,1265 529,1265 554,1265 579,1265 605,1264 630,1264 655,1264 680,1264 706,1263 731,1263 756,1263 782,1263 807,1263 832,1263 858,1263"/>
                <TextEquiv>
                    <Unicode>Si yo soy hechicero,</Unicode>
                </TextEquiv>
            </TextLine>
            <TextLine id="r_1_1l20" custom="readingOrder {index:20;}">
                <Coords points="427,1327 466,1327 505,1326 544,1326 583,1325 622,1325 661,1324 700,1323 739,1323 778,1322 817,1321 856,1320 895,1319 934,1319 973,1318 1012,1317 1051,1317 1090,1316 1129,1316 1168,1316 1207,1316 1207,1283 1168,1283 1129,1283 1090,1283 1051,1284 1012,1284 973,1285 934,1286 895,1286 856,1287 817,1288 778,1289 739,1290 700,1290 661,1291 622,1292 583,1292 544,1293 505,1293 466,1294 427,1294"/>
                <Baseline points="427,1316 466,1316 505,1315 544,1315 583,1314 622,1314 661,1313 700,1312 739,1312 778,1311 817,1310 856,1309 895,1308 934,1308 973,1307 1012,1306 1051,1306 1090,1305 1129,1305 1168,1305 1207,1305"/>
                <TextEquiv>
                    <Unicode>y hago venir manjares cuantos quiero,</Unicode>
                </TextEquiv>
            </TextLine>
            <TextLine id="r_1_1l21" custom="readingOrder {index:21;}">
                <Coords points="429,1378 468,1377 507,1376 546,1375 585,1374 624,1373 663,1373 702,1372 741,1372 780,1371 819,1371 858,1370 897,1370 936,1369 975,1368 1014,1368 1053,1367 1092,1366 1131,1365 1170,1364 1210,1363 1210,1329 1170,1330 1131,1331 1092,1332 1053,1333 1014,1334 975,1334 936,1335 897,1336 858,1336 819,1337 780,1337 741,1338 702,1338 663,1339 624,1339 585,1340 546,1341 507,1342 468,1343 429,1344"/>
                <Baseline points="429,1367 468,1366 507,1365 546,1364 585,1363 624,1362 663,1362 702,1361 741,1361 780,1360 819,1360 858,1359 897,1359 936,1358 975,1357 1014,1357 1053,1356 1092,1355 1131,1354 1170,1353 1210,1352"/>
                <TextEquiv>
                    <Unicode>porqué me hé de pasar con tal laceria?</Unicode>
                </TextEquiv>
            </TextLine>
            <TextLine id="r_1_1l22" custom="readingOrder {index:22;}">
                <Coords points="421,1425 448,1425 476,1425 503,1424 531,1424 558,1423 586,1423 613,1422 641,1422 668,1421 696,1421 723,1420 751,1420 778,1420 806,1419 833,1419 861,1419 888,1419 916,1419 943,1419 971,1419 971,1386 943,1386 916,1386 888,1386 861,1386 833,1386 806,1386 778,1387 751,1387 723,1387 696,1388 668,1388 641,1389 613,1389 586,1390 558,1390 531,1391 503,1391 476,1392 448,1392 421,1392"/>
                <Baseline points="421,1414 448,1414 476,1414 503,1413 531,1413 558,1412 586,1412 613,1411 641,1411 668,1410 696,1410 723,1409 751,1409 778,1409 806,1408 833,1408 861,1408 888,1408 916,1408 943,1408 971,1408"/>
                <TextEquiv>
                    <Unicode>Ande, que eso es miseria.</Unicode>
                </TextEquiv>
            </TextLine>
            <TextLine id="r_1_1l23" custom="readingOrder {index:23;}">
                <Coords points="438,1470 473,1470 508,1470 544,1470 579,1470 614,1470 650,1469 685,1469 720,1469 756,1468 791,1468 826,1468 862,1467 897,1467 932,1466 968,1466 1003,1465 1038,1464 1074,1464 1109,1463 1145,1462 1145,1429 1109,1430 1074,1431 1038,1431 1003,1432 968,1433 932,1433 897,1434 862,1434 826,1435 791,1435 756,1435 720,1436 685,1436 650,1436 614,1437 579,1437 544,1437 508,1437 473,1437 438,1437"/>
                <Baseline points="438,1459 473,1459 508,1459 544,1459 579,1459 614,1459 650,1458 685,1458 720,1458 756,1457 791,1457 826,1457 862,1456 897,1456 932,1455 968,1455 1003,1454 1038,1453 1074,1453 1109,1452 1145,1451"/>
                <TextEquiv>
                    <Unicode>Vé? con este compas y esta postura</Unicode>
                </TextEquiv>
            </TextLine>
            <TextLine id="r_1_1l24" custom="readingOrder {index:24;}">
                <Coords points="428,1520 453,1520 479,1520 505,1520 530,1520 556,1520 582,1520 608,1519 633,1519 659,1518 685,1518 711,1518 736,1517 762,1517 788,1517 814,1518 814,1484 788,1483 762,1483 736,1483 711,1484 685,1484 659,1484 633,1485 608,1485 582,1486 556,1486 530,1486 505,1486 479,1486 453,1486 428,1486"/>
                <Baseline points="428,1509 453,1509 479,1509 505,1509 530,1509 556,1509 582,1509 608,1508 633,1508 659,1507 685,1507 711,1507 736,1506 762,1506 788,1506 814,1507"/>
                <TextEquiv>
                    <Unicode>levanto aquí figura</Unicode>
                </TextEquiv>
            </TextLine>
            <TextLine id="r_1_1l25" custom="readingOrder {index:25;}">
                <Coords points="425,1568 461,1568 497,1568 533,1568 569,1568 605,1567 641,1567 677,1566 713,1566 749,1565 785,1565 821,1564 857,1563 893,1563 929,1563 965,1562 1001,1562 1037,1562 1073,1561 1109,1561 1145,1562 1145,1528 1109,1527 1073,1527 1037,1528 1001,1528 965,1528 929,1529 893,1529 857,1529 821,1530 785,1531 749,1531 713,1532 677,1532 641,1533 605,1533 569,1534 533,1534 497,1534 461,1534 425,1534"/>
                <Baseline points="425,1557 461,1557 497,1557 533,1557 569,1557 605,1556 641,1556 677,1555 713,1555 749,1554 785,1554 821,1553 857,1552 893,1552 929,1552 965,1551 1001,1551 1037,1551 1073,1550 1109,1550 1145,1551"/>
                <TextEquiv>
                    <Unicode>Desde el polo que sopla del favonio,</Unicode>
                </TextEquiv>
            </TextLine>
            <TextLine id="r_1_1l26" custom="readingOrder {index:26;}">
                <Coords points="433,1618 465,1618 497,1618 529,1618 561,1618 593,1617 625,1617 657,1617 689,1616 721,1616 754,1615 786,1615 818,1614 850,1613 882,1613 914,1612 946,1611 978,1610 1010,1610 1042,1609 1075,1608 1075,1574 1042,1575 1010,1576 978,1576 946,1577 914,1578 882,1579 850,1579 818,1580 786,1581 754,1581 721,1582 689,1582 657,1583 625,1583 593,1583 561,1584 529,1584 497,1584 465,1584 433,1584"/>
                <Baseline points="433,1607 465,1607 497,1607 529,1607 561,1607 593,1606 625,1606 657,1606 689,1605 721,1605 754,1604 786,1604 818,1603 850,1602 882,1602 914,1601 946,1600 978,1599 1010,1599 1042,1598 1075,1597"/>
                <TextEquiv>
                    <Unicode>hago venir por arte del demonio</Unicode>
                </TextEquiv>
            </TextLine>
            <TextLine id="r_1_1l27" custom="readingOrder {index:27;}">
                <Coords points="434,1667 467,1667 501,1667 535,1666 569,1666 602,1666 636,1665 670,1665 704,1665 737,1664 771,1664 805,1663 839,1663 872,1662 906,1661 940,1661 974,1659 1007,1658 1041,1657 1075,1656 1109,1654 1109,1620 1075,1622 1041,1623 1007,1624 974,1625 940,1627 906,1627 872,1628 839,1629 805,1629 771,1630 737,1630 704,1631 670,1631 636,1631 602,1632 569,1632 535,1632 501,1633 467,1633 434,1633"/>
                <Baseline points="434,1656 467,1656 501,1656 535,1655 569,1655 602,1655 636,1654 670,1654 704,1654 737,1653 771,1653 805,1652 839,1652 872,1651 906,1650 940,1650 974,1648 1007,1647 1041,1646 1075,1645 1109,1643"/>
                <TextEquiv>
                    <Unicode>miles de cosas: ya por otra parte</Unicode>
                </TextEquiv>
            </TextLine>
            <TextLine id="r_1_1l28" custom="readingOrder {index:28;}">
                <Coords points="432,1715 466,1716 500,1717 535,1717 569,1717 603,1717 638,1717 672,1717 706,1716 741,1716 775,1715 809,1714 844,1713 878,1712 912,1711 947,1711 981,1710 1015,1709 1050,1709 1084,1708 1119,1708 1119,1674 1084,1674 1050,1675 1015,1675 981,1676 947,1677 912,1677 878,1678 844,1679 809,1680 775,1681 741,1682 706,1682 672,1683 638,1683 603,1683 569,1683 535,1683 500,1683 466,1682 432,1681"/>
                <Baseline points="432,1704 466,1705 500,1706 535,1706 569,1706 603,1706 638,1706 672,1706 706,1705 741,1705 775,1704 809,1703 844,1702 878,1701 912,1700 947,1700 981,1699 1015,1698 1050,1698 1084,1697 1119,1697"/>
                <TextEquiv>
                    <Unicode>se mueven los espíritus de Marte;</Unicode>
                </TextEquiv>
            </TextLine>
            <TextEquiv>
                <Unicode>9
Vos os resistireis, que sois honrada.
Dejadme ir por el pico. Ay tal taimada!
VA A ENTRAR, Y ELLA LO DETIENE.
Tom..Lo primero es comer: ay tal exceso!
Mol.. Si no tenemos qué, para qué es eso?
Sold. Ellos me han sospechado por dormido,
(aparte.)
y si no salgo todo va perdido.
(levántase.)
A qué ha sido volver tan al momento?
Mol.. Vuesasted se reporte, Seor Sargento.
Sold. Así me quita el sueño, voto á listo?
Mol.. Yo no se lo quité, ni se le he visto.
Por el pico he venido: Aquesto es juego?
Sold..Lo primero es comer, é iráse luego.
Mol.. Sabe usté si lo hay, que eso persuade?
Sold.Lo que digo ha de hacer, y no me
enfade.
Si yo soy hechicero,
y hago venir manjares cuantos quiero,
porqué me hé de pasar con tal laceria?
Ande, que eso es miseria.
Vé? con este compas y esta postura
levanto aquí figura
Desde el polo que sopla del favonio,
hago venir por arte del demonio
miles de cosas: ya por otra parte
se mueven los espíritus de Marte;</Unicode>
            </TextEquiv>
        </TextRegion>
    </Page>
</PcGts>
