1188 1758
677 79 716 116 2.
334 122 1068 163 Dios nos libre de malas compañías.
221 172 1122 210 Tom.. Esas cosas dices cuando yo os quiero?
216 221 1056 260 Mol... Esas y otras que dejo en el tintero.
340 269 1035 307 Yo me voy á ese otero mas vecino
331 318 938 356 á picar una piedra de molino;
333 368 1126 406 y pues el seor Sargento queda en casa,
328 415 713 454 suplícote, Tomasa,
326 463 1158 503 si el Sargento á hacer gente se endereza,
329 511 1063 551 que me armes con tiento la cabeza.
212 561 1116 599 Tom.  Ese juicio heis de hacer impertinente?
213 609 1057 647 Mol...Mil cosas se me ponen en la frente.
209 658 1039 697 Sold..Mas qué castigo tanto atrevimiento?
207 707 1071 746 Mol.. Vuesasted se reporte, seor Sargento,
326 755 1055 795 que vasta que usted quede con ella.
204 804 1122 843 Tom. Yo he nacido con vos en mala estrella,
331 853 1051 891 Jesús, que condicion tan importuna!
201 902 1087 940 Mol... Yo con vos he nacido en mala luna,
331 951 1019 987 puesto que la madera de mi frente
328 997 1003 1035 en todo el año sale de creciente.
319 1045 742 1085 A Dios Tomasa mia,
323 1094 982 1133 hasta mañana ó hasta esotrodia.
198 1143 1124 1184 Tom. Probareis que mi amor es sin segundo.
194 1192 1122 1232 Mol... Ya vos prueba, Tomasa, todo el mundo.
316 1241 801 1283 A Dios, á Dios, esposa.
400 1337 930 1380 HACE QUE SE VA, Y VUELVE.
311 1438 1078 1476 Ah, sí, que me olvidaba de otra cosa:
311 1484 1140 1526 dadme un apretador, por si es que empieza
309 1532 952 1574 á cargarseme mucho la cabeza.
