1217 1760
532 249 584 285 10
210 294 936 341 y si acaso corriere mucho albornio,
196 342 890 387 favorable se muestra Capricornio.
196 392 641 431 Atended con cuidado.
199 440 915 483 Detras del arconcillo me han tirado
195 489 662 527 un pernil, que fiambre
198 538 1032 584 ha de ser el remedio de nuestra hambre.
308 635 806 680 VA TOMASA Y LO SACA.
78 727 710 774 Tom. Aquí está: dicho y hecho.
74 776 982 824 Sold. Vuelvo el compás, y póngolo derecho.
71 825 920 874 Mol.. Por Dios que es la verdad: mal año
189 876 336 916 afuera.
199 926 956 971 Para el alma que del jamon comiera.
186 975 974 1019 Por dónde viene y cómo estará tierno!
68 1022 977 1069 Sol...Por donde ha de venir por el infierno.
193 1074 999 1119 Sepa usted, que conmigo bien se pasa;
194 1123 906 1167 pero no sabe lo que tiene en casa.
190 1170 876 1215 Por aquí tiene Venus el turgurio,
194 1220 950 1264 por allí se enfurece el Dios Mercurio;
194 1271 974 1311 por el cenit sangriento está el planeta.
194 1314 994 1361 Voto al sol, que ya ha obrado la receta.
190 1362 721 1403 Huéspeda, unos manteles
183 1412 920 1459 hallará en la alhacena con pasteles.
334 1519 756 1560 VA TOMASA Y LOS SACA.
186 1611 724 1653 Vuélvome ahora á oriente:
178 1666 982 1706 tiene el signo de Tauro muy enfrente, ;
136 1712 546 1745 y ácia el norte le
