1338 1751
698 89 752 128 13
240 133 1197 181 Mol.. Pues no puedo beber, que estó achacoso.
358 189 800 227 Pero por darle gusto,
368 233 1198 273 yo beberé un traguito, que es muy justo.
246 281 1109 325 Tom.. Que los diablos se fuesen en ayunas,
367 329 1077 372 pues pudieran probar las aceitunas!
237 381 839 423 Mol... Qué lástima les tengan!
242 427 1197 471 Sold. Pues con esto no más, haré que vengan.
244 519 1204 564 SILVA, Y SALEN LOS DOS COMO ANTES: COGEN EN MEDIO
322 566 1111 607 AL MOLINERO, SE SIENTAN; Y EL SE LEVANTA.
242 648 1011 698 Sold. Para qué se levanta ó se desvía?
239 698 1032 746 Mol.. . Para hacer á los dos la cortesía.
242 750 865 795 Sold. Siéntese y coman juntos.
241 795 1015 843 Mol... Por el ánima va de sus difuntos.
250 842 1175 891 Sold.. Vaya pues que le doy con este asiento?
246 891 1107 941 Mol.. Vuesasted se reporte, seor Sargento.
359 939 1059 987 No me puedo sentar en lugar bajo,
364 988 1115 1035 que me dan corrimientos por abajo.
250 1040 849 1084 Sol... Sois un puerco cochino.
246 1086 1197 1133 Mol.. . Dice usted muy bien; mas no me inclino.
365 1138 780 1181 Cada cual estornuda
370 1182 1153 1229 por donde el seor diablo echa la ayuda.
250 1231 1155 1277 Sold.. Siéntese entre los dos, yo doy licencia.
249 1280 1151 1326 Mol... Estoy así muy bien en mi conciencia.
241 1329 1175 1377 Sold.  Aquí se ha de sentar, mal de su grado.
249 1377 1149 1425 Mol.. Véame aquí vusted, ya estoy sentado.
486 1474 967 1518 SIENTASE ENTRE LOS DOS.
376 1551 1109 1596 Cómo comen los dos! San Anacleto,
