1289 1751
626 153 658 186 3
149 200 946 244 Tom. No será menester, id al instante.
155 252 794 289 Mol.. Pues á Dios, que entendí
287 302 683 338 que era importante.
486 393 791 439 VASE Y VUELVE.
274 497 976 537 Ah, si, moled el pan de la vecina,
277 544 1090 586 y haced por vida vuestra buena harina.
153 591 1101 634 Tom.. Idos con barrabás, porque si empiezo:::.
153 641 1034 682 Mol...A Dios, que pensé dar algun tropiezo.
276 688 1097 733 Voy contentó, que sois mosa muy cuerda.
470 781 795 826 VASE, Y VUELVE.
267 883 1100 924 Mas ah, sí, que otra cosa se me acuerda.
272 930 1005 974 si del Sargento la estacion es larga,
268 978 986 1017 no os echeis amenudo con la carga.
146 1027 1050 1071 Tom.  Qué pesado que sois! digo que os amo.
144 1076 1030 1120 Mol.. Pesado decis soy? soy como un gamo.
263 1127 998 1167 Quédate ya con dios, amada esposa.
456 1222 783 1263 VASE, Y VUELVE.
253 1322 1018 1362 Ah, sí, que me olvidaba de otra cosa.
256 1368 996 1412 Si dispara una pieza el seor Soldado,
256 1416 874 1456 si podeis, retiraos á otro lado.
143 1463 786 1503 Sold.Mas que le doy un tiento!
138 1514 994 1556 Mol.. Vuesasted se reporte, seor Sargento,
261 1562 695 1599 y tenga mas descanso,
264 1613 1094 1656 que yo so el ofendido, y so mas manso.
