1289 1751
565 247 605 286 7
233 299 1027 343 Y tus pies comparados (nó te espantes
234 349 1000 391 con los de mi vigornia, son gigantes.
240 398 638 440 Quisiera ser Apeles,
229 446 966 488 con el óleo que traen estos pasteles:
232 497 696 538 cómalos tu hermosura,
231 545 914 585 porque pueda pasar esta pintura.
100 592 714 633 Tom... Pues es gentil presente!
227 641 864 680 cómo yo de pasteles solamente?
220 688 665 729 Miren qué brava cena!
221 738 832 779 Arrójelos ahí en esa alhacena.
442 841 714 886 RUIDO DENTRO.
217 938 705 976 Ay que esto va perdido!
221 986 907 1027 éntrese ahí, que viene mi marido.
95 1035 950 1077 Herr..Ola que aquí está ya otro camarada.
105 1084 949 1126 Tom... Entrese presto, y no se le dé nada.
309 1179 843 1226 EL MoLINERO A LA PUERTA.
96 1278 451 1317 Mol.. Ha de casa.
96 1323 352 1362 Tom. . Quién?
99 1373 664 1413 Mol.. Vive aquí una tuerta?
92 1420 1054 1468 Tom. Entre quien es, que abierta está la puerta,
99 1469 738 1512 Mol..  Podré yo entrar, Tomasa?
97 1518 1009 1565 Tom. . Eso pregunta un hombre y en su casa?
183 1616 958 1662 SALE AMORA POCO A POCO EL MOLINERO.
