1338 1751
705 196 755 239 11
360 252 1056 298 por tener la cabeza en el carnero.
366 300 841 345 Huyo aquí del Acuario:
361 349 1088 393 reina Baco en el vino, y está vario.
365 396 1176 445 ya me hecharon del viento á la derrota:
366 445 1145 498 tras de aquel arconcillo está una bota.
494 551 922 596 SACA TOMASA LA BOTA.
359 647 713 687 Quiere algo mas?
232 691 613 733 Mol.. .Ni aun tanto.
231 738 1000 790 Sold. Pues otra vez figura no levanto.
230 788 847 836 Mol...A Dios, á Dios, Tomasa,
349 840 1094 887 que no puedo yo estar en esta casa..
228 884 1129 936 Tom. Qué vuestra condicion sea tan prolija!
231 932 1088 986 Sol...—Qué va que le convierto en lagartija!
223 982 1086 1034 Mol... Y seguro lo hará, que es tan perito,
349 1034 1180 1084 que aun me ha de convertiren un cabrito.
217 1079 914 1126 Sold. Pues de eso se ha aturdide?
344 1128 1124 1183 los demonios me dan cuanto les pido;
345 1177 990 1229 y si de ellos quiere testimonios,
341 1227 1128 1279 haré que á pares salgan los demonios.
212 1273 796 1321 Tom.. Y si acaso nos llevan?
217 1322 1174 1374 Sold.. Sin mi licencia quiere que se atrevan?
335 1372 1123 1424 Atienda un poco y mire lo que pasa.
207 1461 1170 1521 HACE UNA SEÑA, Y SALE EL SACISTAN ENHARINADO, Y
201 1515 1172 1578 EL HERRERO TIZNADO: DAN BUELTAS POR EL TABLAño,
563 1579 814 1622 Y SE ENTRAN.
207 1670 1022 1722 Mol. Demonios son por vida de Tomasa.
