1765 2512
250 123 303 185 2
169 165 580 231 Y como el Bajá la vio
169 217 591 270 hermosa y compuesta,
166 258 501 322 para sí la reservó
168 307 641 362 como la vió tan honesta.
167 349 616 410 Metióla luego en el mar
177 389 570 460 y á su tierra la llevó
167 433 609 495 y antes de desembarcar
175 482 604 541 de amores la requirió.
181 521 561 586 Y no la pudo vencer
171 560 727 627 por mas que la importunaba,
175 603 770 674 diciendo: no me has de ofender
182 657 693 720 aunque yo sea tu esclava.
180 695 603 764 Basta mi terrible pena
185 742 572 805 y larguisima prision
186 794 645 852 sugeta á vuestra cadena
177 836 630 893 y ausente de mi nacion.
185 875 582 933 El moro la regalaba
188 908 667 984 dándole buenas comidas,
186 963 624 1025 y de amores la trataba
188 1006 714 1073 con palabras muy sentidas.
191 1052 639 1117 Dijo un dia que negase
186 1087 681 1157 á Cristo Santo, Agnus Dei,
193 1146 623 1203 y que con él se casase,
197 1194 616 1251 pues era buena su ley.
199 1228 660 1298 Que mas vale que reciba
197 1281 662 1328 la religion mahometana,
205 1325 650 1380 que no verse así cautiva
193 1357 702 1416 y sugeta en tierra estraña.
198 1405 649 1473 Con juventud y riqueza
196 1458 641 1514 renegó de aquel tesoro
202 1495 689 1556 de Jesus suprema Alteza,
201 1540 626 1599 y se casó con el moro.
207 1587 664 1643 Veinte y seis años estuvo
197 1628 668 1687 metida en la mala sécta;
197 1671 692 1735 del moro dos hijos hubo,
201 1710 742 1768 como infernal mahometana.
199 1760 582 1824 Estaba tan apartada
205 1807 692 1857 de Cristo y de sus tesoros,
201 1843 697 1911 como si fuera engendrada
205 1891 740 1957 y nacida en tierra de moros.
210 1937 688 1998 Como el Señor Soberano
202 1965 762 2040 se puso en la cruz por todos,
206 2026 713 2085 un sacerdote, su hermano,
206 2066 729 2130 le envió por ciertos modos.
206 2114 701 2176 Y es que el clérigo venia
207 2158 626 2225 de Roma de negociar
217 2193 668 2265 con otros en compañía,
218 2256 613 2304 y se puso á navegar.
217 2290 666 2351 Diez galeras le salieron
217 2336 776 2399 de moros, por buena cuenta,
887 141 1304 215 el navío les rindieron
889 201 1302 257 y cautivaron noventa.
888 247 1300 305 El clérigo fué llevado
894 287 1312 347 de la fuerza á Modon
889 326 1408 399 y fué puesto en el mercado,
894 376 1388 436 donde se vendió á pregon.
885 417 1398 478 El marido de su hermana
898 460 1426 517 que era su cuñado el moro,
893 505 1422 568 le compró aquella mañana
898 546 1426 610 y pagó cien cequíes de oro.
898 595 1293 653 El moro no conoció
900 636 1389 699 el esclavo que compraba,
903 680 1296 746 y á su mujer lo llevó
897 728 1370 779 sin saber lo que llevaba.
905 771 1360 833 Habiendo Jesus juntado
895 809 1442 879 los dos que bien se querian,
905 862 1481 910 hartas veces se han hablado,
913 898 1312 966 pero no se conocian,
907 949 1284 1015 ni ella conoció á él,
905 991 1483 1048 ni él tampoco á su hermana;
915 1040 1240 1101 dábale vida cruel
913 1077 1360 1144 como propia renegada.
911 1120 1376 1191 Tres años y algunos dias
907 1167 1498 1221 sirvió el clérigo á su hermana,
907 1211 1410 1276 hasta que el sacro Mesías
912 1261 1384 1316 les abrió la senda llana.
916 1300 1460 1356 Y es que el elérigo con celo,
912 1344 1316 1404 á la Virgen cada dia
914 1370 1350 1451 le rezaba por consuelo
915 1435 1326 1493 su rosario en alegría.
921 1480 1387 1531 Todas las noches estaba
922 1519 1411 1573 tres horas justas, cabales,
925 1567 1350 1626 y con devocion rezaba
930 1609 1391 1672 los salmos penitenciales,
926 1656 1375 1717 Una noche le acechaba
926 1697 1494 1760 la hermana por ver qué hacia,
925 1744 1324 1803 y reparó como oraba
931 1784 1306 1849 á la gloriosa María.
921 1833 1336 1890 Con entrañable deseo
925 1872 1384 1935 le dice: ¿de dónde eres?
926 1918 1454 1981 responde, no estés turbado.
932 1964 1455 2029 ¿tienes en tu tierra haberes?
941 2007 1412 2067 que si lo tienes y quieres
937 2050 1434 2112 bien puedes ser rescatado.
929 2100 1406 2156 ¿Eres casado, mezquino?
941 2140 1338 2200 ¿tienes hijo ó mujer?
928 2170 1438 2249 Respondió: con Dios divinc
939 2226 1379 2289 soy desposado indigno,
940 2278 1419 2334 y en él pongo mi querer,
935 2318 1300 2391 y la sagrada María
