1737 2508
1392 133 1454 198 7
123 149 608 217 algun tiempo ó conociste
126 197 584 253 la madre que nos parió?
128 240 510 303 Ella dijo: bien la ví
124 289 683 355 y os podré dar nuevas de ella;
126 331 523 392 pues mejor la conocí
122 379 555 431 que no vosotros á ella.
120 417 630 477 Los dos hermanos lloraron
117 460 621 526 oyendo su madre nombrar
122 514 632 576 y en su retrete se entraron,
123 556 593 612 donde la hicieron sentar.
107 594 590 657 En medio de ellos tenian
109 634 588 707 la que tanto han deseado
112 686 487 746 pero no la conocian
115 728 568 784 como se ha desemejado.
105 773 558 831 Dijeron con pena triste:
99 809 561 880 la madre que nos parió,
108 858 604 922 ¿enánto habrá que la viste
111 909 579 967 despues que aquí partió?
102 946 454 1009 Dijo: yo la conocí
107 990 566 1056 desde que era muy niña,
102 1042 536 1100 y juntas de Valladolid,
96 1084 484 1137 salimos en igual dia.
101 1124 494 1184 Cuando vino á Bujía,
95 1167 488 1235 la serví y acompañé,
98 1216 572 1271 y cuando ella fué cantiva
94 1260 544 1317 yo en cautividad entré.
91 1298 475 1358 Y el dia que se casó
91 1343 583 1406 con Alifach vuestro padre,
89 1388 500 1450 en las fiestas comí yo
91 1430 618 1501 al harem de vuestra madre.
88 1473 572 1540 En los partos de vosotros
87 1516 634 1587 siempre á llamar me enviaba
77 1571 572 1634 y aun harta pena me daba
79 1607 546 1672 los sus dolores penosos.
82 1647 537 1711 Muchas veces os limpié,
83 1690 550 1754 porque parida yo estaba,
78 1747 522 1803 y os prometo por mi fé
76 1786 631 1843 que mi propia leche os daba.
74 1823 544 1894 Dicen en llanto bañados;
71 1875 648 1946 madre, pues que nos parísteis,
66 1922 597 1975 ¿por qué causa aborrecisteis
66 1972 518 2023 estos hijos desdichados?
60 2007 614 2072 si por nuestra ley nos hechas
62 2041 568 2117 de tu seno madre nuestra,
66 2093 575 2159 desde ahora la abjuramos,
59 2138 550 2208 y abrazaremos la vuestra,
52 2194 508 2241 ¿por qué causa olvidais
52 2224 568 2291 á quien con dolor parísteis?
54 2270 516 2337 ¿siquiera no os acordais
63 2319 640 2393 que en el vientre nos tuvísteis?
848 175 1328 242 Y si quisisteis marcharos
850 224 1334 287 por tomar el cristianismo,
846 272 1338 329 pudísteis luego llamarnos,
838 316 1392 376 porque hiciéramos lo mismo.
842 362 1355 423 A once esclavos que venian
840 396 1271 463 del campo de trabajar,
833 442 1305 512 los dos hermanos decian
833 488 1264 545 que se fuesen á cenar.
836 525 1260 598 Harto hacia y porfiaba
834 572 1278 641 la madre en disimular,
836 617 1331 692 tanto que tambien lloraba
825 663 1294 729 viendo á sus hijos llorar.
833 704 1268 772 Tornáronla á preguntar
825 750 1223 815 si de su madre sabia,
827 795 1295 862 y ella dijo: os quiero dar
819 838 1264 906 mas nuevas de alegría.
826 876 1317 955 No esteis tan apasionados,
829 927 1294 994 que en sosegando la casa
820 974 1261 1039 os contaré mis amados,
815 1012 1277 1086 toda la verdad que pasa.
817 1052 1278 1128 Muy buena cena tenian,
811 1111 1471 1181 mas no hay manjar que le cuadre,
818 1152 1293 1221 que solo el deseo tenian,
818 1192 1293 1256 de saber ya de su madre.
817 1229 1278 1303 Como cenar no pudiesen
818 1275 1303 1351 de pena su madre y ellos,
802 1323 1281 1392 mandaron que la hiciese
801 1365 1262 1436 una cama junto á ellos.
810 1412 1333 1480 Como no era acostumbrada
802 1453 1297 1526 dormir en lienzo delgado,
802 1504 1323 1564 no quiso la madre honrada
802 1545 1327 1614 mas de un cabezal doblado.
805 1584 1304 1662 Despues de encomendarse
798 1626 1403 1707 á Dios, que es su primer Padre,
795 1681 1182 1744 á sus hijos fué á dar
798 1729 1319 1791 nuevas de su buena madre,
796 1760 1300 1839 diciendo: no tengais penas
791 1809 1214 1878 ni sintais afligimiento,
798 1854 1376 1932 que vuestra madre está buena,
794 1897 1221 1966 de tanta riqueza llena,
789 1948 1371 2015 que no hay número ni cuento.
783 1989 1294 2055 En Roma la ví muy buena,
779 2029 1190 2098 firme en la divina Fé,
790 2080 1310 2144 que en esta santa cuaresma
781 2123 1235 2187 con ella estuve y hablé
782 2166 1149 2224 no comia ni bebia,
770 2208 1255 2277 sino que siempre lloraba
774 2251 1179 2319 á dos hijos que tenia
775 2295 1270 2367 en Turquia, y los amaba.
778 2339 1336 2415 Con el cruel llanto que hacia
