1737 2508
1427 108 1474 173 5
545 173 1159 265 SEGUNDA PARTE.
146 250 1568 351 Dáse cuenta de la santa penitencia que hizo la renegada, y como convirtió
454 325 1252 388 á dos hijos sin conocer estos á su madre.
190 449 749 521 Dios Padre Rey Sempiterno,
143 498 747 558 sea quien siempre me ampare,
145 544 652 606 Dios Hijo me dé gobierno,
144 600 652 656 y el Santo Espíritu Eterno
144 637 639 691 ponga luz donde faltare.
152 688 676 745 Quien la paz y vencimiento
141 721 673 783 hizo al mundo por victoria,
141 762 649 824 aviven mi entendimiento,
136 816 705 867 mi lengua, gracia y alimento,
144 863 635 919 mi pluma y mi memoria,
146 899 597 958 con su ayuda singular
133 945 579 1007 estaré seguro y cierto
141 987 633 1041 que podre bien navegar,
137 1030 579 1093 y con seguridad entrar
144 1080 760 1138 por la barra estrecho al puerto.
141 1129 756 1181 Tiempo es ya que nos quitemos
136 1167 650 1229 del vicio malo y pendiente
143 1219 741 1271 pues con vicios nos perdemos,
137 1263 654 1316 y nuevo ejemplo tenemos
143 1293 617 1358 de una mujer penitente.
132 1338 547 1399 En Valladolid nacida
135 1382 601 1439 fué esta bienaventurada,
133 1437 585 1491 y por enmendar su vida
141 1474 591 1531 es de Jesucristo amada.
139 1515 623 1580 Vereis que por la riqueza
133 1556 590 1618 y vicios, negó al Señor,
139 1606 559 1664 y con cuanta fortaleza
132 1648 611 1705 torna á buscar su Pastor.
129 1694 548 1757 Vereis á la que vestia
124 1740 541 1801 sedas de finos colores
130 1784 552 1843 y en rica cama dormia
129 1824 537 1891 de suavísimos olores;
125 1867 619 1926 como recuerda del sueño
123 1918 528 1977 y procura nueva luz,
122 1952 725 2025 buscar su perfecto dueño
129 2000 663 2070 que murió por ella en cruz,
134 2047 710 2115 Vereis como el mundo olvida,
127 2088 638 2154 hijos, maridos y hacienda,
126 2140 643 2198 y buscando el pan de vida,
127 2178 658 2241 con propósito de enmienda.
128 2222 698 2282 Vereis quien sirvió á Mahoma
122 2277 621 2333 veinte y seis años cabales
125 2321 605 2390 que se viene para Roma
862 460 1361 531 por penitenciar sus males.
866 519 1362 582 Vereis quien vivido habia
866 555 1261 610 tantos años al reves,
866 607 1252 660 como descalza venia
859 654 1360 712 corriendo sangre los pies.
871 692 1344 751 Vereis quien se regalaba
855 744 1386 795 con buenas conservas finas,
860 789 1354 841 que con yerbas se pasaba
862 830 1328 883 y con las duras espinas.
868 858 1318 930 Vereis que como se vió
858 919 1304 971 en Roma puerto seguro,
855 948 1231 1016 la tierra santa besó
859 1002 1360 1066 con estrañable amor puro.
854 1041 1410 1105 Y como en San Pedro entrara
850 1091 1312 1155 gimiendo su gran error,
858 1141 1373 1193 que de vergüenza no osaba
856 1177 1292 1242 mirar al altar mayor.
852 1221 1299 1289 Su boca en tierra pegó,
854 1265 1274 1326 y suspirando entre si,
854 1309 1259 1371 a Jesus perdon pidió
855 1358 1271 1410 sin levantarse de allí.
851 1394 1298 1458 Por la fiesta celebrada
850 1444 1244 1505 de María Magdalena
850 1486 1314 1541 fué del Papa perdonada
850 1528 1346 1591 esta mujer santa y buena.
854 1575 1245 1634 Y despues de recibir
850 1619 1272 1679 á Jesus Rey soberano,
838 1659 1292 1722 se fué luego á despedir
855 1708 1358 1775 del sacerdote su hermano;
848 1753 1358 1812 dijo la hermana prudente,
851 1797 1411 1861 yo ruego á mi Dios hermano,
845 1848 1379 1901 que me limpie en la fuente,
846 1883 1324 1943 que dá salud al cristiano.
842 1928 1317 1990 Los dias que trasladados
842 1981 1426 2031 me dió por su gran clemencia
842 2025 1334 2074 quiero que sean gastados
845 2067 1283 2117 en ayuno y penitencia.
846 2106 1342 2168 Es menester prontamente
841 2147 1271 2210 arrojar de mí la carga
842 2195 1292 2252 pues esta vida presente
843 2234 1311 2311 es breve y la otra larga.
837 2281 1208 2337 El sacerdote sentia
835 2329 1328 2402 con grande pena y pesar,
