1737 2508
146 124 597 193 es mi esposa y abogada.
138 179 495 237 La renegada decia
147 224 610 282 poniéndose incomodada,
150 268 557 328 quítate de esa porfia,
140 305 614 360 que tu ley no vale nada.
146 356 554 411 El buen clérigo calló,
147 401 626 460 y otra vez le preguntaba,
147 440 618 508 que cual oficio aprendió,
150 489 660 550 y de donde era; de España
138 535 583 593 respondia muy puntual
145 573 654 631 no con placer ni con risa;
142 621 555 668 es mi oficio celestial,
140 663 588 716 soy sacerdote de misa,
155 707 593 769 cada vez que misa digo
143 753 644 814 se baja Dios á mis manos;
143 796 570 850 es el sustento y abrigo
147 839 589 895 de los leales cristianos.
149 883 577 950 Dijole: ese es tu oficio
146 928 656 994 en tu tierra es muy tenido,
150 972 566 1030 oficio que quita vicio
151 1017 614 1077 de oficios el mas subido.
156 1059 623 1124 Razon tienes de alabarlo
159 1105 603 1164 y tambien sabrás ahora
162 1148 625 1208 que no volverás á usarlo
152 1195 655 1252 si no hay quien te socorra.
157 1236 647 1305 ¿En qué villa ó qué lugar,
156 1277 709 1340 ó en qué tierra te has criado?
159 1328 652 1388 no me niegues la verdad.
158 1364 643 1433 Respondió con humildad:
170 1413 592 1475 déjame, ¡triste de mí!
164 1459 654 1520 con mi pena y mi prision
166 1503 581 1561 que no sé donde nací,
164 1549 574 1604 déjame por el Señor.
163 1589 627 1643 No me lo quieras negar;
164 1635 632 1691 dilo ahora por mi amor,
175 1678 745 1736 que aunque me ves aqui ahora
176 1716 574 1775 cautiva en Valladolid
168 1767 540 1827 he sido rica señora.
179 1805 604 1868 Y como el clérigo oyó
178 1860 644 1913 su buena tierra nombrar
170 1902 570 1958 las sus megillas regó
177 1943 591 2004 y principia á suspirar
178 1989 656 2037 diciendo: has redoblado
177 2031 659 2090 mi dolor grave y crecido
186 2074 782 2132 que la tierra que has nombrado
186 2117 665 2178 es do fuí criado y nacido.
181 2163 619 2222 Comencé á consolarle
180 2203 636 2268 y aplicar su llanto y lid
186 2259 697 2315 y preguntarle en que calle
189 2292 559 2369 vivia en Valladolid.
1409 65 1456 130 3
857 104 1355 181 Respondió con gran dolor,
853 165 1292 214 con afliccion y zozobra:
860 206 1273 267 vive mi padre y señor
862 251 1284 313 en la calle de la Obra.
866 293 1289 355 ¿Conoces á los Rosales
861 338 1290 400 gente rica y principal?
865 381 1354 444 Dijo, ya doblas mis males:
862 425 1369 483 esos son mis tios carnales,
866 469 1290 530 y no saben de mi mal.
862 514 1269 576 La renegada que oyó
862 556 1364 622 las buenas señas que daba,
861 607 1255 663 al hermano conoció,
870 649 1217 707 y aun lo disimuló,
870 688 1274 743 el corazon lo lloraba.
869 726 1430 791 No hay contento que le cuadre
866 782 1454 839 mas que ver su buen hermano,
870 823 1287 885 y díjole; dí, ¿tu padre
866 870 1382 928 como se llama, y tu madre
873 909 1339 971 y tu nombre dime llano?
869 954 1360 1005 Llamase Juan de Acebedo
872 996 1364 1064 el mi buen padre y señor,
873 1047 1269 1105 y mi madre Leonor,
879 1087 1280 1149 por apellido Salcedo;
878 1127 1322 1187 y yo me llamo Melchor.
874 1177 1380 1237 Una hermana has de tener
880 1226 1337 1281 harto galana y hermosa,
882 1261 1464 1320 dí, Melchor, ¿qué se fué hacer?
884 1317 1305 1372 ¿es casada ó religiosa?
878 1351 1271 1415 El clérigo respondió
885 1390 1336 1455 diciendo: fuése perdida;
886 1435 1305 1497 no sabe quien ia llevó
886 1482 1397 1548 ni á que provincia fué ida.
881 1524 1331 1591 La hermana se desmayó
886 1572 1327 1636 recordando su maldad,
888 1618 1317 1680 pero el hermano creyó
889 1654 1374 1722 fuese alguna enfermedad.
893 1706 1326 1766 El moro no estaba allí,
895 1746 1429 1818 que con sus hijos fué á caza
890 1797 1246 1857 y vuelta ella en sí
891 1830 1402 1899 á su buen hermáno abraza,
891 1885 1264 1948 y suspirando decia:
892 1905 1324 1992 abraza á la desdichada
895 1970 1278 2033 Agueda de Acebedo,
897 2021 1350 2079 la perdida y desastrada;
896 2066 1484 2122 yo soy tu hermana, que estaba
903 2107 1321 2164 para monja religiosa:
902 2143 1433 2212 ¡oh buen Jesus! tú me labas
903 2192 1402 2255 que estoy de cieno lodosa:
902 2234 1447 2291 mi Dios, dame tu concordia,
907 2281 1334 2351 acógeme á tu rebaño:
