1737 2508
1220 80 1433 159 Núm. 77.
152 884 1477 963 LA RENEGADA DE VALLADOLID.
105 1029 1524 1099 Relacion de una mujer natural de Valladolid, que siendo cautiva negó la ley
104 1083 1518 1132 de Ntro. Sr., y se casó con un moro, donde estuvo 26 años, y como cautiva-
106 1129 1524 1187 ron á un clérigo hermano suyo, el cual lo sirvió tres años de esclava sin co-
109 1172 1532 1233 nocerse: al cabo se conocieron por ciertas preguntas; el arrepentimiento de
146 1220 1482 1276 la renegada, y como fueron á Roma á reconciliarse con el Padre Santo
521 1291 1107 1393 PRIMERA PARTE.
145 1373 525 1454 En Valladolid vivia
103 1426 587 1514 una dama muy hermosa,
109 1482 482 1540 y su padre la tenia
104 1523 586 1590 bien ataviada y honrosa.
106 1570 540 1634 Esta tenia un hermano
107 1614 553 1666 en gramática sapiente,
103 1645 677 1730 aunque jóven, buen cristiano
100 1701 566 1758 siervo del Omnipotente.
107 1744 464 1806 A Valladolid llegó
108 1777 536 1854 de paso para Turquía,
103 1835 532 1894 un capitan que eligió,
104 1869 569 1933 nuestro Rey para Bujía.
104 1921 537 1984 El capitan se hospedó
104 1955 578 2031 enfrente de la doncella,
102 2008 547 2068 y al instante que la vió
99 2042 700 2133 se encendió en amores de ella.
109 2101 526 2159 El capitan la enviaba
99 2142 578 2217 muchos billetes y cosas,
101 2193 573 2239 y tambien la presentaba
110 2236 584 2307 ropas, y joyas preciosas.
101 2277 543 2339 La doncella le rogaba
111 2308 631 2399 que en tal cosa no pensase,
825 1380 1211 1466 y mucho le suplicó
829 1429 1335 1508 que la puerta no rondase.
837 1479 1421 1555 Que es doncella muy honrada,
834 1536 1353 1609 de buena línea y parientes,
838 1573 1279 1634 que seria murmurada,
833 1602 1330 1683 y afrenta la de las gentes.
833 1659 1246 1724 El capitan encendido
832 1692 1367 1782 con tan hermosa doncella,
831 1749 1288 1811 prometió ser su marido
835 1794 1261 1850 y de casarse con ella.
838 1842 1265 1900 La doncella consintió,
833 1870 1336 1958 con tal que con ella case:
842 1926 1200 1987 una noche la sacó,
831 1963 1313 2047 sin que nadie lo pensase.
826 2011 1143 2076 A Bujía la llevó
837 2049 1351 2137 gozando de su hermosura;
834 2105 1270 2174 mas presto los derribó
827 2152 1256 2209 la fortuna sin ventura.
835 2178 1393 2256 Y es que los moros entraron
829 2239 1265 2298 en Bujía con presteza,
832 2267 1349 2358 y entre los presos hallaron
826 2325 1255 2397 esta dama de lindeza.
