1628 2444
1299 72 1518 225 Núm. 111.
286 191 1507 358 LA DONCELLA CONDENADA.
189 1375 1595 1427 NUEVA RELACION, EN QUE SE DECLARA EL MAS RIGUROSO
200 1446 1590 1487 castigo que Dios nuestro Señor, dió á una infeliz doncella, la cual por
204 1497 1600 1535 inobediente á sus padres fué despedazada por los demonios; con lo
542 1547 1242 1586 demás que verá el curioso lector.
229 1659 796 1697 Pecadores que en el mundo
190 1708 636 1746 vivis tan encenagados
198 1756 616 1796 en torpezas y delitos,
194 1804 678 1847 á todo vicio entregados,
195 1854 614 1891 oid, oid los castigos
197 1901 703 1939 que vuestro Dios enojado
197 1951 770 1989 dá á los que viven sin rienda:
196 1999 662 2036 siguiendo desesperados
194 2049 650 2087 el camino del infierno,
191 2098 655 2133 donde llevarán el pago
190 2144 708 2184 que aquesta infeliz muger
192 2194 638 2232 sin fin estará llevando,
196 2244 772 2285 mientras que Dios fuere Dios,
917 1659 1444 1699 por no seguir los sagrados
921 1711 1409 1747 y divinos mandamientos
920 1759 1461 1795 como es debido guardarlos.
919 1806 1365 1842 En el reino de Galicia
920 1855 1432 1891 casó un caballero hidalgo
922 1904 1366 1940 con una noble señora,
919 1953 1456 1988 sus nombres no los declaro
919 2000 1369 2036 por no venir al asunto,
920 2048 1388 2085 solo diré de que al año
918 2098 1476 2133 les nació una hermosa niña;
923 2146 1354 2181 los padres regocijados
919 2195 1364 2232 procuraron su bautizo,
919 2246 1427 2284 y en el bautismo sagrado.
