1624 2444
124 286 666 323 digo, que el padre dispuso
128 334 631 371 con secreto, den sagrado
118 382 634 422 á aquel miserable cuerpo,
114 434 722 474 y al punto que fué enterrado,
118 479 605 519 el sagrado lo echó fuera.
114 528 593 565 Al padre le han avisado
115 579 630 616 que la tieira no la quiere,
111 625 640 664 mandó la lleven al campo
116 672 606 713 y que la entierren en él;
120 721 646 760 segunda vez la ha arrojado
111 769 655 807 la tierra, porque no quiere
116 818 688 860 cuerpo que fué tan malvado.
114 869 590 909 Ban segunda vez aviso,
116 917 676 959 mandó el padre de contado,
117 964 622 1004 que en un elevado monte:
107 1012 539 1054 alli quede sepultado,
119 1058 616 1100 y que la echasen encima
107 1109 689 1151 muchos y grandes peñascos.
111 1161 548 1195 A otro dia de mañana
109 1205 622 1250 ya la hallaron en lo alto,
114 1257 624 1296 fué la noticia á su padre,
109 1306 676 1343 el que afligido, ha mandado
116 1356 578 1390 que la arrojasen al mar
116 1402 600 1442 á ser pasto de pescados.
113 1452 546 1487 Tampoco le consintió
110 1500 585 1539 el profundo mar salado;
105 1548 729 1587 viendo el padre que no quiere
108 1598 639 1634 tierra y mar al desdichado
103 1645 632 1684 cuerpo de su infeliz hija,
107 1695 576 1732 llegó muy acompañado
110 1743 598 1785 á donde esta el cadaver,
107 1792 518 1829 y dijo todo turbado:
111 1843 721 1879 ya que el alma por sus culpas
109 1889 554 1929 y gravisimos pecados,
109 1938 577 1975 el Juez divino del cielo
104 1986 594 2026 al infierno á condenado,
107 2035 660 2077 que vaya tambien su cuerpo
116 2082 503 2119 y que sea castigado.
102 2132 602 2171 Apenas esto hubo dicho,
109 2181 652 2219 se puso un grande nublado.
109 2232 590 2268 en el sitio donde estaba
842 290 1378 330 aquel cuerpe desgraciado,
848 337 1354 376 y dando fuertes bramidos
838 387 1381 425 fué en las llamas sepultado
840 435 1378 477 de los profundos infiernos.
835 484 1317 521 á donde estará penando
845 531 1289 570 por toda la eternidad.
835 581 1316 620 Ea, queridos hermanos,
843 629 1230 666 católicos redimidos
846 679 1299 715 con precio tan elevado
844 726 1291 766 de la sangre de Jesús,
844 778 1484 816 ¿qué hacemos? qué aguardamos,
844 825 1395 863 para enmendar nuestra vida?
838 872 1343 913 digamos todos postrados:
844 921 1316 962 misericordia, Dios mio,
841 970 1466 1011 tu gran clemencia imploramos:
839 1017 1334 1056 pequé, Señor, y me pesa
841 1067 1324 1102 de tan injustos agravios
834 1114 1336 1155 como á vuestra Magestad
832 1164 1307 1203 los pecadores os damos.
833 1213 1307 1253 Este es católicos fieles,
837 1261 1369 1300 el ejemplar que ha pasado
840 1310 1287 1347 con esta infeliz muger;
843 1357 1291 1396 y á nosotros otro tanto
835 1408 1302 1443 nos sucederá algun dia
836 1456 1374 1495 si los vicios no enfrenamos;
833 1505 1351 1542 y para que nadie entienda
840 1555 1293 1591 que esto es inventado,
840 1602 1375 1643 como suelen decir muchos,
838 1650 1354 1689 sepan que está predicado
833 1698 1291 1735 en la plausible novena
832 1748 1325 1785 de aquel apostol indiano
832 1797 1265 1835 san Francisco Javiér,
840 1845 1373 1883 por el muy docto afamado
831 1893 1310 1929 reverendo padre Torres
831 1941 1332 1979 del colegio de san Pablo.
828 1990 1301 2027 Aquí el humilde peéta
831 2039 1337 2076 pide que con todo agrado
829 2087 1387 2125 le perdonen y encomienden
828 2136 1451 2177 á nuestro Dios siempre amado,
835 2186 1378 2223 y que despues de esta vida
832 2234 1314 2272 en la gloria nos veamos.
119 2254 1501 2411 CARMONA:—1859. Imp. de D. J. M.a Moreno, calle de Madre de Dios.
