1737 2508
269 245 770 291 á Holanda é Inglaterra:
279 299 796 348 guarda tá bien tu corona,
275 350 784 401 que tengo gana de verla.
273 403 756 453 Dices me darás bajeles,
275 458 826 507 y gente armada de guerra;
270 510 772 558 tengo yo mas españoles,
273 563 814 613 que tú africanas banderas.
263 615 768 666 Dices que la casa Santa,
263 669 775 720 que tanto deseo el verla,
265 722 950 775 querrá Dios, que en algun tiempo
268 774 764 823 te derribe de esa Mela.
259 827 768 881 Duerme sobre tu corona,
264 880 778 931 y mira donde te acuestas
271 937 795 983 que tengo algunos leones,
263 985 886 1042 y me han dicho que lo sueñas.
268 1037 872 1096 Mi hermano á tí no te estima,
263 1093 824 1147 ni á tu hermana ver desea,
259 1144 757 1197 porque siguiendo tu lev
255 1198 760 1249 no puede casar con ella;
260 1249 791 1308 y no estimo tu arrogancia,
264 1305 740 1357 tus dádivas y promesas,
251 1355 793 1410 que sabes que soy Felipe
258 1409 854 1467 de Austria, por mar y tierra,
253 1461 775 1514 y me crió el mismo cielo
259 1516 707 1567 para rendir fortalezas.
260 1568 818 1621 Con esto Alá que te guarde
253 1626 851 1675 á tí, y á tu hermana Ismenia:
255 1673 711 1725 y si acaso te enojares,
248 1728 764 1781 me enviarás la respuesta,
255 1780 800 1833 que ya prevengo la armada
249 1833 782 1885 por la mar y por la tierra:
248 1886 820 1942 Con esto despachó el pliego,
248 1941 793 1992 el cual con gran diligencia
252 1992 786 2048 llegó al palacio del Turco,
249 2044 767 2098 y luego le tomó Ismenia.
257 2097 790 2152 Viendo ya las arrogancias,
237 2151 792 2205 y lo que dá por respuesta;
248 2206 710 2256 no hay desatada leona,
242 2260 788 2312 no hay mal pisada culebra
1546 206 1566 245 3
990 253 1524 299 no hay loba llena de rabia,
987 306 1594 357 ni hay tígre con mas soberbia,
987 360 1514 406 que con ella se compare,
976 412 1500 458 se escupe, araña y patea.
978 467 1524 513 Nanda prevenir su armada,
983 522 1564 565 que ha de llevarle las nuevas
980 573 1550 618 al de Austria, como su amor
987 627 1480 669 le paga de esta manera.
985 678 1532 724 Ya se encierra en una sala,
982 734 1458 776 se quita luna y cimera,
981 785 1482 833 y todo al suelo lo arroja,
978 841 1425 882 y suspirando se queja.
983 892 1468 937 Se viste jaco y marlota,
975 945 1518 991 turbante, adarga y testera,
979 996 1451 1043 y una soberbia Celada,
976 1049 1406 1094 y una cimitárra fiera,
969 1101 1496 1151 y mirándose á un espejo,
972 1158 1488 1201 ha dicho de esta manera:
975 1210 1493 1255 Yo soy Ismenia Otomana?
969 1262 1519 1309 yo soy reina de la ciencia?
977 1320 1487 1360 yo soy luz de la Turquia?
975 1370 1435 1412 yo del imperio cabeza?
973 1421 1463 1467 yo soy madre del amor?
971 1476 1602 1523 Yo soy la que en hora y media
962 1530 1402 1572 fabriqué la Babilonia,
964 1582 1560 1625 con sus torres muy soberbias?
964 1636 1511 1678 mas cómo yo no me mato?
965 1689 1509 1733 cómo España vive y reina?
978 1744 1490 1787 juro por el gran Mahoma,
975 1797 1530 1840 pues tantos su Ley veneran,
971 1848 1542 1893 que no ha de quedar cogollo
959 1903 1560 1948 en España, ni en sus tierras,
961 1955 1480 1997 que mi furor no lo acabe,
963 2008 1559 2052 que no lo abrasen mis fuerzas
957 2061 1578 2105 al de Austria... Pero qué digo,
955 2114 1511 2159 que ya no puede mi lengua
959 2167 1401 2212 relatar estas palabras,
961 2221 1515 2268 porque la pasion me ciega,
966 2276 1547 2323 porque su ley ya me abrasa,
