1765 2512
260 189 294 226 4
167 232 767 281 porque su amor me atropella,
171 288 654 335 y de mi amado enemigo
167 340 663 385 son tan terribles finezas,
166 391 694 438 que muero solo en pensar
166 440 795 491 que un cristiano me desprecia.
175 497 669 543 Manda que la dejen sola
169 551 669 597 sus criadas y doncellas:
169 605 693 649 se desnuda de sus armas,
172 657 681 701 diciendo de esta manera:
177 709 745 755 Los que leyeren mi historia
173 763 733 808 sabrán que muero por ella,
175 818 679 861 solo por guardar mi ley,
171 869 749 914 porque el alcorán lo ordena,
175 922 667 967 dijo, y con su cimitárra,
173 975 679 1020 sobre una nevada piedra
176 1027 683 1073 de alabastro escribió allí
177 1080 741 1126 con la sangre de sus venas:
175 1135 625 1178 Aquí dá fin la que fué
183 1189 672 1232 admiracion de la tierra,
179 1241 703 1286 asombro de las beldades,
188 1297 727 1339 de la discrecion la escelsa,
884 217 1452 262 á quien con valor la muerte
876 272 1380 316 llama la Otomana régia,
879 322 1415 369 la que en africanas tropas
884 377 1407 422 mostró su valor y fuerzas,
886 429 1412 475 la que fué de las mujeres
883 483 1367 527 el crédito y escelencia,
889 536 1365 579 y solo al amor rendida,
882 587 1482 632 que es lo que todo lo impera.
895 641 1365 686 Cayó difunta en la sala,
891 694 1423 741 y al advertir tal empresa,
894 746 1365 792 quedan todos en palacio
891 799 1513 844 sin voz, sin alma y sin lengua,
887 850 1417 899 todos admiran, que tanto
894 905 1383 951 dominar el amor pueda,
889 956 1445 1008 que hasta con la vida acabe
891 1014 1341 1057 de tan soberana reina:
889 1062 1531 1112 causa á su hermano gran llanto,
895 1120 1413 1167 y deja á la fama lenguas,
899 1170 1349 1219 y con esto aquí dá fin
898 1225 1469 1272 la gran historia de Ismenia.
745 1694 1037 1849 Fin.
207 2141 1590 2322 CARMONA:=Imp. y lib. de D. José M. Moreno. Madre de Dios 1.
