1737 2508
1098 98 1312 251 Núm. 178.
250 1000 1303 1158 LA PRINCESA ISMENIA.
106 1254 1473 1319 VERDADERO Y CURIOSO ROMANCE DE LA
92 1325 1456 1389 Princesa Ismenia hermana del Gran Turco Os-
96 1397 1470 1460 mán, en que se declara y da cuenta de la emba-
94 1469 1489 1530 jada que envió Osmán á nuestro Rey de España
93 1542 1484 1600 Felipe Il, la respuesta que se le volvió, y el jin
100 1611 1482 1672 desesperado que tuvo la Princesa, como lo verá
545 1686 1024 1740 el curioso lector
152 1884 686 1923 Ismenia, aquella Otomana
104 1938 593 1977 hija del primer planeta,
100 1991 684 2031 que en el Imperio Otomano
104 2044 518 2083 fijó la basa primera,
101 2094 572 2137 protectora de Mahoma,
108 2151 616 2193 emperatriz de sus tierras,
103 2204 580 2246 primogénita de Osmán,
809 1877 1386 1919 que en Constantinopla reina,
807 1932 1244 1973 carrosa de la fortuna,
807 1986 1351 2027 reina de todas las ciencias,
809 2040 1251 2081 lucero de la Turquia,
809 2090 1430 2133 por quien su nombre veneran,
819 2145 1343 2185 y como estátua la adoran
820 2201 1325 2240 los mártires de su sécta.
