1765 2512
455 161 499 199 2
366 211 976 255 Aunque á su hermosura mora,
361 264 916 307 le tiró el amor sus flechas,
363 319 959 360 y fué, que informó un cautivo
366 370 832 415 de la gala y gentileza,
354 422 798 465 hermosura y bizarría,
357 477 881 518 á la hermosísima Ismenia
360 528 876 571 de su alteza por quien es
361 583 870 625 el que su amor atropella,
358 635 832 682 haciendo contra su ley
358 689 788 728 mil repetidas finezas.
358 741 776 783 Envió un embajador
363 795 912 839 con prevencion y grandeza,
354 848 864 889 la nueva de como estaba
353 902 945 943 por su amor rendida Ismenia.
360 955 946 1000 Le despachó el Gran Sultan,
356 1007 864 1048 diciendo de esta manera:
346 1060 723 1102 Al Rey Felipe II,
354 1112 832 1157 señor de toda la esfera,
356 1166 824 1208 cuyos soberbios leones
350 1221 858 1264 amenazan mis banderas;
346 1273 924 1315 salud, porque el grande Alá
353 1326 881 1369 te guarde de mi soberbia:
352 1378 940 1422 sabe, que informado he sido,
350 1432 870 1477 como de justo te precias,
354 1489 818 1528 y te guardan el decoro
350 1539 900 1583 los reyes de agenas tierras.
350 1592 832 1637 Yo procuro tu amistad,
354 1646 862 1689 y si tú aquesta conservas,
345 1699 880 1742 te prometo dar á Francia;
347 1753 831 1794 á Holanda é Inglaterra;
352 1804 832 1848 te daré treinta millones
350 1857 846 1904 en oro, plata ó moneda;
352 1912 870 1957 te daré treinta mil turcos,
354 1966 944 2010 para que guarden tus tierras;
352 2018 870 2063 te daré doscientas naves,
345 2073 995 2114 para que en tus puertos tengas;
348 2125 794 2167 te daré la Casa Santa,
344 2180 854 2223 prenda que tanto deseas;
344 2232 876 2276 te haré dueño del mundo,
1072 214 1626 258 Dios Soberano en la tierra;
1071 270 1619 310 y para que el lazo estrecho
1075 322 1604 362 de esta amistad verdadera
1068 374 1620 420 se prospere por el mundo,
1070 426 1602 470 pide mi hermana la Reina
1076 480 1636 524 Ismenia, flor de hermosura,
1077 533 1710 579 que el de Austria case con ella,
1078 586 1471 626 por estar aficionada
1075 638 1666 680 de su hermosura y grandeza:
1068 692 1587 736 mi hermana te lo suplica,
1063 744 1566 788 yo te lo ruego de veras;
1071 798 1592 841 suplícaselo á tu hermano,
1065 851 1614 896 que me envie la respuesta,
1069 903 1538 946 y mira que soy Osmán,
1065 957 1660 1003 que si enarbolo mis banderas,
1067 1010 1590 1053 el sol volveré en cenizas,
1067 1064 1610 1105 y toda España en pavesas.
1071 1116 1634 1161 Con esto despachó el pliego,
1064 1170 1560 1211 con grandísima presteza
1067 1223 1487 1265 al palacio de Felipe,
1076 1277 1643 1322 (que Dios en su gloria tenga
1066 1329 1570 1370 y viendo las arrogancias,
1068 1383 1578 1425 responde de esta manera:
1118 1489 1622 1533 A tí, gran Osmán Muley,
1068 1543 1604 1587 señor de todas tus tierras,
1063 1593 1530 1636 que la voluntad divina
1072 1649 1590 1689 te pedirá estrecha cuenta:
1068 1702 1634 1744 me avisas como tu hermana,
1059 1756 1586 1797 que vive de amores ciega,
1068 1808 1662 1850 quiere casar con mi hermano:
1064 1862 1586 1902 mórate allá, que tu sécta
1060 1917 1556 1956 no la puedo ver pintada,
1063 1969 1584 2007 porque mi ley lo ordena.
1064 2022 1614 2064 Dices mi amistad procuras,
1068 2076 1516 2115 me rio de tu soberbia,
1067 2129 1551 2170 y si quieres óro ó plata,
1057 2182 1626 2221 yo te empedraré tus tierras.
1060 2234 1592 2275 Dices me darás á Francia,
