<?xml version="1.0" encoding="UTF-8" standalone="yes"?>
<PcGts xmlns="http://schema.primaresearch.org/PAGE/gts/pagecontent/2013-07-15" xmlns:xsi="http://www.w3.org/2001/XMLSchema-instance" xsi:schemaLocation="http://schema.primaresearch.org/PAGE/gts/pagecontent/2013-07-15 http://schema.primaresearch.org/PAGE/gts/pagecontent/2013-07-15/pagecontent.xsd">
    <Metadata>
        <Creator>prov=University of Rostock/Institute of Mathematics/CITlab|PLANET AI GmbH/Gundram Leifert/gundram.leifert@planet-ai.de:name=Pliegos de Cordel (XIXe) - v3(htr_id=26984)::::v=2.6.7
prov=University of Rostock/Institute of Mathematics/CITlab|PLANET AI GmbH/Tobias Gruening/tobias.gruening@planet-ai.de:name=de.uros.citlab.module.baseline2polygon.B2PSeamMultiOriented:v=2.6.7
prov=University of Rostock/Institute of Mathematics/CITlab|PLANET AI GmbH/Tobias Gruening/tobias.gruening@planet-ai.de:name=/net_tf/LA73_249_0mod360.pb:de.uros.citlab.segmentation.CITlab_LA_ML:v=2.6.7
Transkribus</Creator>
        <Created>2020-10-22T17:41:01.652+02:00</Created>
        <LastChange>2020-10-23T15:12:30.741+02:00</LastChange>
        <TranskribusMetadata docId="523582" pageId="22274667" pageNr="3" tsid="46642496" status="DONE" userId="66244" imgUrl="https://files.transkribus.eu/Get?id=SXCVEENNIQZKBNWLGBRVCNQR&amp;fileType=view" xmlUrl="https://files.transkribus.eu/Get?id=FFIAZWXHMVGDGDABIHDQFJVH" imageId="17350887"/>
    </Metadata>
    <Page imageFilename="Moreno_032_3.jpg" imageWidth="1648" imageHeight="2420">
        <ReadingOrder>
            <OrderedGroup id="ro_1606489613158" caption="Regions reading order">
                <RegionRefIndexed index="0" regionRef="r1"/>
                <RegionRefIndexed index="1" regionRef="r2"/>
            </OrderedGroup>
        </ReadingOrder>
        <TextRegion orientation="0.0" id="r1" custom="readingOrder {index:0;}">
            <Coords points="131,118 131,2257 756,2257 756,118"/>
            <TextLine id="r1l1" custom="readingOrder {index:0;}">
                <Coords points="228,154 254,154 280,154 307,153 333,153 360,153 386,153 412,153 439,152 465,152 492,152 518,152 544,151 571,151 597,151 624,151 650,151 676,151 703,151 729,151 756,151 756,118 729,118 703,118 676,118 650,118 624,118 597,118 571,118 544,118 518,119 492,119 465,119 439,119 412,120 386,120 360,120 333,120 307,120 280,121 254,121 228,121"/>
                <Baseline points="228,143 254,143 280,143 307,142 333,142 360,142 386,142 412,142 439,141 465,141 492,141 518,141 544,140 571,140 597,140 624,140 650,140 676,140 703,140 729,140 756,140"/>
                <TextEquiv>
                    <Unicode>Tres hay tambien de los otros</Unicode>
                </TextEquiv>
            </TextLine>
            <TextLine id="r1l2" custom="readingOrder {index:1;}">
                <Coords points="177,203 203,203 229,203 256,203 282,203 309,203 335,202 362,202 388,202 415,201 441,201 467,201 494,201 520,201 547,201 573,201 600,201 626,201 653,201 679,202 706,202 706,169 679,169 653,168 626,168 600,168 573,168 547,168 520,168 494,168 467,168 441,168 415,168 388,169 362,169 335,169 309,170 282,170 256,170 229,170 203,170 177,170"/>
                <Baseline points="177,192 203,192 229,192 256,192 282,192 309,192 335,191 362,191 388,191 415,190 441,190 467,190 494,190 520,190 547,190 573,190 600,190 626,190 653,190 679,191 706,191"/>
                <TextEquiv>
                    <Unicode>que hacen parte en la maraña, </Unicode>
                </TextEquiv>
            </TextLine>
            <TextLine id="r1l3" custom="readingOrder {index:2;}">
                <Coords points="167,255 193,253 219,251 245,250 271,249 297,249 323,248 349,248 375,248 401,248 427,248 453,248 479,248 505,247 531,246 557,245 583,244 583,213 557,214 531,215 505,216 479,217 453,217 427,217 401,217 375,217 349,217 323,217 297,218 271,218 245,219 219,220 193,222 167,224"/>
                <Baseline points="167,245 193,243 219,241 245,240 271,239 297,239 323,238 349,238 375,238 401,238 427,238 453,238 479,238 505,237 531,236 557,235 583,234"/>
                <TextEquiv>
                    <Unicode>y tan solo una ocasion</Unicode>
                </TextEquiv>
            </TextLine>
            <TextLine id="r1l4" custom="readingOrder {index:3;}">
                <Coords points="169,298 195,298 221,298 247,298 273,298 299,297 326,297 352,297 378,296 404,296 430,295 456,295 483,295 509,295 535,294 561,294 587,294 614,294 614,263 587,263 561,263 535,263 509,264 483,264 456,264 430,264 404,265 378,265 352,266 326,266 299,266 273,267 247,267 221,267 195,267 169,267"/>
                <Baseline points="169,288 195,288 221,288 247,288 273,288 299,287 326,287 352,287 378,286 404,286 430,285 456,285 483,285 509,285 535,284 561,284 587,284 614,284"/>
                <TextEquiv>
                    <Unicode>para hacerlo se esperaba. </Unicode>
                </TextEquiv>
            </TextLine>
            <TextLine id="r1l5" custom="readingOrder {index:4;}">
                <Coords points="221,345 246,345 272,345 297,345 323,345 349,344 374,344 400,344 426,344 451,344 477,343 503,343 528,343 554,343 580,343 605,343 631,342 657,342 657,309 631,309 605,310 580,310 554,310 528,310 503,310 477,310 451,311 426,311 400,311 374,311 349,311 323,312 297,312 272,312 246,312 221,312"/>
                <Baseline points="221,334 246,334 272,334 297,334 323,334 349,333 374,333 400,333 426,333 451,333 477,332 503,332 528,332 554,332 580,332 605,332 631,331 657,331"/>
                <TextEquiv>
                    <Unicode>Si consientes en ser mia</Unicode>
                </TextEquiv>
            </TextLine>
            <TextLine id="r1l6" custom="readingOrder {index:5;}">
                <Coords points="173,394 199,394 225,394 252,393 278,393 304,393 331,393 357,392 384,392 410,392 436,392 463,392 489,391 515,391 542,391 568,390 595,390 595,357 568,357 542,358 515,358 489,358 463,359 436,359 410,359 384,359 357,359 331,360 304,360 278,360 252,360 225,361 199,361 173,361"/>
                <Baseline points="173,383 199,383 225,383 252,382 278,382 304,382 331,382 357,381 384,381 410,381 436,381 463,381 489,380 515,380 542,380 568,379 595,379"/>
                <TextEquiv>
                    <Unicode>y seguirme donde vaya, </Unicode>
                </TextEquiv>
            </TextLine>
            <TextLine id="r1l7" custom="readingOrder {index:6;}">
                <Coords points="169,440 194,440 219,440 244,440 270,440 295,440 320,440 345,440 371,440 396,440 421,440 447,440 472,439 497,439 522,439 548,439 573,438 598,438 624,437 624,404 598,405 573,405 548,406 522,406 497,406 472,406 447,407 421,407 396,407 371,407 345,407 320,407 295,407 270,407 244,407 219,407 194,407 169,407"/>
                <Baseline points="169,429 194,429 219,429 244,429 270,429 295,429 320,429 345,429 371,429 396,429 421,429 447,429 472,428 497,428 522,428 548,428 573,427 598,427 624,426"/>
                <TextEquiv>
                    <Unicode>saldremos con los tesoros </Unicode>
                </TextEquiv>
            </TextLine>
            <TextLine id="r1l8" custom="readingOrder {index:7;}">
                <Coords points="170,487 196,488 222,488 248,488 274,488 300,488 326,488 352,488 378,488 404,487 430,487 456,487 482,487 508,486 534,486 560,486 586,486 612,486 638,487 664,487 664,454 638,454 612,453 586,453 560,453 534,453 508,453 482,454 456,454 430,454 404,454 378,455 352,455 326,455 300,455 274,455 248,455 222,455 196,455 170,454"/>
                <Baseline points="170,476 196,477 222,477 248,477 274,477 300,477 326,477 352,477 378,477 404,476 430,476 456,476 482,476 508,475 534,475 560,475 586,475 612,475 638,476 664,476"/>
                <TextEquiv>
                    <Unicode>que en esta cueva se hallan.</Unicode>
                </TextEquiv>
            </TextLine>
            <TextLine id="r1l9" custom="readingOrder {index:8;}">
                <Coords points="209,534 234,535 259,535 285,535 310,535 336,535 361,535 387,535 412,535 437,535 463,534 488,534 514,534 539,534 565,534 590,534 616,535 616,502 590,501 565,501 539,501 514,501 488,501 463,501 437,502 412,502 387,502 361,502 336,502 310,502 285,502 259,502 234,502 209,501"/>
                <Baseline points="209,523 234,524 259,524 285,524 310,524 336,524 361,524 387,524 412,524 437,524 463,523 488,523 514,523 539,523 565,523 590,523 616,524"/>
                <TextEquiv>
                    <Unicode>En esto corrió á soltar</Unicode>
                </TextEquiv>
            </TextLine>
            <TextLine id="r1l10" custom="readingOrder {index:9;}">
                <Coords points="163,584 188,584 214,584 240,584 265,584 291,584 317,584 342,583 368,583 394,583 420,583 445,583 471,582 497,582 522,582 548,582 574,582 600,582 600,549 574,549 548,549 522,549 497,549 471,549 445,550 420,550 394,550 368,550 342,550 317,551 291,551 265,551 240,551 214,551 188,551 163,551"/>
                <Baseline points="163,573 188,573 214,573 240,573 265,573 291,573 317,573 342,572 368,572 394,572 420,572 445,572 471,571 497,571 522,571 548,571 574,571 600,571"/>
                <TextEquiv>
                    <Unicode>la mujer y al camarada, </Unicode>
                </TextEquiv>
            </TextLine>
            <TextLine id="r1l11" custom="readingOrder {index:10;}">
                <Coords points="164,631 189,631 214,630 239,630 264,630 289,630 314,630 339,630 364,631 389,631 415,631 440,630 465,630 490,630 515,630 540,630 565,630 590,629 615,629 641,628 641,595 615,596 590,596 565,597 540,597 515,597 490,597 465,597 440,597 415,598 389,598 364,598 339,597 314,597 289,597 264,597 239,597 214,597 189,598 164,598"/>
                <Baseline points="164,620 189,620 214,619 239,619 264,619 289,619 314,619 339,619 364,620 389,620 415,620 440,619 465,619 490,619 515,619 540,619 565,619 590,618 615,618 641,617"/>
                <TextEquiv>
                    <Unicode>quienes viéndose ya libres</Unicode>
                </TextEquiv>
            </TextLine>
            <TextLine id="r1l12" custom="readingOrder {index:11;}">
                <Coords points="160,676 185,677 210,678 236,678 261,678 286,679 312,679 337,679 362,679 388,679 413,678 438,678 464,678 489,678 514,678 540,678 565,678 590,678 616,678 616,645 590,645 565,645 540,645 514,645 489,645 464,645 438,645 413,645 388,646 362,646 337,646 312,646 286,646 261,645 236,645 210,645 185,644 160,643"/>
                <Baseline points="160,665 185,666 210,667 236,667 261,667 286,668 312,668 337,668 362,668 388,668 413,667 438,667 464,667 489,667 514,667 540,667 565,667 590,667 616,667"/>
                <TextEquiv>
                    <Unicode>de contento se abrazaban.</Unicode>
                </TextEquiv>
            </TextLine>
            <TextLine id="r1l13" custom="readingOrder {index:12;}">
                <Coords points="204,726 230,727 256,727 282,727 308,727 334,727 360,727 386,726 412,726 438,726 464,726 490,725 516,725 542,725 568,725 594,725 620,725 646,725 646,692 620,692 594,692 568,692 542,692 516,692 490,692 464,693 438,693 412,693 386,693 360,694 334,694 308,694 282,694 256,694 230,694 204,693"/>
                <Baseline points="204,715 230,716 256,716 282,716 308,716 334,716 360,716 386,715 412,715 438,715 464,715 490,714 516,714 542,714 568,714 594,714 620,714 646,714"/>
                <TextEquiv>
                    <Unicode>Por salir de aquel lugar</Unicode>
                </TextEquiv>
            </TextLine>
            <TextLine id="r1l14" custom="readingOrder {index:13;}">
                <Coords points="162,772 187,773 212,774 237,774 262,775 288,775 313,775 338,775 363,774 388,774 414,774 439,774 464,773 489,773 514,773 540,773 565,773 590,773 615,774 640,774 666,775 666,742 640,741 615,741 590,740 565,740 540,740 514,740 489,740 464,740 439,741 414,741 388,741 363,741 338,742 313,742 288,742 262,742 237,741 212,741 187,740 162,739"/>
                <Baseline points="162,761 187,762 212,763 237,763 262,764 288,764 313,764 338,764 363,763 388,763 414,763 439,763 464,762 489,762 514,762 540,762 565,762 590,762 615,763 640,763 666,764"/>
                <TextEquiv>
                    <Unicode>donde me hallaba encerrada,</Unicode>
                </TextEquiv>
            </TextLine>
            <TextLine id="r1l15" custom="readingOrder {index:14;}">
                <Coords points="164,820 189,820 215,821 241,821 266,822 292,822 318,822 344,822 369,822 395,822 421,822 446,822 472,821 498,821 524,820 524,787 498,788 472,788 446,789 421,789 395,789 369,789 344,789 318,789 292,789 266,789 241,788 215,788 189,787 164,787"/>
                <Baseline points="164,809 189,809 215,810 241,810 266,811 292,811 318,811 344,811 369,811 395,811 421,811 446,811 472,810 498,810 524,809"/>
                <TextEquiv>
                    <Unicode>de Simancas juré ser</Unicode>
                </TextEquiv>
            </TextLine>
            <TextLine id="r1l16" custom="readingOrder {index:15;}">
                <Coords points="153,871 178,871 204,871 229,870 255,870 281,870 306,869 332,869 358,869 383,869 409,869 434,868 460,868 486,868 511,868 537,867 563,867 563,834 537,834 511,835 486,835 460,835 434,835 409,836 383,836 358,836 332,836 306,836 281,837 255,837 229,837 204,838 178,838 153,838"/>
                <Baseline points="153,860 178,860 204,860 229,859 255,859 281,859 306,858 332,858 358,858 383,858 409,858 434,857 460,857 486,857 511,857 537,856 563,856"/>
                <TextEquiv>
                    <Unicode>y seguirle donde vaya. </Unicode>
                </TextEquiv>
            </TextLine>
            <TextLine id="r1l17" custom="readingOrder {index:16;}">
                <Coords points="203,917 228,917 253,918 279,918 304,918 329,917 355,917 380,917 405,917 431,916 456,916 481,915 507,915 532,915 557,915 583,915 608,915 633,916 659,916 659,883 633,883 608,882 583,882 557,882 532,882 507,882 481,882 456,883 431,883 405,884 380,884 355,884 329,884 304,885 279,885 253,885 228,884 203,884"/>
                <Baseline points="203,906 228,906 253,907 279,907 304,907 329,906 355,906 380,906 405,906 431,905 456,905 481,904 507,904 532,904 557,904 583,904 608,904 633,905 659,905"/>
                <TextEquiv>
                    <Unicode>En. esto con unos hierros</Unicode>
                </TextEquiv>
            </TextLine>
            <TextLine id="r1l18" custom="readingOrder {index:17;}">
                <Coords points="160,962 186,964 212,965 238,965 264,965 291,966 317,965 343,965 369,965 395,965 422,964 448,964 474,964 500,964 526,964 553,964 579,964 605,965 631,966 658,967 658,934 631,933 605,932 579,931 553,931 526,931 500,931 474,931 448,931 422,931 395,932 369,932 343,932 317,932 291,933 264,932 238,932 212,932 186,931 160,929"/>
                <Baseline points="160,951 186,953 212,954 238,954 264,954 291,955 317,954 343,954 369,954 395,954 422,953 448,953 474,953 500,953 526,953 553,953 579,953 605,954 631,955 658,956"/>
                <TextEquiv>
                    <Unicode>que por allí se encontraban, </Unicode>
                </TextEquiv>
            </TextLine>
            <TextLine id="r1l19" custom="readingOrder {index:18;}">
                <Coords points="153,1011 178,1011 204,1012 230,1012 256,1012 282,1012 308,1012 334,1012 360,1012 386,1012 412,1012 438,1012 464,1012 490,1012 516,1012 542,1012 568,1012 594,1012 620,1012 646,1012 646,979 620,979 594,979 568,979 542,979 516,979 490,979 464,979 438,979 412,979 386,979 360,979 334,979 308,979 282,979 256,979 230,979 204,979 178,978 153,978"/>
                <Baseline points="153,1000 178,1000 204,1001 230,1001 256,1001 282,1001 308,1001 334,1001 360,1001 386,1001 412,1001 438,1001 464,1001 490,1001 516,1001 542,1001 568,1001 594,1001 620,1001 646,1001"/>
                <TextEquiv>
                    <Unicode>aunque era fuerte la puerta, </Unicode>
                </TextEquiv>
            </TextLine>
            <TextLine id="r1l20" custom="readingOrder {index:19;}">
                <Coords points="160,1060 185,1060 211,1060 237,1060 263,1060 288,1060 314,1059 340,1059 366,1059 391,1060 417,1060 443,1060 469,1060 494,1059 520,1059 546,1059 572,1059 572,1026 546,1026 520,1026 494,1026 469,1027 443,1027 417,1027 391,1027 366,1026 340,1026 314,1026 288,1027 263,1027 237,1027 211,1027 185,1027 160,1027"/>
                <Baseline points="160,1049 185,1049 211,1049 237,1049 263,1049 288,1049 314,1048 340,1048 366,1048 391,1049 417,1049 443,1049 469,1049 494,1048 520,1048 546,1048 572,1048"/>
                <TextEquiv>
                    <Unicode>conseguimos arrancarla.</Unicode>
                </TextEquiv>
            </TextLine>
            <TextLine id="r1l21" custom="readingOrder {index:20;}">
                <Coords points="203,1108 229,1108 255,1108 281,1108 307,1107 333,1107 360,1107 386,1107 412,1107 438,1107 464,1107 491,1107 517,1107 543,1107 569,1107 595,1107 622,1107 622,1074 595,1074 569,1074 543,1074 517,1074 491,1074 464,1074 438,1074 412,1074 386,1074 360,1074 333,1074 307,1074 281,1075 255,1075 229,1075 203,1075"/>
                <Baseline points="203,1097 229,1097 255,1097 281,1097 307,1096 333,1096 360,1096 386,1096 412,1096 438,1096 464,1096 491,1096 517,1096 543,1096 569,1096 595,1096 622,1096"/>
                <TextEquiv>
                    <Unicode>Al instante de la cueva </Unicode>
                </TextEquiv>
            </TextLine>
            <TextLine id="r1l22" custom="readingOrder {index:21;}">
                <Coords points="156,1155 181,1155 206,1156 232,1156 257,1156 282,1156 308,1156 333,1156 358,1155 384,1155 409,1155 434,1155 460,1155 485,1155 510,1155 536,1154 561,1154 587,1154 587,1121 561,1121 536,1121 510,1122 485,1122 460,1122 434,1122 409,1122 384,1122 358,1122 333,1123 308,1123 282,1123 257,1123 232,1123 206,1123 181,1122 156,1122"/>
                <Baseline points="156,1144 181,1144 206,1145 232,1145 257,1145 282,1145 308,1145 333,1145 358,1144 384,1144 409,1144 434,1144 460,1144 485,1144 510,1144 536,1143 561,1143 587,1143"/>
                <TextEquiv>
                    <Unicode>sacamos muchas alhajas, </Unicode>
                </TextEquiv>
            </TextLine>
            <TextLine id="r1l23" custom="readingOrder {index:22;}">
                <Coords points="157,1202 182,1202 208,1203 234,1203 259,1203 285,1203 311,1203 336,1203 362,1203 388,1203 413,1203 439,1203 465,1203 490,1203 516,1202 542,1202 567,1202 593,1202 619,1202 619,1169 593,1169 567,1169 542,1169 516,1169 490,1170 465,1170 439,1170 413,1170 388,1170 362,1170 336,1170 311,1170 285,1170 259,1170 234,1170 208,1170 182,1169 157,1169"/>
                <Baseline points="157,1191 182,1191 208,1192 234,1192 259,1192 285,1192 311,1192 336,1192 362,1192 388,1192 413,1192 439,1192 465,1192 490,1192 516,1191 542,1191 567,1191 593,1191 619,1191"/>
                <TextEquiv>
                    <Unicode>y cargamos cuatro machos</Unicode>
                </TextEquiv>
            </TextLine>
            <TextLine id="r1l24" custom="readingOrder {index:23;}">
                <Coords points="149,1249 177,1249 205,1250 234,1250 262,1250 291,1250 319,1250 347,1250 376,1250 404,1249 433,1249 461,1249 489,1249 518,1249 546,1248 575,1248 603,1248 631,1248 660,1248 688,1248 717,1249 717,1218 688,1217 660,1217 631,1217 603,1217 575,1217 546,1217 518,1218 489,1218 461,1218 433,1218 404,1218 376,1219 347,1219 319,1219 291,1219 262,1219 234,1219 205,1219 177,1218 149,1218"/>
                <Baseline points="149,1239 177,1239 205,1240 234,1240 262,1240 291,1240 319,1240 347,1240 376,1240 404,1239 433,1239 461,1239 489,1239 518,1239 546,1238 575,1238 603,1238 631,1238 660,1238 688,1238 717,1239"/>
                <TextEquiv>
                    <Unicode>que aun en la cuadra quedaban.</Unicode>
                </TextEquiv>
            </TextLine>
            <TextLine id="r1l25" custom="readingOrder {index:24;}">
                <Coords points="207,1292 233,1293 259,1295 286,1296 312,1296 338,1297 365,1297 391,1297 417,1297 444,1297 470,1296 496,1296 523,1296 549,1295 575,1295 602,1295 628,1295 655,1295 655,1265 628,1265 602,1265 575,1265 549,1265 523,1266 496,1266 470,1266 444,1267 417,1267 391,1267 365,1267 338,1267 312,1266 286,1266 259,1265 233,1263 207,1262"/>
                <Baseline points="207,1282 233,1283 259,1285 286,1286 312,1286 338,1287 365,1287 391,1287 417,1287 444,1287 470,1286 496,1286 523,1286 549,1285 575,1285 602,1285 628,1285 655,1285"/>
                <TextEquiv>
                    <Unicode>Bien provistos y animosos</Unicode>
                </TextEquiv>
            </TextLine>
            <TextLine id="r1l26" custom="readingOrder {index:25;}">
                <Coords points="149,1347 174,1347 200,1346 226,1346 251,1346 277,1346 303,1346 328,1346 354,1346 380,1346 405,1346 431,1347 457,1347 482,1347 508,1347 534,1346 534,1313 508,1314 482,1314 457,1314 431,1314 405,1313 380,1313 354,1313 328,1313 303,1313 277,1313 251,1313 226,1313 200,1313 174,1314 149,1314"/>
                <Baseline points="149,1336 174,1336 200,1335 226,1335 251,1335 277,1335 303,1335 328,1335 354,1335 380,1335 405,1335 431,1336 457,1336 482,1336 508,1336 534,1335"/>
                <TextEquiv>
                    <Unicode>salimos á la campaña; </Unicode>
                </TextEquiv>
            </TextLine>
            <TextLine id="r1l27" custom="readingOrder {index:26;}">
                <Coords points="149,1394 174,1394 200,1394 226,1394 252,1394 278,1394 303,1394 329,1394 355,1394 381,1394 407,1394 432,1394 458,1394 484,1394 510,1394 536,1394 561,1393 587,1393 613,1393 639,1392 665,1392 665,1359 639,1359 613,1360 587,1360 561,1360 536,1361 510,1361 484,1361 458,1361 432,1361 407,1361 381,1361 355,1361 329,1361 303,1361 278,1361 252,1361 226,1361 200,1361 174,1361 149,1361"/>
                <Baseline points="149,1383 174,1383 200,1383 226,1383 252,1383 278,1383 303,1383 329,1383 355,1383 381,1383 407,1383 432,1383 458,1383 484,1383 510,1383 536,1383 561,1382 587,1382 613,1382 639,1381 665,1381"/>
                <TextEquiv>
                    <Unicode>cuando otros tres compañeros</Unicode>
                </TextEquiv>
            </TextLine>
            <TextLine id="r1l28" custom="readingOrder {index:27;}">
                <Coords points="152,1440 178,1441 204,1442 231,1442 257,1443 284,1443 310,1443 336,1442 363,1442 389,1442 416,1442 442,1441 468,1441 495,1441 521,1442 548,1442 548,1409 521,1409 495,1408 468,1408 442,1408 416,1409 389,1409 363,1409 336,1409 310,1410 284,1410 257,1410 231,1409 204,1409 178,1408 152,1407"/>
                <Baseline points="152,1429 178,1430 204,1431 231,1431 257,1432 284,1432 310,1432 336,1431 363,1431 389,1431 416,1431 442,1430 468,1430 495,1430 521,1431 548,1431"/>
                <TextEquiv>
                    <Unicode>á la cueva regresaban.</Unicode>
                </TextEquiv>
            </TextLine>
            <TextLine id="r1l29" custom="readingOrder {index:28;}">
                <Coords points="197,1489 222,1490 247,1491 272,1491 297,1491 323,1491 348,1491 373,1490 398,1490 423,1490 449,1489 474,1489 499,1489 524,1489 549,1488 575,1488 600,1488 625,1489 650,1489 676,1490 676,1457 650,1456 625,1456 600,1455 575,1455 549,1455 524,1456 499,1456 474,1456 449,1456 423,1457 398,1457 373,1457 348,1458 323,1458 297,1458 272,1458 247,1458 222,1457 197,1456"/>
                <Baseline points="197,1478 222,1479 247,1480 272,1480 297,1480 323,1480 348,1480 373,1479 398,1479 423,1479 449,1478 474,1478 499,1478 524,1478 549,1477 575,1477 600,1477 625,1478 650,1478 676,1479"/>
                <TextEquiv>
                    <Unicode>Eran de Simanca amigos, </Unicode>
                </TextEquiv>
            </TextLine>
            <TextLine id="r1l30" custom="readingOrder {index:29;}">
                <Coords points="142,1536 167,1537 192,1538 217,1538 242,1538 268,1539 293,1539 318,1539 343,1538 368,1538 394,1538 419,1538 444,1537 469,1537 494,1537 520,1536 545,1536 570,1536 595,1536 620,1537 646,1537 646,1504 620,1504 595,1503 570,1503 545,1503 520,1503 494,1504 469,1504 444,1504 419,1505 394,1505 368,1505 343,1505 318,1506 293,1506 268,1506 242,1505 217,1505 192,1505 167,1504 142,1503"/>
                <Baseline points="142,1525 167,1526 192,1527 217,1527 242,1527 268,1528 293,1528 318,1528 343,1527 368,1527 394,1527 419,1527 444,1526 469,1526 494,1526 520,1525 545,1525 570,1525 595,1525 620,1526 646,1526"/>
                <TextEquiv>
                    <Unicode>y como de acuerdo andaban, </Unicode>
                </TextEquiv>
            </TextLine>
            <TextLine id="r1l31" custom="readingOrder {index:30;}">
                <Coords points="150,1584 176,1584 202,1585 228,1586 255,1586 281,1586 307,1586 334,1586 360,1586 386,1586 412,1586 439,1585 465,1585 491,1585 518,1584 544,1584 570,1584 597,1585 597,1552 570,1551 544,1551 518,1551 491,1552 465,1552 439,1552 412,1553 386,1553 360,1553 334,1553 307,1553 281,1553 255,1553 228,1553 202,1552 176,1551 150,1551"/>
                <Baseline points="150,1573 176,1573 202,1574 228,1575 255,1575 281,1575 307,1575 334,1575 360,1575 386,1575 412,1575 439,1574 465,1574 491,1574 518,1573 544,1573 570,1573 597,1574"/>
                <TextEquiv>
                    <Unicode>se escaparon de los otros</Unicode>
                </TextEquiv>
            </TextLine>
            <TextLine id="r1l32" custom="readingOrder {index:31;}">
                <Coords points="150,1633 175,1634 201,1634 227,1634 253,1634 279,1635 305,1634 331,1634 357,1634 383,1634 409,1634 434,1633 460,1633 486,1633 512,1633 538,1633 564,1633 590,1633 616,1633 642,1633 668,1633 668,1600 642,1600 616,1600 590,1600 564,1600 538,1600 512,1600 486,1600 460,1600 434,1600 409,1601 383,1601 357,1601 331,1601 305,1601 279,1602 253,1601 227,1601 201,1601 175,1601 150,1600"/>
                <Baseline points="150,1622 175,1623 201,1623 227,1623 253,1623 279,1624 305,1623 331,1623 357,1623 383,1623 409,1623 434,1622 460,1622 486,1622 512,1622 538,1622 564,1622 590,1622 616,1622 642,1622 668,1622"/>
                <TextEquiv>
                    <Unicode>y á los nuestros se juntaban.</Unicode>
                </TextEquiv>
            </TextLine>
            <TextLine id="r1l33" custom="readingOrder {index:32;}">
                <Coords points="197,1682 222,1681 248,1681 274,1681 299,1681 325,1681 351,1681 376,1681 402,1681 428,1681 453,1681 479,1681 505,1681 530,1681 556,1681 582,1681 607,1681 633,1681 659,1680 685,1680 685,1647 659,1647 633,1648 607,1648 582,1648 556,1648 530,1648 505,1648 479,1648 453,1648 428,1648 402,1648 376,1648 351,1648 325,1648 299,1648 274,1648 248,1648 222,1648 197,1649"/>
                <Baseline points="197,1671 222,1670 248,1670 274,1670 299,1670 325,1670 351,1670 376,1670 402,1670 428,1670 453,1670 479,1670 505,1670 530,1670 556,1670 582,1670 607,1670 633,1670 659,1669 685,1669"/>
                <TextEquiv>
                    <Unicode>Siete eran nuestra cuadrilla, </Unicode>
                </TextEquiv>
            </TextLine>
            <TextLine id="r1l34" custom="readingOrder {index:33;}">
                <Coords points="150,1729 175,1729 200,1729 225,1729 250,1729 275,1729 300,1729 325,1729 350,1729 375,1729 400,1729 425,1729 450,1729 475,1729 500,1729 525,1729 550,1729 575,1729 600,1729 600,1696 575,1696 550,1696 525,1696 500,1696 475,1696 450,1696 425,1696 400,1696 375,1696 350,1696 325,1696 300,1696 275,1696 250,1696 225,1696 200,1696 175,1696 150,1696"/>
                <Baseline points="150,1718 175,1718 200,1718 225,1718 250,1718 275,1718 300,1718 325,1718 350,1718 375,1718 400,1718 425,1718 450,1718 475,1718 500,1718 525,1718 550,1718 575,1718 600,1718"/>
                <TextEquiv>
                    <Unicode>provistos de todas armas, </Unicode>
                </TextEquiv>
            </TextLine>
            <TextLine id="r1l35" custom="readingOrder {index:34;}">
                <Coords points="151,1777 177,1777 203,1776 230,1776 256,1776 283,1776 309,1776 336,1776 362,1776 389,1776 415,1776 441,1776 468,1776 494,1776 521,1776 547,1776 574,1776 600,1776 627,1777 653,1777 680,1777 680,1744 653,1744 627,1744 600,1743 574,1743 547,1743 521,1743 494,1743 468,1743 441,1743 415,1743 389,1743 362,1743 336,1743 309,1743 283,1743 256,1743 230,1743 203,1743 177,1744 151,1744"/>
                <Baseline points="151,1766 177,1766 203,1765 230,1765 256,1765 283,1765 309,1765 336,1765 362,1765 389,1765 415,1765 441,1765 468,1765 494,1765 521,1765 547,1765 574,1765 600,1765 627,1766 653,1766 680,1766"/>
                <TextEquiv>
                    <Unicode>inco hombres y dos mujeres,</Unicode>
                </TextEquiv>
            </TextLine>
            <TextLine id="r1l36" custom="readingOrder {index:35;}">
                <Coords points="143,1825 169,1825 195,1825 221,1825 247,1825 273,1825 299,1825 325,1825 351,1824 377,1824 403,1824 429,1824 455,1824 481,1824 508,1824 508,1791 481,1791 455,1791 429,1791 403,1791 377,1791 351,1791 325,1792 299,1792 273,1792 247,1792 221,1792 195,1792 169,1792 143,1792"/>
                <Baseline points="143,1814 169,1814 195,1814 221,1814 247,1814 273,1814 299,1814 325,1814 351,1813 377,1813 403,1813 429,1813 455,1813 481,1813 508,1813"/>
                <TextEquiv>
                    <Unicode>y yo ya desesperada.</Unicode>
                </TextEquiv>
            </TextLine>
            <TextLine id="r1l37" custom="readingOrder {index:36;}">
                <Coords points="190,1870 216,1870 242,1871 268,1872 294,1872 320,1872 346,1872 372,1872 398,1872 424,1872 450,1872 476,1872 502,1872 528,1872 554,1872 580,1871 606,1871 632,1871 632,1838 606,1838 580,1838 554,1839 528,1839 502,1839 476,1839 450,1839 424,1839 398,1839 372,1839 346,1839 320,1839 294,1839 268,1839 242,1838 216,1837 190,1837"/>
                <Baseline points="190,1859 216,1859 242,1860 268,1861 294,1861 320,1861 346,1861 372,1861 398,1861 424,1861 450,1861 476,1861 502,1861 528,1861 554,1861 580,1860 606,1860 632,1860"/>
                <TextEquiv>
                    <Unicode>Dejamos la cueva abierta</Unicode>
                </TextEquiv>
            </TextLine>
            <TextLine id="r1l38" custom="readingOrder {index:37;}">
                <Coords points="145,1921 171,1921 197,1921 223,1921 249,1921 275,1920 301,1920 327,1920 353,1920 379,1920 405,1920 431,1920 457,1920 483,1920 509,1920 535,1920 561,1920 587,1920 613,1920 613,1887 587,1887 561,1887 535,1887 509,1887 483,1887 457,1887 431,1887 405,1887 379,1887 353,1887 327,1887 301,1887 275,1887 249,1888 223,1888 197,1888 171,1888 145,1888"/>
                <Baseline points="145,1910 171,1910 197,1910 223,1910 249,1910 275,1909 301,1909 327,1909 353,1909 379,1909 405,1909 431,1909 457,1909 483,1909 509,1909 535,1909 561,1909 587,1909 613,1909"/>
                <TextEquiv>
                    <Unicode>y marchábamos con pausa; </Unicode>
                </TextEquiv>
            </TextLine>
            <TextLine id="r1l39" custom="readingOrder {index:38;}">
                <Coords points="143,1966 168,1967 193,1967 218,1967 243,1967 268,1968 294,1968 319,1968 344,1968 369,1968 394,1968 419,1968 445,1968 470,1968 495,1968 520,1968 545,1968 570,1968 596,1967 596,1934 570,1935 545,1935 520,1935 495,1935 470,1935 445,1935 419,1935 394,1935 369,1935 344,1935 319,1935 294,1935 268,1935 243,1934 218,1934 193,1934 168,1934 143,1933"/>
                <Baseline points="143,1955 168,1956 193,1956 218,1956 243,1956 268,1957 294,1957 319,1957 344,1957 369,1957 394,1957 419,1957 445,1957 470,1957 495,1957 520,1957 545,1957 570,1957 596,1956"/>
                <TextEquiv>
                    <Unicode>pero dimos con los otros</Unicode>
                </TextEquiv>
            </TextLine>
            <TextLine id="r1l40" custom="readingOrder {index:39;}">
                <Coords points="139,2014 164,2014 189,2015 214,2015 240,2016 265,2016 290,2016 315,2016 341,2016 366,2016 391,2016 417,2016 442,2016 467,2016 492,2016 518,2016 543,2016 568,2016 594,2017 594,1984 568,1983 543,1983 518,1983 492,1983 467,1983 442,1983 417,1983 391,1983 366,1983 341,1983 315,1983 290,1983 265,1983 240,1983 214,1982 189,1982 164,1981 139,1981"/>
                <Baseline points="139,2003 164,2003 189,2004 214,2004 240,2005 265,2005 290,2005 315,2005 341,2005 366,2005 391,2005 417,2005 442,2005 467,2005 492,2005 518,2005 543,2005 568,2005 594,2006"/>
                <TextEquiv>
                    <Unicode>á una media legua escasa.</Unicode>
                </TextEquiv>
            </TextLine>
            <TextLine id="r1l41" custom="readingOrder {index:40;}">
                <Coords points="185,2063 210,2063 235,2063 260,2063 285,2063 311,2063 336,2063 361,2063 386,2063 411,2063 437,2063 462,2063 487,2064 512,2064 537,2064 563,2065 563,2032 537,2031 512,2031 487,2031 462,2030 437,2030 411,2030 386,2030 361,2030 336,2030 311,2030 285,2030 260,2030 235,2030 210,2030 185,2030"/>
                <Baseline points="185,2052 210,2052 235,2052 260,2052 285,2052 311,2052 336,2052 361,2052 386,2052 411,2052 437,2052 462,2052 487,2053 512,2053 537,2053 563,2054"/>
                <TextEquiv>
                    <Unicode>Acometiéronnos ellos</Unicode>
                </TextEquiv>
            </TextLine>
            <TextLine id="r1l42" custom="readingOrder {index:41;}">
                <Coords points="131,2111 156,2112 181,2112 206,2112 232,2112 257,2112 282,2111 308,2111 333,2111 358,2111 384,2111 409,2111 434,2111 460,2111 485,2111 510,2111 536,2112 536,2079 510,2078 485,2078 460,2078 434,2078 409,2078 384,2078 358,2078 333,2078 308,2078 282,2078 257,2079 232,2079 206,2079 181,2079 156,2079 131,2078"/>
                <Baseline points="131,2100 156,2101 181,2101 206,2101 232,2101 257,2101 282,2100 308,2100 333,2100 358,2100 384,2100 409,2100 434,2100 460,2100 485,2100 510,2100 536,2101"/>
                <TextEquiv>
                    <Unicode>llenos de furiosa rabia; </Unicode>
                </TextEquiv>
            </TextLine>
            <TextLine id="r1l43" custom="readingOrder {index:42;}">
                <Coords points="142,2158 167,2158 192,2159 218,2159 243,2160 268,2160 294,2160 319,2159 344,2159 370,2159 395,2159 420,2159 446,2159 471,2159 496,2159 522,2159 547,2160 572,2161 598,2162 598,2129 572,2128 547,2127 522,2126 496,2126 471,2126 446,2126 420,2126 395,2126 370,2126 344,2126 319,2126 294,2127 268,2127 243,2127 218,2126 192,2126 167,2125 142,2125"/>
                <Baseline points="142,2147 167,2147 192,2148 218,2148 243,2149 268,2149 294,2149 319,2148 344,2148 370,2148 395,2148 420,2148 446,2148 471,2148 496,2148 522,2148 547,2149 572,2150 598,2151"/>
                <TextEquiv>
                    <Unicode>mas no acertaron un tiro, </Unicode>
                </TextEquiv>
            </TextLine>
            <TextLine id="r1l44" custom="readingOrder {index:43;}">
                <Coords points="143,2209 169,2208 195,2208 221,2207 247,2207 273,2207 299,2207 325,2207 351,2207 377,2207 404,2207 430,2207 456,2207 482,2208 508,2208 534,2208 560,2208 586,2208 612,2209 639,2209 639,2176 612,2176 586,2175 560,2175 534,2175 508,2175 482,2175 456,2174 430,2174 404,2174 377,2174 351,2174 325,2174 299,2174 273,2174 247,2174 221,2174 195,2175 169,2175 143,2176"/>
                <Baseline points="143,2198 169,2197 195,2197 221,2196 247,2196 273,2196 299,2196 325,2196 351,2196 377,2196 404,2196 430,2196 456,2196 482,2197 508,2197 534,2197 560,2197 586,2197 612,2198 639,2198"/>
                <TextEquiv>
                    <Unicode>y los nuestros no se erraban. </Unicode>
                </TextEquiv>
            </TextLine>
            <TextLine id="r1l45" custom="readingOrder {index:44;}">
                <Coords points="178,2254 203,2254 229,2255 255,2256 280,2256 306,2256 332,2256 357,2256 383,2256 409,2256 434,2256 460,2256 486,2256 511,2256 537,2256 563,2256 588,2257 614,2257 640,2257 640,2224 614,2224 588,2224 563,2223 537,2223 511,2223 486,2223 460,2223 434,2223 409,2223 383,2223 357,2223 332,2223 306,2223 280,2223 255,2223 229,2222 203,2221 178,2221"/>
                <Baseline points="178,2243 203,2243 229,2244 255,2245 280,2245 306,2245 332,2245 357,2245 383,2245 409,2245 434,2245 460,2245 486,2245 511,2245 537,2245 563,2245 588,2246 614,2246 640,2246"/>
                <TextEquiv>
                    <Unicode>De cinco que allí venian, </Unicode>
                </TextEquiv>
            </TextLine>
            <TextEquiv>
                <Unicode>Tres hay tambien de los otros
que hacen parte en la maraña, 
y tan solo una ocasion
para hacerlo se esperaba. 
Si consientes en ser mia
y seguirme donde vaya, 
saldremos con los tesoros 
que en esta cueva se hallan.
En esto corrió á soltar
la mujer y al camarada, 
quienes viéndose ya libres
de contento se abrazaban.
Por salir de aquel lugar
donde me hallaba encerrada,
de Simancas juré ser
y seguirle donde vaya. 
En. esto con unos hierros
que por allí se encontraban, 
aunque era fuerte la puerta, 
conseguimos arrancarla.
Al instante de la cueva 
sacamos muchas alhajas, 
y cargamos cuatro machos
que aun en la cuadra quedaban.
Bien provistos y animosos
salimos á la campaña; 
cuando otros tres compañeros
á la cueva regresaban.
Eran de Simanca amigos, 
y como de acuerdo andaban, 
se escaparon de los otros
y á los nuestros se juntaban.
Siete eran nuestra cuadrilla, 
provistos de todas armas, 
inco hombres y dos mujeres,
y yo ya desesperada.
Dejamos la cueva abierta
y marchábamos con pausa; 
pero dimos con los otros
á una media legua escasa.
Acometiéronnos ellos
llenos de furiosa rabia; 
mas no acertaron un tiro, 
y los nuestros no se erraban. 
De cinco que allí venian, </Unicode>
            </TextEquiv>
        </TextRegion>
        <TextRegion orientation="0.0" id="r2" custom="readingOrder {index:1;}">
            <Coords points="859,99 859,2258 1517,2258 1517,99"/>
            <TextLine id="r2l2" custom="readingOrder {index:0;}">
                <Coords points="887,152 913,153 940,153 966,153 993,153 1019,153 1046,153 1072,153 1099,152 1125,152 1152,152 1178,152 1205,152 1231,153 1258,153 1258,119 1231,119 1205,118 1178,118 1152,118 1125,118 1099,118 1072,119 1046,119 1019,119 993,119 966,119 940,119 913,119 887,118"/>
                <Baseline points="887,141 913,142 940,142 966,142 993,142 1019,142 1046,142 1072,142 1099,141 1125,141 1152,141 1178,141 1205,141 1231,142 1258,142"/>
                <TextEquiv>
                    <Unicode>á la primera descarga</Unicode>
                </TextEquiv>
            </TextLine>
            <TextLine id="r2l4" custom="readingOrder {index:1;}">
                <Coords points="893,200 918,200 944,201 969,201 995,201 1020,201 1046,201 1071,201 1097,201 1123,201 1148,201 1174,201 1199,201 1225,201 1250,201 1276,201 1302,201 1302,167 1276,167 1250,167 1225,167 1199,167 1174,167 1148,167 1123,167 1097,167 1071,167 1046,167 1020,167 995,167 969,167 944,167 918,166 893,166"/>
                <Baseline points="893,189 918,189 944,190 969,190 995,190 1020,190 1046,190 1071,190 1097,190 1123,190 1148,190 1174,190 1199,190 1225,190 1250,190 1276,190 1302,190"/>
                <TextEquiv>
                    <Unicode>cuatro cayeron heridos;</Unicode>
                </TextEquiv>
            </TextLine>
            <TextLine id="r2l6" custom="readingOrder {index:2;}">
                <Coords points="889,249 914,249 939,249 965,249 990,249 1015,249 1041,249 1066,249 1091,249 1117,250 1142,250 1167,250 1193,250 1218,250 1243,250 1269,250 1294,249 1320,249 1320,216 1294,216 1269,217 1243,217 1218,217 1193,217 1167,217 1142,217 1117,217 1091,216 1066,216 1041,216 1015,216 990,216 965,216 939,216 914,216 889,216"/>
                <Baseline points="889,238 914,238 939,238 965,238 990,238 1015,238 1041,238 1066,238 1091,238 1117,239 1142,239 1167,239 1193,239 1218,239 1243,239 1269,239 1294,238 1320,238"/>
                <TextEquiv>
                    <Unicode>el quinto se nos juntaba.</Unicode>
                </TextEquiv>
            </TextLine>
            <TextLine id="r2l7" custom="readingOrder {index:3;}">
                <Coords points="931,294 959,295 988,295 1016,296 1045,296 1073,297 1102,297 1130,297 1159,297 1187,297 1216,298 1245,298 1273,298 1302,298 1330,298 1359,298 1387,298 1416,298 1444,298 1473,298 1502,298 1502,265 1473,265 1444,265 1416,265 1387,265 1359,265 1330,265 1302,265 1273,265 1245,265 1216,265 1187,264 1159,264 1130,264 1102,264 1073,264 1045,263 1016,263 988,262 959,262 931,261"/>
                <Baseline points="931,283 959,284 988,284 1016,285 1045,285 1073,286 1102,286 1130,286 1159,286 1187,286 1216,287 1245,287 1273,287 1302,287 1330,287 1359,287 1387,287 1416,287 1444,287 1473,287 1502,287"/>
                <TextEquiv>
                    <Unicode>Mas viendo que era el que hizo</Unicode>
                </TextEquiv>
            </TextLine>
            <TextLine id="r2l8" custom="readingOrder {index:4;}">
                <Coords points="885,343 910,343 935,344 960,344 985,344 1010,344 1036,345 1061,345 1086,345 1111,345 1136,345 1161,345 1187,346 1212,346 1237,346 1262,346 1287,346 1312,346 1338,346 1338,312 1312,312 1287,312 1262,312 1237,312 1212,312 1187,312 1161,311 1136,311 1111,311 1086,311 1061,311 1036,311 1010,310 985,310 960,310 935,310 910,309 885,309"/>
                <Baseline points="885,332 910,332 935,333 960,333 985,333 1010,333 1036,334 1061,334 1086,334 1111,334 1136,334 1161,334 1187,335 1212,335 1237,335 1262,335 1287,335 1312,335 1338,335"/>
                <TextEquiv>
                    <Unicode>en mí la primera infamia,</Unicode>
                </TextEquiv>
            </TextLine>
            <TextLine id="r2l9" custom="readingOrder {index:5;}">
                <Coords points="891,391 916,391 942,392 968,392 993,392 1019,392 1045,393 1071,393 1096,393 1122,393 1148,393 1173,393 1199,394 1225,395 1251,395 1251,361 1225,361 1199,360 1173,359 1148,359 1122,359 1096,359 1071,359 1045,359 1019,358 993,358 968,358 942,358 916,357 891,357"/>
                <Baseline points="891,380 916,380 942,381 968,381 993,381 1019,381 1045,382 1071,382 1096,382 1122,382 1148,382 1173,382 1199,383 1225,384 1251,384"/>
                <TextEquiv>
                    <Unicode>apenas le tuve cerca, </Unicode>
                </TextEquiv>
            </TextLine>
            <TextLine id="r2l10" custom="readingOrder {index:6;}">
                <Coords points="883,438 908,438 933,439 959,439 984,439 1010,439 1035,440 1061,440 1086,440 1112,440 1137,440 1162,440 1188,440 1213,440 1239,440 1264,440 1290,440 1315,440 1341,441 1366,441 1392,441 1392,410 1366,410 1341,410 1315,409 1290,409 1264,409 1239,409 1213,409 1188,409 1162,409 1137,409 1112,409 1086,409 1061,409 1035,409 1010,408 984,408 959,408 933,408 908,407 883,407"/>
                <Baseline points="883,428 908,428 933,429 959,429 984,429 1010,429 1035,430 1061,430 1086,430 1112,430 1137,430 1162,430 1188,430 1213,430 1239,430 1264,430 1290,430 1315,430 1341,431 1366,431 1392,431"/>
                <TextEquiv>
                    <Unicode>el pecho le abrí á estocadas, </Unicode>
                </TextEquiv>
            </TextLine>
            <TextLine id="r2l11" custom="readingOrder {index:7;}">
                <Coords points="933,482 959,484 985,485 1012,486 1038,486 1065,487 1091,487 1118,487 1144,487 1170,488 1197,488 1223,488 1250,488 1276,488 1303,489 1329,490 1356,490 1356,459 1329,459 1303,458 1276,457 1250,457 1223,457 1197,457 1170,457 1144,456 1118,456 1091,456 1065,456 1038,455 1012,455 985,454 959,453 933,451"/>
                <Baseline points="933,472 959,474 985,475 1012,476 1038,476 1065,477 1091,477 1118,477 1144,477 1170,478 1197,478 1223,478 1250,478 1276,478 1303,479 1329,480 1356,480"/>
                <TextEquiv>
                    <Unicode>¿Pagal, le dije , traidor, </Unicode>
                </TextEquiv>
            </TextLine>
            <TextLine id="r2l13" custom="readingOrder {index:8;}">
                <Coords points="886,536 911,536 937,536 962,536 988,536 1013,536 1039,536 1064,536 1090,536 1115,536 1141,536 1166,536 1192,536 1217,536 1243,536 1268,537 1294,537 1320,537 1320,504 1294,504 1268,504 1243,503 1217,503 1192,503 1166,503 1141,503 1115,503 1090,503 1064,503 1039,503 1013,503 988,503 962,503 937,503 911,503 886,503"/>
                <Baseline points="886,525 911,525 937,525 962,525 988,525 1013,525 1039,525 1064,525 1090,525 1115,525 1141,525 1166,525 1192,525 1217,525 1243,525 1268,526 1294,526 1320,526"/>
                <TextEquiv>
                    <Unicode>paga tu accion temeraria,</Unicode>
                </TextEquiv>
            </TextLine>
            <TextLine id="r2l14" custom="readingOrder {index:9;}">
                <Coords points="884,580 909,581 934,581 960,582 985,582 1011,583 1036,583 1062,583 1087,584 1113,584 1138,584 1164,584 1189,584 1215,584 1240,584 1266,585 1291,585 1317,585 1342,585 1368,586 1368,553 1342,552 1317,552 1291,552 1266,552 1240,551 1215,551 1189,551 1164,551 1138,551 1113,551 1087,551 1062,550 1036,550 1011,550 985,549 960,549 934,548 909,548 884,547"/>
                <Baseline points="884,569 909,570 934,570 960,571 985,571 1011,572 1036,572 1062,572 1087,573 1113,573 1138,573 1164,573 1189,573 1215,573 1240,573 1266,574 1291,574 1317,574 1342,574 1368,575"/>
                <TextEquiv>
                    <Unicode>pues estoy por tí sin honra,</Unicode>
                </TextEquiv>
            </TextLine>
            <TextLine id="r2l15" custom="readingOrder {index:10;}">
                <Coords points="880,631 905,631 930,630 955,630 980,630 1006,631 1031,631 1056,631 1081,631 1107,632 1132,632 1157,632 1182,632 1207,632 1233,632 1258,632 1283,632 1308,631 1334,631 1334,598 1308,598 1283,599 1258,599 1233,599 1207,599 1182,599 1157,599 1132,599 1107,599 1081,598 1056,598 1031,598 1006,598 980,597 955,597 930,597 905,598 880,598"/>
                <Baseline points="880,620 905,620 930,619 955,619 980,619 1006,620 1031,620 1056,620 1081,620 1107,621 1132,621 1157,621 1182,621 1207,621 1233,621 1258,621 1283,621 1308,620 1334,620"/>
                <TextEquiv>
                    <Unicode>la vida á mi furia acaba.»</Unicode>
                </TextEquiv>
            </TextLine>
            <TextLine id="r2l16" custom="readingOrder {index:11;}">
                <Coords points="931,679 956,679 982,679 1007,678 1033,678 1058,678 1084,678 1109,678 1135,678 1161,678 1186,678 1212,679 1237,679 1263,680 1288,681 1314,681 1340,682 1340,649 1314,648 1288,648 1263,647 1237,646 1212,646 1186,645 1161,645 1135,645 1109,645 1084,645 1058,645 1033,645 1007,645 982,646 956,646 931,646"/>
                <Baseline points="931,668 956,668 982,668 1007,667 1033,667 1058,667 1084,667 1109,667 1135,667 1161,667 1186,667 1212,668 1237,668 1263,669 1288,670 1314,670 1340,671"/>
                <TextEquiv>
                    <Unicode>Corrimos á los heridos, </Unicode>
                </TextEquiv>
            </TextLine>
            <TextLine id="r2l17" custom="readingOrder {index:12;}">
                <Coords points="875,725 900,726 925,726 951,726 976,726 1001,726 1027,726 1052,726 1077,726 1103,726 1128,726 1153,726 1179,726 1204,727 1229,727 1255,727 1280,728 1306,729 1306,696 1280,695 1255,694 1229,694 1204,694 1179,693 1153,693 1128,693 1103,693 1077,693 1052,693 1027,693 1001,693 976,693 951,693 925,693 900,693 875,692"/>
                <Baseline points="875,714 900,715 925,715 951,715 976,715 1001,715 1027,715 1052,715 1077,715 1103,715 1128,715 1153,715 1179,715 1204,716 1229,716 1255,716 1280,717 1306,718"/>
                <TextEquiv>
                    <Unicode>y con mano sanguinaria </Unicode>
                </TextEquiv>
            </TextLine>
            <TextLine id="r2l18" custom="readingOrder {index:13;}">
                <Coords points="884,772 910,772 936,773 963,774 989,774 1015,774 1042,774 1068,774 1095,774 1121,774 1147,774 1174,774 1200,774 1226,774 1253,774 1279,774 1306,774 1306,741 1279,741 1253,741 1226,741 1200,741 1174,741 1147,741 1121,741 1095,741 1068,741 1042,741 1015,741 989,741 963,741 936,740 910,739 884,739"/>
                <Baseline points="884,761 910,761 936,762 963,763 989,763 1015,763 1042,763 1068,763 1095,763 1121,763 1147,763 1174,763 1200,763 1226,763 1253,763 1279,763 1306,763"/>
                <TextEquiv>
                    <Unicode>les cortamos las cabezas</Unicode>
                </TextEquiv>
            </TextLine>
            <TextLine id="r2l19" custom="readingOrder {index:14;}">
                <Coords points="880,821 906,821 932,821 958,822 984,822 1011,822 1037,822 1063,822 1089,822 1116,822 1142,822 1168,822 1194,822 1221,823 1247,823 1273,823 1299,824 1326,824 1326,790 1299,790 1273,789 1247,789 1221,789 1194,788 1168,788 1142,788 1116,788 1089,788 1063,788 1037,788 1011,788 984,788 958,788 932,787 906,787 880,787"/>
                <Baseline points="880,810 906,810 932,810 958,811 984,811 1011,811 1037,811 1063,811 1089,811 1116,811 1142,811 1168,811 1194,811 1221,812 1247,812 1273,812 1299,813 1326,813"/>
                <TextEquiv>
                    <Unicode>y les tomamos las cargas.</Unicode>
                </TextEquiv>
            </TextLine>
            <TextLine id="r2l20" custom="readingOrder {index:15;}">
                <Coords points="919,867 944,868 970,869 996,870 1022,870 1048,870 1074,870 1100,870 1126,870 1152,870 1178,870 1204,870 1230,871 1256,871 1282,872 1308,873 1308,839 1282,838 1256,837 1230,837 1204,836 1178,836 1152,836 1126,836 1100,836 1074,836 1048,836 1022,836 996,836 970,835 944,834 919,833"/>
                <Baseline points="919,856 944,857 970,858 996,859 1022,859 1048,859 1074,859 1100,859 1126,859 1152,859 1178,859 1204,859 1230,860 1256,860 1282,861 1308,862"/>
                <TextEquiv>
                    <Unicode>Huímos á toda prisa,</Unicode>
                </TextEquiv>
            </TextLine>
            <TextLine id="r2l21" custom="readingOrder {index:16;}">
                <Coords points="876,914 901,915 927,916 952,917 978,917 1004,918 1029,918 1055,918 1081,918 1106,918 1132,918 1158,918 1183,918 1209,918 1235,918 1260,918 1286,919 1312,920 1337,920 1363,921 1389,923 1389,889 1363,887 1337,886 1312,886 1286,885 1260,884 1235,884 1209,884 1183,884 1158,884 1132,884 1106,884 1081,884 1055,884 1029,884 1004,884 978,883 952,883 927,882 901,881 876,880"/>
                <Baseline points="876,903 901,904 927,905 952,906 978,906 1004,907 1029,907 1055,907 1081,907 1106,907 1132,907 1158,907 1183,907 1209,907 1235,907 1260,907 1286,908 1312,909 1337,909 1363,910 1389,912"/>
                <TextEquiv>
                    <Unicode>que iba entrando la mañana, </Unicode>
                </TextEquiv>
            </TextLine>
            <TextLine id="r2l22" custom="readingOrder {index:17;}">
                <Coords points="876,961 902,962 928,963 954,964 981,965 1007,965 1033,966 1059,966 1086,966 1112,966 1138,966 1164,965 1191,965 1217,965 1243,965 1269,966 1296,966 1296,932 1269,932 1243,931 1217,931 1191,931 1164,931 1138,932 1112,932 1086,932 1059,932 1033,932 1007,931 981,931 954,930 928,929 902,928 876,927"/>
                <Baseline points="876,950 902,951 928,952 954,953 981,954 1007,954 1033,955 1059,955 1086,955 1112,955 1138,955 1164,954 1191,954 1217,954 1243,954 1269,955 1296,955"/>
                <TextEquiv>
                    <Unicode>y á pocos dias de andar</Unicode>
                </TextEquiv>
            </TextLine>
            <TextLine id="r2l23" custom="readingOrder {index:18;}">
                <Coords points="878,1010 904,1011 930,1012 956,1013 982,1013 1008,1013 1034,1013 1060,1013 1086,1013 1112,1013 1138,1013 1164,1013 1190,1013 1216,1013 1242,1013 1268,1014 1294,1015 1321,1016 1321,982 1294,981 1268,980 1242,979 1216,979 1190,979 1164,979 1138,979 1112,979 1086,979 1060,979 1034,979 1008,979 982,979 956,979 930,978 904,977 878,976"/>
                <Baseline points="878,999 904,1000 930,1001 956,1002 982,1002 1008,1002 1034,1002 1060,1002 1086,1002 1112,1002 1138,1002 1164,1002 1190,1002 1216,1002 1242,1002 1268,1003 1294,1004 1321,1005"/>
                <TextEquiv>
                    <Unicode>nos hallamos en Vizcaya. </Unicode>
                </TextEquiv>
            </TextLine>
            <TextLine id="r2l24" custom="readingOrder {index:19;}">
                <Coords points="919,1057 945,1058 971,1059 997,1060 1023,1060 1049,1060 1075,1060 1101,1060 1127,1060 1153,1060 1179,1060 1205,1060 1231,1060 1257,1060 1283,1060 1309,1061 1335,1062 1335,1028 1309,1027 1283,1026 1257,1026 1231,1026 1205,1026 1179,1026 1153,1026 1127,1026 1101,1026 1075,1026 1049,1026 1023,1026 997,1026 971,1025 945,1024 919,1023"/>
                <Baseline points="919,1046 945,1047 971,1048 997,1049 1023,1049 1049,1049 1075,1049 1101,1049 1127,1049 1153,1049 1179,1049 1205,1049 1231,1049 1257,1049 1283,1049 1309,1050 1335,1051"/>
                <TextEquiv>
                    <Unicode>Dos años viví con ellos</Unicode>
                </TextEquiv>
            </TextLine>
            <TextLine id="r2l25" custom="readingOrder {index:20;}">
                <Coords points="877,1107 902,1108 928,1108 953,1109 979,1109 1004,1109 1030,1109 1055,1109 1081,1108 1106,1108 1132,1108 1157,1108 1183,1108 1208,1109 1234,1109 1260,1110 1260,1077 1234,1076 1208,1076 1183,1075 1157,1075 1132,1075 1106,1075 1081,1075 1055,1076 1030,1076 1004,1076 979,1076 953,1076 928,1075 902,1075 877,1074"/>
                <Baseline points="877,1096 902,1097 928,1097 953,1098 979,1098 1004,1098 1030,1098 1055,1098 1081,1097 1106,1097 1132,1097 1157,1097 1183,1097 1208,1098 1234,1098 1260,1099"/>
                <TextEquiv>
                    <Unicode>feroz y desenfrenada,</Unicode>
                </TextEquiv>
            </TextLine>
            <TextLine id="r2l26" custom="readingOrder {index:21;}">
                <Coords points="875,1151 901,1153 927,1154 954,1155 980,1156 1007,1156 1033,1156 1060,1156 1086,1156 1113,1156 1139,1156 1166,1156 1192,1156 1219,1156 1245,1157 1272,1158 1272,1125 1245,1124 1219,1123 1192,1123 1166,1123 1139,1123 1113,1123 1086,1123 1060,1123 1033,1123 1007,1123 980,1123 954,1122 927,1121 901,1120 875,1118"/>
                <Baseline points="875,1140 901,1142 927,1143 954,1144 980,1145 1007,1145 1033,1145 1060,1145 1086,1145 1113,1145 1139,1145 1166,1145 1192,1145 1219,1145 1245,1146 1272,1147"/>
                <TextEquiv>
                    <Unicode>y me cubrí de delitos,</Unicode>
                </TextEquiv>
            </TextLine>
            <TextLine id="r2l27" custom="readingOrder {index:22;}">
                <Coords points="879,1201 905,1202 931,1203 957,1204 983,1204 1009,1205 1035,1205 1062,1205 1088,1204 1114,1204 1140,1204 1166,1204 1192,1204 1218,1203 1245,1203 1271,1203 1297,1204 1323,1204 1349,1204 1375,1205 1402,1206 1402,1173 1375,1172 1349,1171 1323,1171 1297,1171 1271,1170 1245,1170 1218,1170 1192,1171 1166,1171 1140,1171 1114,1171 1088,1171 1062,1172 1035,1172 1009,1172 983,1171 957,1171 931,1170 905,1169 879,1168"/>
                <Baseline points="879,1190 905,1191 931,1192 957,1193 983,1193 1009,1194 1035,1194 1062,1194 1088,1193 1114,1193 1140,1193 1166,1193 1192,1193 1218,1192 1245,1192 1271,1192 1297,1193 1323,1193 1349,1193 1375,1194 1402,1195"/>
                <TextEquiv>
                    <Unicode>que horror el contarlos causa. </Unicode>
                </TextEquiv>
            </TextLine>
            <TextLine id="r2l28" custom="readingOrder {index:23;}">
                <Coords points="925,1251 950,1251 975,1252 1000,1252 1025,1252 1050,1252 1075,1252 1100,1252 1125,1252 1150,1252 1175,1251 1200,1251 1225,1251 1250,1251 1275,1251 1300,1251 1325,1251 1350,1252 1375,1252 1400,1252 1426,1253 1426,1219 1400,1218 1375,1218 1350,1218 1325,1217 1300,1217 1275,1217 1250,1217 1225,1217 1200,1217 1175,1217 1150,1218 1125,1218 1100,1218 1075,1218 1050,1218 1025,1218 1000,1218 975,1218 950,1217 925,1217"/>
                <Baseline points="925,1240 950,1240 975,1241 1000,1241 1025,1241 1050,1241 1075,1241 1100,1241 1125,1241 1150,1241 1175,1240 1200,1240 1225,1240 1250,1240 1275,1240 1300,1240 1325,1240 1350,1241 1375,1241 1400,1241 1426,1242"/>
                <TextEquiv>
                    <Unicode>Qué infamias no cometimos !</Unicode>
                </TextEquiv>
            </TextLine>
            <TextLine id="r2l29" custom="readingOrder {index:24;}">
                <Coords points="875,1299 901,1299 927,1299 953,1299 980,1299 1006,1299 1032,1299 1059,1299 1085,1299 1111,1299 1138,1299 1164,1299 1190,1299 1216,1299 1243,1299 1269,1299 1295,1300 1322,1300 1348,1300 1374,1301 1401,1301 1401,1267 1374,1267 1348,1266 1322,1266 1295,1266 1269,1265 1243,1265 1216,1265 1190,1265 1164,1265 1138,1265 1111,1265 1085,1265 1059,1265 1032,1265 1006,1265 980,1265 953,1265 927,1265 901,1265 875,1265"/>
                <Baseline points="875,1288 901,1288 927,1288 953,1288 980,1288 1006,1288 1032,1288 1059,1288 1085,1288 1111,1288 1138,1288 1164,1288 1190,1288 1216,1288 1243,1288 1269,1288 1295,1289 1322,1289 1348,1289 1374,1290 1401,1290"/>
                <TextEquiv>
                    <Unicode>qué maldades, qué desgracias !</Unicode>
                </TextEquiv>
            </TextLine>
            <TextLine id="r2l30" custom="readingOrder {index:25;}">
                <Coords points="873,1345 899,1345 925,1346 951,1346 977,1346 1003,1346 1030,1346 1056,1346 1082,1346 1108,1346 1134,1346 1161,1346 1187,1346 1213,1347 1239,1347 1265,1348 1292,1348 1292,1314 1265,1314 1239,1313 1213,1313 1187,1312 1161,1312 1134,1312 1108,1312 1082,1312 1056,1312 1030,1312 1003,1312 977,1312 951,1312 925,1312 899,1311 873,1311"/>
                <Baseline points="873,1334 899,1334 925,1335 951,1335 977,1335 1003,1335 1030,1335 1056,1335 1082,1335 1108,1335 1134,1335 1161,1335 1187,1335 1213,1336 1239,1336 1265,1337 1292,1337"/>
                <TextEquiv>
                    <Unicode>mas vidas quité yo sola </Unicode>
                </TextEquiv>
            </TextLine>
            <TextLine id="r2l31" custom="readingOrder {index:26;}">
                <Coords points="876,1393 901,1393 927,1394 952,1395 978,1395 1003,1395 1029,1395 1055,1395 1080,1395 1106,1395 1131,1395 1157,1394 1182,1394 1208,1394 1234,1394 1259,1394 1285,1395 1310,1395 1336,1395 1362,1396 1362,1362 1336,1361 1310,1361 1285,1361 1259,1360 1234,1360 1208,1360 1182,1360 1157,1360 1131,1361 1106,1361 1080,1361 1055,1361 1029,1361 1003,1361 978,1361 952,1361 927,1360 901,1359 876,1359"/>
                <Baseline points="876,1382 901,1382 927,1383 952,1384 978,1384 1003,1384 1029,1384 1055,1384 1080,1384 1106,1384 1131,1384 1157,1383 1182,1383 1208,1383 1234,1383 1259,1383 1285,1384 1310,1384 1336,1384 1362,1385"/>
                <TextEquiv>
                    <Unicode>que todos los de mi banda.</Unicode>
                </TextEquiv>
            </TextLine>
            <TextLine id="r2l32" custom="readingOrder {index:27;}">
                <Coords points="917,1440 942,1441 968,1442 993,1442 1019,1443 1044,1443 1070,1443 1095,1443 1121,1443 1146,1443 1172,1442 1197,1442 1223,1442 1248,1442 1274,1442 1299,1442 1325,1443 1351,1443 1351,1409 1325,1409 1299,1408 1274,1408 1248,1408 1223,1408 1197,1408 1172,1408 1146,1409 1121,1409 1095,1409 1070,1409 1044,1409 1019,1409 993,1408 968,1408 942,1407 917,1406"/>
                <Baseline points="917,1429 942,1430 968,1431 993,1431 1019,1432 1044,1432 1070,1432 1095,1432 1121,1432 1146,1432 1172,1431 1197,1431 1223,1431 1248,1431 1274,1431 1299,1431 1325,1432 1351,1432"/>
                <TextEquiv>
                    <Unicode>Y como ya con nosotros</Unicode>
                </TextEquiv>
            </TextLine>
            <TextLine id="r2l33" custom="readingOrder {index:28;}">
                <Coords points="870,1488 896,1489 922,1489 948,1489 974,1490 1000,1490 1026,1490 1052,1490 1078,1491 1104,1491 1130,1491 1156,1491 1182,1491 1208,1491 1234,1491 1260,1491 1286,1491 1312,1491 1339,1491 1339,1457 1312,1457 1286,1457 1260,1457 1234,1457 1208,1457 1182,1457 1156,1457 1130,1457 1104,1457 1078,1457 1052,1456 1026,1456 1000,1456 974,1456 948,1455 922,1455 896,1455 870,1454"/>
                <Baseline points="870,1477 896,1478 922,1478 948,1478 974,1479 1000,1479 1026,1479 1052,1479 1078,1480 1104,1480 1130,1480 1156,1480 1182,1480 1208,1480 1234,1480 1260,1480 1286,1480 1312,1480 1339,1480"/>
                <TextEquiv>
                    <Unicode>otros y otros se juntaban,</Unicode>
                </TextEquiv>
            </TextLine>
            <TextLine id="r2l34" custom="readingOrder {index:29;}">
                <Coords points="865,1535 890,1536 916,1537 942,1537 968,1538 993,1538 1019,1538 1045,1539 1071,1539 1096,1539 1122,1539 1148,1539 1174,1538 1199,1538 1225,1538 1251,1538 1277,1539 1277,1505 1251,1504 1225,1504 1199,1504 1174,1504 1148,1505 1122,1505 1096,1505 1071,1505 1045,1505 1019,1504 993,1504 968,1504 942,1503 916,1503 890,1502 865,1501"/>
                <Baseline points="865,1524 890,1525 916,1526 942,1526 968,1527 993,1527 1019,1527 1045,1528 1071,1528 1096,1528 1122,1528 1148,1528 1174,1527 1199,1527 1225,1527 1251,1527 1277,1528"/>
                <TextEquiv>
                    <Unicode>al que no me obedecia</Unicode>
                </TextEquiv>
            </TextLine>
            <TextLine id="r2l35" custom="readingOrder {index:30;}">
                <Coords points="868,1582 893,1583 918,1585 943,1585 969,1586 994,1586 1019,1587 1044,1587 1070,1587 1095,1587 1120,1587 1146,1586 1171,1586 1196,1586 1221,1586 1247,1586 1272,1586 1297,1587 1323,1587 1323,1553 1297,1553 1272,1552 1247,1552 1221,1552 1196,1552 1171,1552 1146,1552 1120,1553 1095,1553 1070,1553 1044,1553 1019,1553 994,1552 969,1552 943,1551 918,1551 893,1549 868,1548"/>
                <Baseline points="868,1571 893,1572 918,1574 943,1574 969,1575 994,1575 1019,1576 1044,1576 1070,1576 1095,1576 1120,1576 1146,1575 1171,1575 1196,1575 1221,1575 1247,1575 1272,1575 1297,1576 1323,1576"/>
                <TextEquiv>
                    <Unicode>le daba muerte inhumana. </Unicode>
                </TextEquiv>
            </TextLine>
            <TextLine id="r2l36" custom="readingOrder {index:31;}">
                <Coords points="918,1634 944,1634 970,1634 997,1634 1023,1634 1050,1634 1076,1634 1102,1634 1129,1634 1155,1634 1182,1634 1208,1634 1234,1634 1261,1634 1287,1634 1314,1634 1340,1635 1366,1635 1393,1636 1419,1636 1446,1637 1446,1603 1419,1602 1393,1602 1366,1601 1340,1601 1314,1600 1287,1600 1261,1600 1234,1600 1208,1600 1182,1600 1155,1600 1129,1600 1102,1600 1076,1600 1050,1600 1023,1600 997,1600 970,1600 944,1600 918,1600"/>
                <Baseline points="918,1623 944,1623 970,1623 997,1623 1023,1623 1050,1623 1076,1623 1102,1623 1129,1623 1155,1623 1182,1623 1208,1623 1234,1623 1261,1623 1287,1623 1314,1623 1340,1624 1366,1624 1393,1625 1419,1625 1446,1626"/>
                <TextEquiv>
                    <Unicode>Aunque siempre la conciencia</Unicode>
                </TextEquiv>
            </TextLine>
            <TextLine id="r2l37" custom="readingOrder {index:32;}">
                <Coords points="867,1684 893,1684 919,1683 946,1683 972,1683 999,1683 1025,1682 1052,1682 1078,1682 1104,1682 1131,1682 1157,1682 1184,1682 1210,1682 1237,1683 1237,1650 1210,1649 1184,1649 1157,1649 1131,1649 1104,1649 1078,1649 1052,1649 1025,1649 999,1650 972,1650 946,1650 919,1650 893,1651 867,1651"/>
                <Baseline points="867,1673 893,1673 919,1672 946,1672 972,1672 999,1672 1025,1671 1052,1671 1078,1671 1104,1671 1131,1671 1157,1671 1184,1671 1210,1671 1237,1672"/>
                <TextEquiv>
                    <Unicode>me roía las entrañas, </Unicode>
                </TextEquiv>
            </TextLine>
            <TextLine id="r2l38" custom="readingOrder {index:33;}">
                <Coords points="877,1731 902,1731 927,1730 953,1730 978,1730 1004,1730 1029,1730 1055,1730 1080,1730 1106,1729 1131,1729 1157,1729 1182,1729 1208,1729 1233,1729 1259,1729 1284,1729 1310,1729 1335,1729 1361,1729 1361,1696 1335,1696 1310,1696 1284,1696 1259,1696 1233,1696 1208,1696 1182,1696 1157,1696 1131,1696 1106,1696 1080,1697 1055,1697 1029,1697 1004,1697 978,1697 953,1697 927,1697 902,1698 877,1698"/>
                <Baseline points="877,1720 902,1720 927,1719 953,1719 978,1719 1004,1719 1029,1719 1055,1719 1080,1719 1106,1718 1131,1718 1157,1718 1182,1718 1208,1718 1233,1718 1259,1718 1284,1718 1310,1718 1335,1718 1361,1718"/>
                <TextEquiv>
                    <Unicode>por la muerte de don Pedro</Unicode>
                </TextEquiv>
            </TextLine>
            <TextLine id="r2l39" custom="readingOrder {index:34;}">
                <Coords points="869,1780 895,1779 921,1779 947,1778 973,1777 999,1777 1025,1777 1051,1777 1077,1777 1103,1777 1129,1777 1155,1777 1181,1778 1208,1778 1208,1745 1181,1745 1155,1744 1129,1744 1103,1744 1077,1744 1051,1744 1025,1744 999,1744 973,1744 947,1745 921,1746 895,1746 869,1747"/>
                <Baseline points="869,1769 895,1768 921,1768 947,1767 973,1766 999,1766 1025,1766 1051,1766 1077,1766 1103,1766 1129,1766 1155,1766 1181,1767 1208,1767"/>
                <TextEquiv>
                    <Unicode>estaba desesperada.</Unicode>
                </TextEquiv>
            </TextLine>
            <TextLine id="r2l40" custom="readingOrder {index:35;}">
                <Coords points="920,1824 945,1825 971,1825 997,1826 1023,1826 1049,1826 1074,1826 1100,1826 1126,1825 1152,1825 1178,1825 1203,1825 1229,1824 1255,1824 1281,1824 1307,1825 1307,1792 1281,1791 1255,1791 1229,1791 1203,1792 1178,1792 1152,1792 1126,1792 1100,1793 1074,1793 1049,1793 1023,1793 997,1793 971,1792 945,1792 920,1791"/>
                <Baseline points="920,1813 945,1814 971,1814 997,1815 1023,1815 1049,1815 1074,1815 1100,1815 1126,1814 1152,1814 1178,1814 1203,1814 1229,1813 1255,1813 1281,1813 1307,1814"/>
                <TextEquiv>
                    <Unicode>Y la infame compañía</Unicode>
                </TextEquiv>
            </TextLine>
            <TextLine id="r2l41" custom="readingOrder {index:36;}">
                <Coords points="869,1872 894,1873 920,1873 946,1873 971,1873 997,1873 1023,1873 1048,1873 1074,1873 1100,1873 1126,1873 1151,1873 1177,1873 1203,1872 1228,1872 1254,1872 1280,1872 1305,1872 1331,1872 1357,1872 1383,1872 1383,1838 1357,1838 1331,1838 1305,1838 1280,1838 1254,1838 1228,1838 1203,1838 1177,1839 1151,1839 1126,1839 1100,1839 1074,1839 1048,1839 1023,1839 997,1839 971,1839 946,1839 920,1839 894,1839 869,1838"/>
                <Baseline points="869,1861 894,1862 920,1862 946,1862 971,1862 997,1862 1023,1862 1048,1862 1074,1862 1100,1862 1126,1862 1151,1862 1177,1862 1203,1861 1228,1861 1254,1861 1280,1861 1305,1861 1331,1861 1357,1861 1383,1861"/>
                <TextEquiv>
                    <Unicode>de aquellos con quien andaba</Unicode>
                </TextEquiv>
            </TextLine>
            <TextLine id="r2l42" custom="readingOrder {index:37;}">
                <Coords points="866,1922 892,1921 918,1921 944,1921 970,1921 996,1921 1023,1921 1049,1921 1075,1921 1101,1921 1127,1921 1153,1920 1180,1920 1206,1920 1232,1920 1258,1920 1284,1919 1311,1918 1311,1884 1284,1885 1258,1886 1232,1886 1206,1886 1180,1886 1153,1886 1127,1887 1101,1887 1075,1887 1049,1887 1023,1887 996,1887 970,1887 944,1887 918,1887 892,1887 866,1888"/>
                <Baseline points="866,1911 892,1910 918,1910 944,1910 970,1910 996,1910 1023,1910 1049,1910 1075,1910 1101,1910 1127,1910 1153,1909 1180,1909 1206,1909 1232,1909 1258,1909 1284,1908 1311,1907"/>
                <TextEquiv>
                    <Unicode>de un delito á otro delito</Unicode>
                </TextEquiv>
            </TextLine>
            <TextLine id="r2l43" custom="readingOrder {index:38;}">
                <Coords points="867,1969 892,1969 918,1969 944,1969 970,1969 995,1969 1021,1968 1047,1968 1073,1968 1099,1968 1124,1968 1150,1968 1176,1968 1202,1968 1228,1968 1253,1968 1279,1968 1305,1968 1331,1968 1357,1968 1357,1934 1331,1934 1305,1934 1279,1934 1253,1934 1228,1934 1202,1934 1176,1934 1150,1934 1124,1934 1099,1934 1073,1934 1047,1934 1021,1934 995,1935 970,1935 944,1935 918,1935 892,1935 867,1935"/>
                <Baseline points="867,1958 892,1958 918,1958 944,1958 970,1958 995,1958 1021,1957 1047,1957 1073,1957 1099,1957 1124,1957 1150,1957 1176,1957 1202,1957 1228,1957 1253,1957 1279,1957 1305,1957 1331,1957 1357,1957"/>
                <TextEquiv>
                    <Unicode>con su ejemplo me incitaba.</Unicode>
                </TextEquiv>
            </TextLine>
            <TextLine id="r2l44" custom="readingOrder {index:39;}">
                <Coords points="910,2016 935,2016 960,2016 985,2016 1010,2016 1035,2016 1060,2016 1085,2015 1110,2015 1135,2015 1160,2015 1185,2015 1210,2015 1235,2015 1260,2015 1285,2016 1310,2016 1310,1982 1285,1982 1260,1981 1235,1981 1210,1981 1185,1981 1160,1981 1135,1981 1110,1981 1085,1981 1060,1982 1035,1982 1010,1982 985,1982 960,1982 935,1982 910,1982"/>
                <Baseline points="910,2005 935,2005 960,2005 985,2005 1010,2005 1035,2005 1060,2005 1085,2004 1110,2004 1135,2004 1160,2004 1185,2004 1210,2004 1235,2004 1260,2004 1285,2005 1310,2005"/>
                <TextEquiv>
                    <Unicode>A mi padre aborrecia, </Unicode>
                </TextEquiv>
            </TextLine>
            <TextLine id="r2l45" custom="readingOrder {index:40;}">
                <Coords points="862,2064 887,2065 913,2065 939,2065 964,2065 990,2065 1016,2064 1042,2064 1067,2064 1093,2064 1119,2063 1145,2063 1170,2063 1196,2063 1222,2064 1248,2064 1248,2030 1222,2030 1196,2029 1170,2029 1145,2029 1119,2029 1093,2030 1067,2030 1042,2030 1016,2030 990,2031 964,2031 939,2031 913,2031 887,2031 862,2030"/>
                <Baseline points="862,2053 887,2054 913,2054 939,2054 964,2054 990,2054 1016,2053 1042,2053 1067,2053 1093,2053 1119,2052 1145,2052 1170,2052 1196,2052 1222,2053 1248,2053"/>
                <TextEquiv>
                    <Unicode>á mi madre detestaba, </Unicode>
                </TextEquiv>
            </TextLine>
            <TextLine id="r2l46" custom="readingOrder {index:41;}">
                <Coords points="863,2111 888,2112 913,2112 938,2113 963,2113 989,2113 1014,2113 1039,2112 1064,2112 1090,2112 1115,2112 1140,2112 1165,2111 1191,2111 1216,2111 1241,2111 1266,2112 1292,2112 1292,2078 1266,2078 1241,2077 1216,2077 1191,2077 1165,2077 1140,2078 1115,2078 1090,2078 1064,2078 1039,2078 1014,2079 989,2079 963,2079 938,2079 913,2078 888,2078 863,2077"/>
                <Baseline points="863,2100 888,2101 913,2101 938,2102 963,2102 989,2102 1014,2102 1039,2101 1064,2101 1090,2101 1115,2101 1140,2101 1165,2100 1191,2100 1216,2100 1241,2100 1266,2101 1292,2101"/>
                <TextEquiv>
                    <Unicode>y beber su sangre odiosa</Unicode>
                </TextEquiv>
            </TextLine>
            <TextLine id="r2l47" custom="readingOrder {index:42;}">
                <Coords points="863,2160 888,2160 914,2161 940,2161 966,2161 992,2161 1018,2161 1044,2160 1070,2160 1095,2160 1121,2160 1147,2160 1173,2160 1199,2160 1225,2160 1251,2160 1277,2160 1303,2160 1303,2126 1277,2126 1251,2126 1225,2126 1199,2126 1173,2126 1147,2126 1121,2126 1095,2126 1070,2126 1044,2126 1018,2127 992,2127 966,2127 940,2127 914,2127 888,2126 863,2126"/>
                <Baseline points="863,2149 888,2149 914,2150 940,2150 966,2150 992,2150 1018,2150 1044,2149 1070,2149 1095,2149 1121,2149 1147,2149 1173,2149 1199,2149 1225,2149 1251,2149 1277,2149 1303,2149"/>
                <TextEquiv>
                    <Unicode>pretendia con gran ánsia.</Unicode>
                </TextEquiv>
            </TextLine>
            <TextLine id="r2l48" custom="readingOrder {index:43;}">
                <Coords points="912,2208 937,2208 962,2209 987,2209 1012,2209 1037,2209 1062,2209 1087,2208 1112,2208 1137,2208 1162,2207 1187,2207 1212,2207 1237,2206 1262,2206 1287,2206 1312,2206 1337,2206 1362,2206 1387,2207 1412,2207 1412,2173 1387,2173 1362,2172 1337,2172 1312,2172 1287,2172 1262,2172 1237,2172 1212,2173 1187,2173 1162,2173 1137,2174 1112,2174 1087,2174 1062,2175 1037,2175 1012,2175 987,2175 962,2175 937,2174 912,2174"/>
                <Baseline points="912,2197 937,2197 962,2198 987,2198 1012,2198 1037,2198 1062,2198 1087,2197 1112,2197 1137,2197 1162,2196 1187,2196 1212,2196 1237,2195 1262,2195 1287,2195 1312,2195 1337,2195 1362,2195 1387,2196 1412,2196"/>
                <TextEquiv>
                    <Unicode>Tan horrenda fué mi suerte.</Unicode>
                </TextEquiv>
            </TextLine>
            <TextLine id="r2l49" custom="readingOrder {index:44;}">
                <Coords points="859,2257 884,2257 910,2257 935,2257 961,2257 987,2257 1012,2257 1038,2257 1064,2257 1089,2257 1115,2258 1141,2257 1166,2257 1192,2257 1218,2257 1243,2257 1269,2257 1295,2256 1320,2256 1346,2255 1372,2254 1372,2220 1346,2221 1320,2222 1295,2222 1269,2223 1243,2223 1218,2223 1192,2223 1166,2223 1141,2223 1115,2224 1089,2223 1064,2223 1038,2223 1012,2223 987,2223 961,2223 935,2223 910,2223 884,2223 859,2223"/>
                <Baseline points="859,2246 884,2246 910,2246 935,2246 961,2246 987,2246 1012,2246 1038,2246 1064,2246 1089,2246 1115,2247 1141,2246 1166,2246 1192,2246 1218,2246 1243,2246 1269,2246 1295,2245 1320,2245 1346,2244 1372,2243"/>
                <TextEquiv>
                    <Unicode>que estando en una montaña</Unicode>
                </TextEquiv>
            </TextLine>
            <TextEquiv>
                <Unicode>á la primera descarga
cuatro cayeron heridos;
el quinto se nos juntaba.
Mas viendo que era el que hizo
en mí la primera infamia,
apenas le tuve cerca, 
el pecho le abrí á estocadas, 
¿Pagal, le dije , traidor, 
paga tu accion temeraria,
pues estoy por tí sin honra,
la vida á mi furia acaba.»
Corrimos á los heridos, 
y con mano sanguinaria 
les cortamos las cabezas
y les tomamos las cargas.
Huímos á toda prisa,
que iba entrando la mañana, 
y á pocos dias de andar
nos hallamos en Vizcaya. 
Dos años viví con ellos
feroz y desenfrenada,
y me cubrí de delitos,
que horror el contarlos causa. 
Qué infamias no cometimos !
qué maldades, qué desgracias !
mas vidas quité yo sola 
que todos los de mi banda.
Y como ya con nosotros
otros y otros se juntaban,
al que no me obedecia
le daba muerte inhumana. 
Aunque siempre la conciencia
me roía las entrañas, 
por la muerte de don Pedro
estaba desesperada.
Y la infame compañía
de aquellos con quien andaba
de un delito á otro delito
con su ejemplo me incitaba.
A mi padre aborrecia, 
á mi madre detestaba, 
y beber su sangre odiosa
pretendia con gran ánsia.
Tan horrenda fué mi suerte.
que estando en una montaña</Unicode>
            </TextEquiv>
        </TextRegion>
    </Page>
</PcGts>
