1668 2432
174 138 575 177 uetmvimos unos coches
171 186 711 226 que á Madrid se encaminaban.
199 234 659 272 Iban mis padres en ellos,
159 285 589 327 y al verles, desatinada,
169 332 620 366 al padre maté de un tiro,
167 379 631 419 y á mi madre á puñaladas.
205 426 629 461 De la sangre que vertia
166 475 550 511 iba yo á beber airada,
163 522 618 558 cuando espiando la triste,
163 570 596 607 conocióme y me miraba.
207 618 601 654 Hija infelice, me dijo,
159 665 645 703 tú con nuestra vida acabas;
159 713 537 750 mas yo rogaré por tí
163 761 669 801 y el cielo oirá mis plegarias.
207 808 669 845 Grandes tus crímenes son,
165 857 627 898 y al cielo piden venganza:
170 905 598 942 pero Dios es compasivo,
166 954 576 989 y así mira por tu alma.
211 1001 577 1036 Al decir esto espiró:
167 1049 567 1088 y como si sus palabras
177 1096 595 1132 fuesen una voz del cielo
171 1144 581 1180 me dejaron asombrada.
214 1192 694 1227 Horror me daba yo misma,
169 1241 615 1280 y ni un punto descansaba
175 1287 613 1324 meditando en mis delitos
170 1336 622 1371 y en mi suerte desastrada.
218 1382 676 1421 En la noche de aquel dia,
175 1430 554 1466 llorando desconsolada,
171 1478 579 1516 sin que pudiese dormir
179 1526 531 1564 casi me desesperaba,
222 1575 566 1611 Cuando me pareció ver
171 1622 631 1659 á mi misma madre amada,
182 1671 589 1707 diciéndome: penitencia,
180 1718 598 1757 que Jesucristo te llama.
219 1767 679 1806 En aquel instante mismo,
887 135 1310 173 como si fuese inspirada,
892 183 1258 220 en secreto me escapé
888 231 1334 268 de aquella gente malvada.
937 279 1301 314 Y como cerca de allí
889 325 1306 363 un monasterio se halla,
887 374 1307 411 me presenté á la priora,
884 423 1238 458 llorando desatinada.
928 469 1392 508 Contéla mi horrenda vida,
888 519 1345 553 mis crimenes y desgracias
883 564 1217 601 y un asilo la pedia
890 612 1296 649 donde viviese ignorada.
938 661 1422 700 Túvome allí algunos meses,
891 709 1353 744 donde con lágrimas tantas
888 757 1254 792 mis pecados confesé,
892 806 1328 840 que Dios sosegó mi alma.
928 852 1320 887 Pedí al padre confesor
887 901 1242 938 poder vivir solitaria,
885 949 1316 986 y me señaló esta cueva,
890 996 1312 1032 en donde estoy retirada.
934 1046 1430 1081 Aquí en lágrimas contínuas
885 1093 1381 1129 pido al Cielo con confianza
888 1142 1303 1176 que mis delitos perdone
892 1187 1314 1225 con su sangre soberana.
934 1237 1366 1275 Que yo resignada á todo
890 1285 1303 1320 le pido con vivas ánsias
890 1332 1375 1369 que haga sufrir á mi cuerpo
892 1381 1388 1418 con tal que se salve mi alma.
933 1428 1396 1466 Ojalá que con mi historia
890 1475 1382 1516 escarmienten las muchachas,
885 1524 1329 1559 y vean á qué se esponen
894 1571 1384 1610 las que abandonan sus casas
938 1619 1341 1655 Y así roguemos á Dios
895 1666 1301 1705 y á su Madre Soberana
897 1715 1376 1752 que nos dé á todos un dia
893 1764 1297 1802 del paraíso la entrada.
738 2063 957 2101 FIN.
146 2236 1544 2280 CARMONA:—Imp. y lib. de D. José M. Moreno, Madre de Dios, n. 1.
