1644 2368
195 167 653 203 con don Luis de Vendaval,
191 214 623 250 rico y de noble prosapia.
229 260 677 298 A mis llantos y gemidos
188 309 662 345 sordos mis padres estaban,
192 356 586 392 y mi boda á toda prisa
188 404 690 440 con don Luis la preparaban.
229 452 670 485 Yo que con ódio mayor
186 500 522 532 cada dia le miraba.
183 540 649 576 viendo ya que sin remedio
181 590 590 627 se queria mi desgracia.
228 637 768 675 Con don Pedro huí una noche,
175 684 677 725 noche cruel! noche infausta.
183 735 657 774 pues fué mi amante en ella
175 787 625 826 muerto á doce puñaladas.
235 833 628 873 Una banda de asesinos
183 881 598 922 que aquel pais infestaba
181 930 585 969 al encuentro nos salió,
183 978 539 1017 al robo determinada.
231 1024 719 1063 Viéndome jóven y hermosa,
177 1073 588 1113 horror el decirlo causa:
177 1122 581 1159 diez eran los foragidos,
173 1169 554 1208 yo sola y desalentada.
223 1215 737 1254 Ponga un velo á la vergüenza
173 1264 587 1304 y sabed que la mañana
183 1313 575 1349 en una cama me hallé,
184 1358 655 1397 de esos mónstruos rodeada.
222 1403 629 1444 Entre llantos y gemidos
183 1453 637 1493 les pregunté dónde estaba;
180 1500 629 1540 dijeron que en una cueva,
180 1550 550 1589 que seria mi morada.
219 1596 663 1635 Pero que no me afligiera,
177 1643 699 1684 que aunque viviera encerrada.
179 1691 591 1731 si á su gusto les servia
173 1743 527 1779 no me faltaria nada.
221 1785 699 1825 Hiciéronme entrar entonces
172 1833 643 1874 á unas grandiosas estancias
175 1883 585 1922 que la gran cueva tenia
171 1932 593 1969 guarnecidas y alhajadas.
213 1975 759 2016 De los robos que hecho habian
172 2030 568 2065 allí el depósito estaba,
168 2076 608 2113 con provisiones de boca,
177 2123 645 2162 y vinos de especies varias.
209 2171 661 2207 Despues que todo esto ví
175 2220 629 2257 á otro cuartel me llevaban.
171 2268 647 2308 que era el último de todos
902 147 1466 191 los que en la cueva se hallaban.
941 197 1425 238 Allí habia... Vírgen pura...
893 246 1319 286 se me anuda la garganta
904 293 1253 335 al recordar el horror
897 340 1352 382 de que se cubrió mi alma.
941 389 1303 430 Allí habia calaveras,
894 432 1369 479 huesos de persona humana,
900 486 1265 527 cadáveres sin cabeza,
899 532 1269 573 y mujeres degolladas.
943 576 1433 619 Niños sin brazos ni piernas,
890 623 1384 671 y entre aquel horror estaba
900 675 1289 717 una mujer que tenian
898 719 1383 763 con fuerte argolla amarrada,
944 767 1369 812 A poca distancia de ella
899 814 1369 860 un hombre robusto estaba,
899 863 1386 908 tambien atado á una argolla
895 912 1313 958 y á una cadena pesada.
946 958 1423 1000 Dijo un ladron, aquí están
895 1004 1383 1054 porque la intencion malvada
901 1055 1317 1100 tuvieron de huir un dia,
896 1104 1336 1147 pero bien caro lo pagan.
940 1149 1385 1195 Mientras esto me decian,
897 1200 1293 1242 otro ladron se llegaba,
899 1249 1370 1293 y les dijo, ánimo, amigos,
899 1295 1442 1336 que un gran botin nos aguarda.
946 1340 1432 1385 A dos leguas de este bosque
905 1390 1269 1433 pasarán esta mañana
901 1436 1314 1481 unos arrieros muy ricos
904 1484 1371 1528 que vienen desde Vizcaya.
945 1532 1385 1575 Salgamos al punto todos,
895 1582 1381 1624 quede de guardia Simancas,
941 1629 1297 1669 y volveremos sin duda
897 1678 1375 1718 con lo mejor de sus cargas.
939 1724 1393 1766 No bien acabó de hablar,
893 1773 1289 1814 cuando toda la canalla
891 1822 1295 1863 se fué con él presurosa;
897 1868 1367 1910 dejándome á mi encerrada.
946 1916 1337 1958 Era mi tristeza mucha.
887 1963 1335 2012 y viéndome tan postrada,
899 2015 1296 2055 dijo Simancas : mujer,
891 2060 1425 2103 si quieres, pronto estás salva.
941 2107 1403 2150 Los dos que presos están
893 2155 1370 2199 conmigo de acuerdo andan
895 2203 1375 2248 para huir de aquesta cueva
885 2254 1339 2295 robando á la otra canalla.
