1737 2508
1188 100 1384 140 Núm. 36.
636 1317 1069 1358 ROMANCE NUEVO.
246 1439 1456 1486 EL HALLAZGO DEL CADAVER.
185 1581 668 1620 No muy léjos de vitoria,
180 1631 621 1669 en la gran Peña Cerrada.
178 1677 795 1716 se halla una cueva, que un tiempo
181 1727 643 1763 fué asilo de gentes malas.
226 1775 661 1811 Unos hombres cierto dia
183 1823 619 1861 por aquel sitio pasaban,
179 1869 573 1909 y por huir de la lluvia
190 1916 655 1955 en aquella cueva entraban.
237 1964 727 2003 Y allí hallaron con asombro
185 2015 572 2051 una calavera humana,
189 2061 632 2098 y un papel que esto decia
191 2111 588 2147 sin faltar una palabra.
251 2158 682 2193 Yo soy Serafina Alcázar,
200 2204 735 2242 que he sido de estas montañas
204 2255 604 2292 el asombro y el terror,
901 1575 1409 1618 y la que hice muertes tantas.
953 1623 1512 1659 Cuando mi cuerpo se encuentre,
900 1670 1442 1708 mi conciencia aquí me manda
911 1717 1406 1756 que se halla escrita mi vida,
914 1766 1374 1803 porque no se ignore nada.
953 1814 1384 1851 Hija fuí de padres ricos,
906 1863 1265 1899 entre regalos criada,
920 1906 1446 1946 y hasta que veinte años tuve
912 1956 1398 1995 viví como Dios nos manda.
956 1999 1447 2043 Puse amor constante y fino
912 2051 1353 2089 á don Pedro de la Sauca,
918 2096 1429 2139 jóven de prendas muy nobles
922 2146 1372 2187 si bien de fortuna escasa.
974 2194 1410 2233 Pero mi padre y mis tios
924 2242 1297 2285 me tenian empeñada
