1765 2512
97 409 576 446 voluntariamente ofrece,
96 457 722 495 sin que atienda á su nobleza
94 507 716 543 porque el amar tarde ó nunca
100 555 626 591 en el desdoro contempla.
106 603 598 640 Vino la siguienté noche,
99 652 599 691 y si bien en la primera
96 699 585 737 sé porto Estela, parece
98 748 702 785 que en la segunda se empeña
105 796 585 834 á que con admiraciones
102 847 530 883 celebre su gentileza,
106 894 642 930 siendo esto para el conde,
108 941 642 979 como al fuego añadir leña.
100 989 762 1027 Prosiguió en fin muchas noches,
104 1037 690 1075 siendo en cada una de ellas
108 1085 613 1125 un prodigio los aplausos
105 1134 685 1173 que logró: con que la reina,
114 1181 690 1220 viendo del rey los estremos
108 1231 686 1268 comenzó á formar sospechas,
107 1279 539 1317 trocándose su aficion
101 1328 671 1365 en celos que la atormentan;
107 1377 545 1421 y para salir de dudas,
99 1426 625 1466 y dar fin á sus quimeras,
110 1473 605 1509 dió secretamente órden
107 1522 601 1559 que de la córte salieran
104 1570 553 1607 Estela y su compañía,
107 1617 723 1655 sin que un punto se detengan,
103 1665 627 1704 so pena de su desgracia.
108 1713 668 1751 Supiéronlo, y con presteza
111 1763 499 1803 ordenaron su viage
111 1812 583 1852 con notable ditigencia.
116 1859 673 1901 Llegó al conde de valverde
112 1907 657 1949 la noticia de esta ausencia
110 1955 623 1999 el cual instantáneamente
114 2004 643 2047 mandó que se detuvieran;
110 2052 527 2096 pero le satisfacieron,
122 2100 639 2143 diciéndole que era fuerza
120 2149 602 2193 salir luego de la córte,
123 2198 681 2243 que su Magestad lo ordena.
123 2246 677 2292 Quedóse pasmado el conde:
117 2295 540 2342 pero como considera
117 2341 669 2394 que dentro de su corazon
791 333 827 405 6
828 401 1382 439 quedaba estampada Estela,
831 449 1293 486 decia consigo mismo:
826 496 1341 535 si este lucero se ausenta
831 545 1477 588 ¿quien dará alivio á mis ánsias,
827 593 1392 635 y á mi pensamiento tregua?
831 645 1351 685 ¿quién ha de poder vivir,
825 692 1361 728 sin gozar de su presencia!
832 740 1290 777 Conde soy, ella gitana;
830 787 1435 825 mas ¿qué importa que lo sea?
827 834 1291 876 ¿acaso será el primero
834 882 1353 923 que desluzca mi nobleza?
834 930 1462 970 Dios fué quien me crió conde,
827 978 1361 1021 en tan baja esfera á ella;
831 1026 1337 1070 pero tambien puede ser,
831 1074 1421 1118 que esté viviendo encubierta;
837 1123 1333 1164 en fin, sea lo que fuere,
833 1171 1395 1215 vo no puedo estar sin ella,
836 1219 1481 1261 donde hay amor no hay reparo,
832 1267 1360 1310 amarla ó morir es fuerza.
833 1316 1418 1358 Llamó aparte al que juzgaba
839 1364 1355 1408 padre de aquella belleza,
843 1413 1257 1458 y le dijo: señor mio,
840 1461 1359 1503 ya que la fortuna adversa
843 1508 1459 1550 de esta suerte lo ha ordenado,
831 1556 1366 1599 es preciso que usted sepa,
840 1603 1327 1645 como estoy determinado
843 1653 1353 1694 (sin lisonja en la materia)
831 1700 1263 1742 á ser dichoso marido
842 1749 1290 1791 de la bellísima Estela.
831 1797 1385 1840 A qué respondió el gitano:
844 1846 1387 1887 señor, mire su escelencia,
840 1895 1439 1938 el que de una á la otra parte
841 1943 1309 1984 es mucha la diferencia
845 1993 1285 2033 y aquesta desigualdad
845 2040 1307 2083 puede suceder que sea
844 2090 1330 2129 motivo de arrepentirse,
839 2137 1356 2178 cuando remedio no tenga;
841 2184 1319 2226 no faltan en esta córte
843 2233 1353 2274 damas de su igual esfera,
837 2282 1277 2328 y así puede refrenar
847 2332 1300 2373 esa loca pasion ciega.
