1737 2508
1378 256 1589 294 Núm. 61.
513 321 1419 381 LA GITANILLA DE MADRID.
590 1511 1370 1552 NUEVA RELACION
278 1623 1683 1666 en la que se declara la peregrina y rara historia de la gitanilla de Madrid:
273 1667 1684 1713 de la suerte que la robó una gitana en Zaragoza, y otros varios sucesos
557 1710 1405 1754 que acaecieron, como verá el curioso lector.
796 1802 1175 1842 PRIMERA PARTE.
331 1909 841 1948 Publique á voces la fama,
281 1958 870 1996 por los reinos mas remotos,
286 2007 892 2054 la mas peregrina historia
285 2056 807 2096 el caso mas prodigioso
283 2104 791 2145 el mas estraño prodigio;
285 2153 759 2192 el suceso mas heróico,
294 2200 785 2239 que jamás suceder pudo
296 2248 853 2290 desde Adan hasta nosotros.
1009 1907 1589 1940 Oigan los que amantes finos
1007 1952 1508 1990 son prisioneros dichosos,
1010 1999 1454 2037 sujetando su alvedrío
1012 2048 1461 2085 á los casos peligrosos
1016 2096 1574 2134 que resultan muchas veces
1020 2144 1510 2181 de los lances amorosos.
1013 2193 1607 2229 No quiero gastar mas tiempo
1008 2243 1539 2282 en fraces ni en episodios,
