1628 2428
808 272 846 310 8.
113 326 766 364 las prendas: con que el alcalde,
121 373 602 412 falto de toda prudencia,
115 422 589 463 les ultrajó de palabras,
115 470 564 507 alzó la mano violenta
111 519 556 556 para darle un bofeton
111 568 633 604 al conde: mas con fiereza
111 616 538 651 de una crul estocada
109 663 601 700 muerto cadáver lo deja.
116 712 678 751 Por fin, fueron á la cárcel,
109 762 598 800 y con grillos y cadenas,
112 809 528 845 al otro siguiente dia
115 858 561 893 á Zaragoza los llevan.
110 906 771 941 A este tiempo el que erá padre
113 956 574 990 de la bellísima Estela,
108 1002 596 1036 se hallaba siendo virey,
109 1050 679 1086 y fué quien dió la sentencia
111 1097 705 1134 de que ahorquen los gitanos;
110 1147 640 1183 y en este tropel de penas
109 1195 590 1231 iban las pobres gitanas
108 1244 592 1281 suplicando á la vireina,
108 1291 547 1329 intercediese piadosa,
111 1338 730 1376 que hubiera alguna clemencia:
101 1389 631 1424 mas no pudo conseguirse
110 1436 669 1471 y viendo que el plazo llega
113 1483 575 1521 de entrarlos en capilla;
103 1531 686 1569 y que remedio no encuentran
105 1579 644 1617 la que entonces fué madre
105 1628 634 1665 finjida de nuéstra Estela,
104 1676 629 1714 de la vireina á las plantas
104 1724 651 1763 se postró, y su mano besa
105 1773 605 1810 diciéndola: gran señora,
103 1821 687 1859 como el perdon me conceda
103 1870 589 1908 la declararé un enigma,
103 1918 666 1956 que puede ser que nos sea
106 1967 632 2004 de gran gusto pará todos.
102 2015 614 2057 Y para saber lo que era,
839 325 1329 364 la perdonó; y la gitana
836 376 1366 411 por estenso la dió cuenta
841 422 1499 465 de todo lo referido,
839 471 1508 514 diciéndola. como era
842 520 1409 560 su hija lo que miraba;
840 567 1325 606 y para prueba le enseña
841 617 1389 649 los vestidos que guardaba
833 661 1433 699 en uu cofre; y viendo cierta
838 709 1362 748 la novedad, del contento
844 757 1370 796 cayó desmayada en tierra.
832 805 1302 844 En esto subió el virey
835 858 1351 892 y vuelta en sí la, vireina,
840 903 1409 947 le dió cuenta del suceso.
831 954 1371 989 y también declaró Estela,
844 999 1495 1037 como el que estaba en la cárcel
840 1047 1410 1084 de muerte con la sentencia,
835 1093 1386 1133 era el conde de Valverde,
838 1144 1398 1180 que ha de casarse con ella.
842 1193 1410 1230 Todo fué placer y gusto.
828 1240 1515 1284 fueron y lo echaron fuera:
831 1287 1355 1325 el conde dió su descargó,
865 1335 1350 1373 y quedó como quien era:
877 1382 1305 1420 á los gitanos les dieron
827 1431 1477 1471 bienes con que mantuvieran.
837 1480 1298 1516 decentemente su vida,
830 1531 1519 1571 luego las bodas celebran.
827 1574 1363 1612 Súpose en la córte el caso
832 1626 1474 1659 de lo cual muchos se alegran,
875 1669 1315 1708 y á la Vírgen del Pilar
838 1720 1498 1770 le hicieron solemnes fiestas
825 1771 1523 1815 en hacimiento de gracias
836 1817 1342 1853 de dicha tan placentera,
832 1865 1274 1900 Y Vicente Benavente
828 1913 1304 1950 de esta gustosa novela
834 1962 1302 2005 concluye la relacion,,
833 2011 1401 2049 y humilde el perdon espera,
608 2202 830 2240 CARMONA:—1859.
177 2258 766 2292 Imp. de D. J. María Moreno, calle Juan de la Cabra, núm.
