1737 2508
518 423 1315 489 SEGUNDA PARTE
222 549 1646 629 en la, qne se refiere como andando corriendó la
230 624 1650 698 España, vinieron á parar á Zaragoza, y en.
253 685 1672 767 manos de la. Justicia por un falso testimonio;
344 764 1532 836 y estando sentenciados á la horca, se
788 841 1395 894 descubrió ser hija del Virey.
294 960 758 1009 Ya dije, como mandó
243 1011 843 1059 el rey que ante su presencia,
247 1061 728 1108 aquella próxima noche,
249 1108 723 1156 llevasen la bella Estela,
250 1152 901 1203 que este fué el nombre que tuvo
249 1206 733 1250 aquella veldad discreta.
258 1251 797 1299 Cumplióse el real mandato
253 1301 795 1346 con muy pronta diligencia;
259 1350 769 1394 entró por el real palacio,
255 1395 837 1442 subió, y con mucha destreza
255 1445 699 1491 hizo los acatamientos
258 1493 802 1540 ante la magested régia.
264 1540 829 1589 y postrándose á sus plantas,
265 1589 747 1634 sus reales manos besa,
259 1638 749 1681 diciéndoles gran Señor,
263 1682 884 1730 á quien Dios por su elemencia
258 1732 858 1779 prospere en felicidades
268 1780 817 1825 y aumente la real diadema,
266 1827 849 1872 á vuestras plantas me rindo,
265 1875 827 1921 sujeta á vuestra obediencia,
271 1923 865 1970 aunque indigna, y os suplico,
274 1969 868 2019 perdoneis mi inadvertencia.
274 2020 860 2068 El rey mandó que al instante
277 2073 778 2112 un sarao dispusieran;
273 2119 914 2160 ordenóse, y con tal arte
274 2151 1485 2208 se portó la linda Estela,en un vesubio amoroso,
279 2198 1554 2257 que quedó admirado el rey,
279 2264 676 2305 aficionada la reina,
279 2313 805 2354 apasionados los grandes;.
963 943 1413 993 y todos á competencia
973 993 1441 1038 la rendian los aplausos,
974 1040 1454 1084 víctores y enhorabuenas
969 1087 1497 1134 Dijo el rey que este sarao
970 1137 1428 1183 én la noche venidera
978 1185 1436 1231 se habia de proseguir,
978 1235 1539 1278 que era gustonde su alteza,
979 1283 1353 1330 y le dió de regalía
980 1332 1500 1374 dos mil escudos á Estela.
977 1381 1369 1422 Acabóse la funcion,
979 1427 1475 1472 cuando sagaz y discreta,
976 1473 1581 1519 haciendo el debido obsequio,
984 1523 1478 1569 al rey le pidió licencia
982 1571 1492 1614 para partirse, y de todos
988 1618 1537 1664 se despidió con prudencia.
991 1667 1523 1714 Quedaron muy admirados
992 1716 1489 1759 de su docta inteligencia;
986 1764 1527 1808 pero el conde de Valverde,
987 1813 1535 1858 que con mayor advertencia
987 1861 1439 1904 atendia á sus acciones
989 1909 1457 1952 y habilidades diversas,
998 1958 1439 2001 quedó tan apasionado,
933 2007 1490 2052 que si bien se considera,
990 2053 1540 2099 se le transformó el festin
998 2105 1487 2145 en un piélago de ideas,
994 2200 1563 2228 principio de sus tragedias.
1003 2246 1507 2291 Hallábase tan prendado,
999 2292 1528 2342 que séntidos y potencias
