1737 2508
232 357 810 401 Dijo al conde: no es posible,
239 408 760 448 por que si posible fuera
230 455 736 495 no llegara á tal estremo,
236 504 818 545 ni en tal confusion me viera.
232 550 756 592 Replicó el gitano, y dijo:
235 599 796 644 pues si el amor que profesa
228 647 780 690 su escelencia es verdadero,
234 696 802 739 se ha de examinar la prueba
236 746 718 784 para quedar satisfechos,
234 793 814 838 y ha de ser de esta manera:
234 840 700 882 que si pretende lograr
228 887 714 932 lo que su aficion desea,
228 936 815 981 se ha de venir con nosotros
235 983 722 1031 vistiendo nuestra librea,
228 1033 838 1082 dos años corriendo el mundo,
231 1079 730 1127 y sabrás por esperiencia
232 1128 705 1175 nuestro modo de vivir:
229 1174 732 1226 y si al cabo se contenta,
232 1225 664 1268 luego puede disponer
228 1274 714 1320 lo que de su gusto sea.
230 1322 786 1370 Aceptó el partido el conde,
238 1370 842 1420 que el amor mucho atropella,
235 1420 747 1465 y luego instantáneamente
236 1466 689 1511 todos sus estados deja
232 1513 748 1561 en manos de un tio suyo,
236 1562 783 1609 diciéndole, que se ausenta
236 1609 720 1658 de la córte con secreto,
236 1657 712 1706 á cumplir una promesa.
237 1704 738 1754 Vistióse en fin de gitano,
231 1760 830 1803 (¡qué caro el amor le cuesta!)
238 1806 662 1849 trocó su palácio rico,
232 1854 689 1897 su regalo y asistencia
236 1901 712 1949 en un miserable estado,
236 1949 737 1995 en el que se representa.
238 2000 819 2045 Quien era conde en la córte
236 2046 694 2092 adornado de grandeza,
230 2092 742 2143 se vé en trage de gitano,
240 2140 756 2190 que es la última miseria.
238 2193 752 2238 Quién blanda cama tenia,
240 2239 816 2292 que descanso al cuerpo era,
240 2286 683 2331 ahora diversas noches
933 303 968 340 7
955 359 1546 401 en el campo á la inclemencia,
952 406 1460 450 del tiempo se vé abatido,
947 456 1479 499 sin que remediarlo pueda;
948 504 1490 547 pero nada siente el conde,
958 552 1426 591 todo con gusto lo lleva,
955 599 1530 641 porque á vista de quien ama
962 647 1542 687 todo es gloria, nada es pena.
960 696 1541 736 Cumplidos veinte y dos meses
964 744 1486 787 cabales por buena cuenta,
958 793 1416 831 llegaron á un lugarcillo
953 844 1452 883 de Zaragoza dos leguas,
953 893 1554 935 y en el meson se hospedaron,
952 940 1548 983 que así lo quiso su estrella.
960 988 1386 1026 Tenía este mesonero
964 1036 1458 1077 una hija, que en belleza
959 1085 1492 1131 pudo competir con Venus,
953 1134 1444 1176 y enamorada y resuelta
960 1182 1467 1224 del conde, nuevo gitano
952 1232 1471 1273 le hacía dos mil finezas;
967 1281 1509 1322 pero viendo que no hallaba
958 1327 1448 1372 alguna correspondencia,
955 1377 1347 1415 determinó declarar,
961 1425 1535 1470 la pasion que la atormenta.
956 1474 1457 1515 El la despidió, diciendo
964 1522 1542 1569 que freno á su amor pusiera,
957 1569 1453 1616 porque no le convenia;
953 1618 1391 1659 y ella porfiaba nécia
964 1666 1441 1711 diciendo, con él se iria.
960 1713 1454 1761 Y viéndola tan resuelta,
962 1764 1418 1808 el conde la desengaña;
960 1812 1570 1860 mas viendo que le despreciá,
962 1860 1534 1908 quiso de él tomar venganza,
954 1909 1534 1956 y en su mochila le encierra
966 1958 1476 2004 todo un servicio de plata;
959 2007 1494 2052 y cuando estuvieron fuera,
959 2055 1491 2101 dijo á sus padres, faltaba
964 2104 1483 2149 la plata que dicho queda.
962 2150 1528 2201 Fuése el padre á la justicia,
958 2200 1464 2244 salieron mas de cuarenta
955 2248 1498 2296 hombres, y los alcanzaron:
953 2300 1530 2349 registráronlos, y encuentran
