1752 2480
498 208 1373 264 DIONISIA PEREZ LOSADA.
431 1309 1389 1365 NUEVA Y CURIOSA RELACION
178 1351 1638 1427 en que se dá cuenta del ejemplar castigo que Dios N. S. ha obrado en la
180 1396 1629 1471 ciudad de Zaragoza, en este presente año, contra un caballero, por haber le-
181 1441 1632 1517 vantado un falso testimonio á una doncella honesta y viriuosa, la cual se
210 1489 1598 1561 vió libre de las asechanzas y engaños del demonio por ser devota de la
476 1542 1344 1599 Virgen del Pilar y llevar los Santos Evangelios.
728 1628 1064 1667 PRIMERA PARTE.
240 1695 634 1736 A la celestial Princesa,
917 1712 1460 1761 muy tiernamente se amaban.
204 1733 678 1780 que es de gloria coronada,
916 1751 1356 1798 El cielo les dió una hija,
200 1772 628 1817 del Pilar divina Aurora,
924 1791 1409 1840 del corazon preuda amada:
200 1812 620 1853 pide mi pluma la gracia
924 1830 1284 1872 la criaron con cariño
198 1853 690 1895 para hacer notorio el caso
918 1870 1312 1916 á la virtud incliuada;
198 1891 721 1939 con todas sus circunstancias.
916 1909 1336 1955 era hermosa y apasible,
195 1932 714 1977 Sirva de ejemplo y enmienda
917 1950 1380 1999 muy honesta y rescatada;
191 1972 672 2017 á los de conciencia mala,
908 1988 1370 2039 llegó á tener veinte años
191 2012 653 2056 los que falsos testimonios
920 2028 1330 2073 Dionisia Perez Losada.
191 2050 588 2095 á su prógmo levantan.
909 2068 1352 2117 Era muy cordial devota
184 2092 582 2134 En Zar geza la ilustre,
908 2109 1298 2155 de la Reina Soheraja,
192 2133 648 2174 que ya está bien elogiada
906 2147 1304 2193 saera Vírgen del Pil r.
182 2173 648 2215 por la imágen tan divina
904 2188 1348 2236 Madre nuestra y abogada,
184 2210 644 2256 que del cielo fué bajada,
912 2231 1295 2274 que su divino retrato
186 2251 550 2291 vivía Dionisio Perez
912 2269 1314 2315 en su pecho veneraba,
188 2291 554 2331 con Catalina Losada
907 2310 1371 2356 con los Santos Evangelios
190 2335 712 2377 que en union del matrimonio
900 2355 1377 2398 que son reliquias sagradas
