1737 2508
392 235 1421 276 SECUNDA PARTE
926 371 1406 407 la de Dios Hijo te alcanza,
243 375 689 410 Ya que la noble doncella
940 412 1361 446 de Dios Espiritu Santo
199 412 650 451 por sentencia desterrada
933 452 1367 486 y mi bendicion te caiga.
203 455 632 491 va á salir de la ciudad,
935 494 1303 525 Con sto se despidió,
198 496 715 530 de esta suerte el juez le habla.
933 534 1298 566 ella salió desterrada,
204 537 716 571 Viemlo que no hay remedio,
927 571 1339 604 y sus padr s impedidos
207 576 611 609 pide, suplica y rogaba
939 611 1325 644 quedan llorando en la cama:
199 615 538 648 la dejasen despedir
935 651 1349 684 y al salir por la ciudad
203 654 646 687 de los padres de su alma.
932 692 1318 725 lo doncella lastimada,
198 693 666 726 En fin, se lo concedieron,
205 732 646 767 y llorando fue á sú casa;
935 733 1299 765 dice, adios Zaragoza,
932 773 1366 805 adios, mi querida patria,
203 773 647 807 ¡que lance tan lastimoso!
931 812 1374 844 adios, Vírgen del Pilar,
201 815 746 846 viendo á sus padres que estaban
930 852 1370 885 Maríá, Reina y abogada,
203 854 676 886 enfermos, tristes, llorosos,
938 890 1302 924 que tu divino retrato
197 892 674 926 llenos de congojas y ánsias,
937 929 1407 962 yo lo llevo en mi compaña
199 933 720 966 hechos sus ojos dos fuentes,
937 967 1395 1003 con los Sanfos Evangelios
203 973 627 1006 en altas voces esclama:
932 1009 1446 1044 que me amparen y me valgan;
204 1013 628 1046 adios, padre de nii vida,
934 1048 1482 1083 Virgen, me habeis de amparar,
200 1053 651 1086 adios, madre de mi alma,
931 1091 1449 1124 llevo en vos mis esperanzas.
203 1094 722 1126 que ya no os verán mis ojos,
929 1130 1457 1164 No habia andado media legua
203 1132 718 1165 que en lágrimas se anegaban.
205 1171 721 1206 Mucho siento, mucho siento
936 1171 1454 1204 cuando en tan corta distancia,
929 1210 1390 1244 se le apareció el demonio
203 1211 622 1245 ausentarme de mi casa
201 1250 616 1283 y apartarme de tu vista.
939 1249 1395 1283 con apariencia muy falsa,
200 1291 700 1324 Adios que por mi desgracia,
934 1290 1458 1323 en formia de un bello jóven,
931 1330 1319 1362 y la dijo por temarla:
203 1331 691 1364 adios, que por mi desdicha
203 1369 641 1402 ya me llevan desterrada,
931 1370 1467 1402 ¿dónde vá, señora hermosa,
939 1408 1397 1442 tan triste y desconsolada?
208 1410 626 1441 por un falso testimonio
207 1450 732 1482 que un malhombre me levanta.
929 1449 1366 1481 Ella respondió llorando:
932 1487 1380 1520 señor, yo voy desterrada
205 1489 705 1522 Padres, l evo penas muchas
207 1528 638 1561 por veros en esta cama;
934 1527 1376 1561 por un falso testimonio
212 1568 680 1601 mas no puedo remediarlo,
935 1567 1417 1600 que sin culpa me levantan.
933 1606 1404 1641 Entonces dijo el demonio
210 1607 723 1642 que es la fortuna contraria.
207 1646 623 1679 Al oir esto sus padres
940 1647 1464 1678 por ver si puede engañarla:
208 1686 626 1719 en llas voces esclaman:
932 1686 1368 1718 ea, véngase conmigo,
210 1725 618 1761 adios, hij de mis ojos,
936 1727 1360 1758 que no la fatará nada.
210 1765 646 1800 querida de mis entrañas,
932 1767 1359 1798 Respondióle la doncella:
211 1806 650 1837 adios, amparo y ramnedio
930 1806 1456 1839 auuque me diérais mas plata,
933 1845 1447 1878 mas oro, perlas, diamantes,
211 1845 606 1879 ùnico de nuestra casa,
209 1883 599 1918 que quedaremos sin tí
937 1885 1524 1919 que hay en las Indias de España,
216 1925 644 1959 con necesidades tantas,
935 1925 1355 1957 no perderé yo el honor,
214 1965 596 1996 que creo nos hallarán
929 1965 1454 1997 porque soy doncella honrada.
940 2005 1451 2037 ¡Jesus, este es el demonio!....
208 2005 678 2038 muertos en aquesta cama.
212 2044 578 2077 La hija le respondió:
937 2043 1385 2078 y al decir estas palabras
211 2085 626 2118 ea, padres de mi alma,
938 2084 1370 2116 desapareció al instante
207 2124 602 2157 echadme la bendicion,
932 2123 1356 2157 y la tierra se lo traga.
939 2164 1362 2196 Y andando mas adelante
207 2164 654 2196 que ya salgo desterrada.
210 2203 676 2237 Está con las manos juntas,
935 2204 1355 2236 ¡oh que maravilla rara!
305 2244 722 2276 y el padre dice en voz alta:
931 2244 1262 2276 allí se le apareció
206 2283 708 2317 la bendicion de Dios Padre,
938 2285 1262 2317 una divina Zagala
