881 1277
158 78 167 110 4
117 99 367 133 Con llanto quiero apagar
95 126 406 158 el llanto que arde en mi pecho;
100 150 365 182 pero es mi llanto muy poco
97 175 336 206 para apagar tanto fuego.
124 222 364 255 Es el dulce de tus lábios
99 247 266 281 de naturaleza tal,
101 272 380 304 que por mucho que se coma
98 296 347 330 nunca llega á empalagar.
117 344 340 378 A la fuente, morenita
98 369 340 402 te vás á llorar tus penas;
101 392 370 428 por eso en sus claras aguas
94 419 379 449 se están encontrando perlas.
119 466 365 498 A una flor un beso diste
104 492 341 523 y al punto la flor murió:
95 516 396 548 dáme á mí un beso, bien mio,
99 539 361 572 aunque tambien muera yó.
120 589 416 619 Es cual piedra echada á un rio
99 613 349 644 el querer que puse en tí:
97 638 377 670 que llega al fondo, se clava,
98 663 323 697 y ya no vuelve á salir.
472 99 783 130 Cuando se hunda el firmamento,
452 123 686 156 cuando se seque la mar,
453 147 778 179 cuando el sol no alumbre al mundo
455 172 687 203 podrá mi pecho olvidar.
480 219 751 252 ¡Cuando el sol nos abandona
448 245 710 276 qué negra queda la tierra!
456 269 671 302 ¡Cuando nos falta la fé
454 294 726 325 qué negra el alma se queda!
477 341 690 374 El Asia dicen que fué
454 366 703 398 del género humano cuna;
454 391 665 423 en tus ojos, morenita,
454 416 692 447 tiene la mitad su tumba.
471 464 722 496 Al dar un beso á mi niña
452 489 722 520 cuando me fuí de su aldea,
451 514 681 544 se puso como la grana,
451 537 675 569 me puse como la cera.
483 586 701 617 ¿Encima de tu ventana
454 610 731 644 por qué un letrero no pones
451 634 722 667 que diga á todo el que pase
458 659 697 692 cárcel de los Corazones?
428 844 483 997 FIN
108 1070 796 1224 CARMONA:—Imp. de D. José M.a Moreno, Madre de Dios núm. 1.
