1765 2512
621 173 1119 208 Mil penas estoy pasando
576 218 1112 252 porque logré una doncella,
567 262 1145 295 y ahora me están obligando
580 305 1070 337 á que me case con ella.
236 347 711 384 Cierto es que la gocé,
201 387 814 431 yo no niego lo que es justo,
204 434 668 471 pero jamás me obligué
204 479 654 517 á pagarla tal tributo,
203 523 748 557 si me sirvió fué su gusto
201 566 717 601 yo nunca la fuí forzando
200 610 718 648 ni menos palabra dando,
200 656 666 692 para casarme con ella,
199 701 699 736 por tan injusta querella
198 745 706 778 mil penas estoy pasando.
251 788 815 824 Cierto, seguro en su estado
204 833 646 871 por doncella la traté,
200 877 746 915 pero por Dios que la hallé
208 922 758 958 con la mancha del pecado,
203 965 863 1002 quien fuere el que la ha tocado
203 1010 701 1048 venid y juzgad por ella,
199 1055 880 1090 que aunque me ponga en querella
204 1099 767 1134 á mí no me han de matar
197 1144 729 1179 y ningun cuidado me dá
204 1189 738 1224 porque logré una doncella.
971 350 1501 385 El juez sin justas razones
930 394 1426 427 á ella le presta el oido,
934 438 1508 471 y á mí me niega el partido
927 483 1469 518 porque llevo los calzones;
931 526 1362 560 ¡ay tiranos corazones
936 571 1547 604 lo que de mí están hablando!
935 617 1446 648 sin saber cómo ni cuando
927 658 1422 694 yo de ella me enamoré,
925 707 1325 741 y por eso digo que
927 748 1462 782 ahora me estan obligando.
965 793 1475 825 Si ella no hubiera salido
932 836 1422 868 con la señal del fregado
928 881 1454 912 no hubiera la queja dado,
925 925 1440 957 pero como claro ha sido
935 971 1497 1003 por desgracia de mi estrella
926 1013 1448 1047 afirman que era doncella
928 1059 1496 1090 y en mí culpan la malicia:
929 1102 1408 1134 sabe Dios si la partida
936 1147 1522 1179 es del propio que me obliga
932 1192 1446 1226 á que, me case con ella.
609 1235 1114 1270 Apoyado á una columa
568 1281 1124 1314 me he quedado enternecido,
567 1324 1133 1358 porque se me ha oscurecido
575 1369 1106 1402 astros, cielos, sol y luno.
243 1412 820 1448 Los montes, valles y selvas,
200 1457 576 1493 adolézcanse de mí,
200 1501 706 1535 al ver que lloro por tí,
195 1545 750 1581 en las mas crecidas penas,
192 1589 706 1623 metido estoy en cadenas
194 1633 714 1669 sin tener culpa ninguna;
199 1679 695 1710 me alimenta mi fortuna
195 1722 718 1757 prestándome sus develos,
202 1766 714 1799 así me quejo á los cielos
199 1812 704 1843 apoyado á una columna
240 1855 686 1888 Digan si tengo razon
191 1901 727 1932 llorar por tí, dulce dueño:
199 1944 721 1976 á la orilla de un despeño
194 1988 594 2021 sentí rugir un leon,
203 2034 651 2065 llorar con lamentacion
198 2077 764 2111 porque á su hijo ha perdido;
199 2121 745 2157 yo que tanto te he querido,
200 2166 684 2198 mira como puedo estar,
199 2210 654 2242 cuando de tanto llorar
192 2254 759 2287 me he quedado enternecido.
968 1414 1510 1451 ¿Qué planeta me esplicára,
923 1457 1425 1491 ó qué lengua me dijera
929 1501 1475 1535 que la prenda que quisiera
928 1545 1404 1577 de mi lado se apartára?
932 1588 1382 1622 de rodillas la adorára
926 1633 1390 1666 con afecto agradecido,
928 1677 1410 1710 como me viese perdido
935 1721 1394 1754 de aquella pulida rosa,
932 1766 1416 1798 lloro con voz lastimosa
927 1810 1477 1843 porque se me ha oscurecido
971 1854 1482 1888 Y en fin, dejo mi pasion
924 1900 1416 1932 á los que saben querer,
932 1944 1566 1976 que en mí se ha llegado á ver
929 1987 1354 2020 la cautela sin razon;
931 2031 1335 2066 yo la dí mi corazon
929 2076 1463 2109 mejor que á otra ninguna
928 2119 1386 2154 sin darle culpa alguna
924 2165 1386 2198 á este lucéro brillante,
923 2209 1529 2244 digan donde está mi amante,
932 2253 1407 2287 astros, cielo, sol y luna!
