1737 2508
657 172 1187 209 Debajo de un limon verde
624 218 1136 255 donde mana el agua fria,
619 265 1100 298 yo entregué mi coruzon
620 309 1098 342 á quien no lo merecia.
291 349 818 387 A una que yo bien queria
248 393 746 430 cuando solia encontrarla
253 436 714 475 fue preciso enamorarla
251 480 654 518 pero se me resistia,
252 524 776 561 hasta que me dijo un dia,
247 567 778 604 ven á la tarde, que puede
251 614 740 648 que yo solita me quede
251 658 713 691 y me vendrás á buscar
252 702 802 737 que mi amor te quiero dar
252 745 778 781 debajo de un limon verde.
290 789 760 825 Por la tarde yo me fuí
243 834 652 871 donde ella me citó,
247 876 688 913 y en breve rato llegó
247 922 703 960 diciendo, ya estoy aquí;
250 967 712 1000 ¿sábes que vengo por tí
252 1010 703 1047 á abrazarte, vida mia?
251 1053 722 1094 yo la dije, ven querida,
247 1097 625 1137 y podremos pasear,
239 1144 788 1179 mas ¿nos podremos sentar
239 1188 769 1222 donde mana el agua fria?
1017 353 1515 387 Mas arriba ya nos fuimos
974 394 1472 432 y juntos nos recostamos,
974 441 1474 477 mil veces nos abrazamos,
969 486 1545 522 hasta que mas no pudimos,
974 531 1523 564 los huesos bien nos molimos
975 572 1544 609 por ser tan duro el colchon,
979 613 1517 652 y la pobre con mas pazon
971 657 1436 693 por estar en piso bajo
977 706 1455 740 despues de tanto trabajo
967 750 1452 785 la entregué mi corazon.
1022 794 1553 829 Con mucho gusto y regalo
973 839 1430 874 á su puerta me llegué,
976 881 1379 916 al instante pregunté
971 925 1366 963 si habia descansado,
970 970 1418 1010 me llevaste engañado,
969 1016 1359 1049 la dije con ironía;
970 1060 1402 1095 mi corazon lo sentía
973 1104 1419 1138 por haberla enamorado
971 1148 1468 1184 y de haber palabra dado
976 1191 1445 1228 á quien no lo merecia.
667 1235 1154 1269 Triste aflijido y lloroso
619 1279 1066 1313 ul verme tan abatido,
618 1322 1164 1359 llorando el tiempo perdido
619 1367 1089 1404 por picaro escandatozo.
283 1409 892 1445 En enantas tierras he estado
243 1454 716 1490 mil fortunas he tenido;
235 1500 820 1533 mas lograrlas no he sabido
247 1543 686 1580 por loco desbaratado;
241 1587 871 1624 me he visto muy bien portado,
243 1633 789 1666 y por querer mi gusto feo
244 1676 752 1713 del juego y del galantéo,
244 1721 774 1757 y por ser tan fachendoso,
237 1762 715 1798 por eso ahora me veo
240 1809 738 1843 triste, aflijido y lloroso.
284 1853 879 1889 Cuando yo en grande gastaba
237 1896 669 1932 tenia muchos amigos,
244 1940 783 1980 ahora de mí mal testigos,
243 1985 764 2022 su ingratitud no esperaba,
243 2029 779 2066 pues en quien yo confiaba;
237 2074 800 2112 sabiendo que estoy perdido,
239 2117 778 2155 ni aun siquiera de fingido,
243 2162 830 2201 en nada se me han brindado,
241 2206 712 2244 de mis amigos privado,
235 2249 668 2284 al verme tan abatido.
1016 1414 1605 1450 Yo soy pobre y me reduzco.
971 1458 1509 1494 y voy buscando consuelo,
976 1503 1475 1538 y cuando á tí no te veo
965 1543 1475 1584 perdido es cuanto busco;
970 1590 1458 1627 nada para mí conduzco,
968 1636 1460 1671 porque soy un heredero
971 1677 1498 1715 y tambien soy compañero
964 1723 1443 1761 de Galan y de Cupido,
972 1767 1422 1802 por eso ahora me veo
967 1811 1515 1848 llorando el tiempo perdido.
1007 1856 1494 1892 Cuando dinero me olian,
959 1901 1554 1936 me hacían dos mil placeres:
973 1945 1494 1980 donde estaba, las mujeres
963 1989 1402 2025 hácia mí se dirigian,
964 2032 1427 2072 se alegraban y decian,
960 2077 1388 2113 fulano, qué generoso,
962 2125 1630 2159 qué gallardo y qué buen mozo,
973 2166 1551 2202 y ahora que sin nada estoy
960 2210 1464 2246 todos me dicen que soy
968 2254 1422 2291 un pícaro escandaloso.
