1752 2480
268 162 309 202 4
227 220 668 257 «La enemistad por divisa
224 268 830 306 «cuando han corrido igual riesgo.
307 318 868 354 «En la guerra, entre el peligro,
227 366 726 404 «nacen los amigos buenos:
233 415 844 452 «y aquí que es guerra de amores,
239 465 690 502 «debe suceder lo mesmo.
312 513 708 549 «Olvídense los sopapos
231 562 732 598 «y los rabiosos requiebros,
228 610 863 647 «que se han dado y se han echado
237 659 750 697 «mútuamente y tan sin seso.
307 708 774 747 «La burla ha sido pesada,
229 756 709 795 «pero por vida San Pedro,
237 805 733 843 «será mengua si el desquite
240 857 673 891 «no se le dá por entero.
281 904 818 940 «Vengan seis diestros señores
239 954 754 991 «que juntarlas todas quiero;
236 1003 726 1038 «y vuestra mútua desgracia
244 1051 739 1089 «haga eterno vuestro afecto.
315 1100 844 1136 «Bien por Dios, así me gusta,
239 1150 874 1186 «ahora vengarse.» «¿Qué haremos?
240 1198 638 1234 contestaron los rivales
235 1249 726 1284 de furor enchido el pecho.
320 1296 871 1333 «¿Quereis que os dirija?» «Sí.»
244 1346 766 1383 todos responden á un tiempo.
243 1394 835 1431 «Pues bien; por mi cuenta corre
247 1443 770 1480 «vengaros; yo os lo prometo.
319 1492 846 1528 «Que si es de mujer la ofensa,
247 1541 836 1578 «mujeres que os venguen quiero:
239 1591 737 1627 «la fealdad á la hermosura
248 1640 762 1676 «le profesa un odio eterno.»
316 1688 760 1725 «Sale corriendo y á poco
248 1738 626 1775 comparece soñriendo
239 1786 705 1824 seguido de tres manolas
248 1836 752 1873 feas, cual ángel de infierno.
1028 216 1394 257 Atónitos le miraban;
947 265 1435 301 mas él les dice: «corriendo
952 314 1555 350 seguidme,» y en casa de Cármen
947 362 1384 400 se metió el feliz cortejo.
1013 507 1406 546 Lo que allí sucederia
948 554 1420 599 fuera curioso en estremo;,
955 606 1378 643 tanta queja, tanto lloro,
954 655 1449 695 tanto mimo, tanto ruego....
1016 702 1434 742 Pero ya nada es capaz
956 750 1480 795 de ablandar aquellos pechos,
948 801 1392 838 segun la escena tan rara
959 850 1387 886 que pasa en el aposento.
1028 898 1484 941 Formados en semicírculo,
952 948 1448 988 con don Lucas presidiendo,
948 998 1446 1036 se hallaban los seis rivales,
952 1046 1486 1085 con vela en mano y ardiendo.
1022 1096 1513 1133 A un lado doña Prudencia,
951 1144 1355 1181 al otro la tia Remedio,
952 1193 1368 1231 atada de pies y manos;
955 1242 1477 1279 pañuelo en boca y gimiendo.
1029 1291 1518 1328 En el centro estaba Cármen
956 1339 1370 1376 puesta á Culo-pajarero,
964 1388 1446 1425 recibiendo de ambas ninfas
957 1436 1343 1474 zapataso y tente tieso.
1028 1486 1474 1522 Yo no sabré á punto fijo
960 1535 1452 1572 decir los que allí le dieron;
963 1582 1370 1620 pero doscientos sesenta
964 1632 1413 1669 por rival, era el acuerdo.
1035 1681 1474 1717 El culo como un tomate
961 1730 1496 1769 le dejaron.... Con que, tiento
964 1779 1420 1819 en coquetear muchachas,
953 1828 1426 1870 si no quereis Culonuevo.
852 1974 940 2126 FIN.
345 2191 1466 2351 Carmona, imp. de don José M. Moreno, Madre de Dios, 1.
