1765 2512
335 121 367 152 2
350 164 717 201 Uno regala á la hija
284 211 668 254 un abanico chinesco,
277 256 689 301 otro regala á la madre,
276 305 698 348 un lindo perro faldero.
352 356 786 400 Aquel convida al teatro,
276 402 862 452 este otro á un solemne almuerzo;
271 449 757 495 todos las miman y alhagan
270 499 657 541 todos tiran el dinero.
349 551 838 599 La madre finge ignorancia,
268 598 690 642 la niña virtud y miedo;
267 647 686 691 aquella pasa por santa,
278 693 711 741 esta por ángel del Cielo.
345 746 755 789 Como la mamá lechuza
263 793 768 840 iba con Cármen de acuerdo,
268 842 758 886 á todos seis de uno en uno
267 891 720 936 llamaba á solas su yerno.
344 942 816 988 Todos á una hora distinta
272 988 652 1032 visitaban á su dueño,
259 1039 730 1081 pues es condicion precisá
272 1088 804 1132 que la mamá habia impuesto.
339 1138 715 1178 Así, seis enamorados
266 1183 688 1231 engañados y contentos,
262 1232 694 1276 se contemplaban felices
262 1282 716 1326 y en estremo satisfechos.
336 1332 798 1376 Pero como en este mundo
255 1379 776 1427 nada hay que sea duradero,
258 1428 813 1477 lo que hasta allí fué una gloria
263 1477 702 1522 se convirtió un infierno.
328 1527 737 1570 Don Lucas, un militar
250 1575 685 1619 subalterno tan travieso,
255 1623 752 1670 que por su génio le llaman
259 1673 737 1717 sus amigos, Lucas-trueno.
321 1721 759 1765 Pasó á la casa de frente
251 1769 682 1816 á habitar el entresuelo,
254 1819 692 1865 con tres camaradas mas,
256 1868 830 1915 los cuatro de un mismo cuerpo.
328 1917 722 1963 Ver á la niña coqueta,
255 1965 622 2007 apuntarla el catalejo
246 2016 712 2059 y decir: cesto me gusta,»
252 2065 790 2109 fué todo obra de un momento.
320 2113 718 2156 Instalado en el balcon
250 2161 782 2208 comienza á hacer tales gestos,
243 2209 678 2254 que ningun mico podria
1000 170 1432 216 imitar sus movimientos.
1072 221 1495 265 Pero cata que un amigo
992 268 1376 312 compañero de colejio
996 316 1362 360 tan erudito abogado
1000 366 1446 411 como Lucas pendenciero.
1064 414 1562 462 Se cuela en casa de la niña
988 463 1502 511 muy petrimetre, muy tieso,
996 510 1550 562 de mucho frac, mucho guante,
1000 560 1474 606 muy rizadito, muy puesto.
1062 610 1508 658 El oficial que lo observa,
988 657 1372 700 á su pesar pone ceño
996 707 1468 752 que á nadie le sienta bien
992 754 1478 802 perder en señas el tiempo.
1056 806 1500 851 Sale el amigo, le llama,
992 852 1520 902 se abrazan con mucho afecto,
985 903 1424 946 y al fin, de las vecinitas
987 951 1497 999 se trata, aunque con rodeos.
1050 1002 1414 1043 El abogado confiesa
992 1051 1548 1098 que arde el amor en su pecho,
984 1100 1488 1142 que se halla correspondido,
981 1147 1436 1190 y que se cansarán presto.
992 1196 1484 1240 No quiere ser derrotado
975 1243 1450 1290 don Lucas; asi en silencio
983 1293 1471 1337 escucha á su amigo, y calla
983 1343 1504 1388 lo que tiene en sus adentros.
1046 1395 1511 1437 Que en un hábil seductor
980 1439 1412 1487 cual en general esperto,
972 1485 1430 1536 á veces, mas que vencer,
984 1537 1358 1581 vale retirar á tiempo.
1047 1589 1461 1629 Mas al cabo contenerse
970 1634 1472 1684 no le es dado al subalterno,
970 1687 1412 1726 que contesta al abogado
973 1734 1413 1778 reventando de despecho.
924 1880 1518 1924 D. LUCAS. ¿Parece querido amigo
968 1929 1374 1971 que te ciega la pasion.
920 1978 1508 2022 ABOGADO. «Tú me darás la razon
972 2026 1384 2070 de todo cuanto te digo.
915 2076 1599 2119 D. LUC. ¿Quizá, mas lo temo mucho.
914 2124 1528 2170 AROG. ¿Atiendo que es gran dolor,
959 2171 1498 2218 ver que en empresas de amor
962 2225 1416 2266 parezcas, tan poco lucho.
