1752 2480
1228 185 1416 337 Núm. 389.
486 1044 1303 1100 LA ZURRA.
200 1290 1583 1459 1560 ZAPATAZOS A CULO-PELADO
196 1481 1582 1535 Aviso á los engañados y á las coquetas; á ellos,
289 1553 1489 1607 para que den duro, y á ellas para que se
620 1624 1174 1679 chupen los dedos.
314 1760 704 1797 En la villa de Madrid:
236 1808 626 1849 calle de Jacometrezo,
242 1855 704 1896 vive una linda muchacha
247 1907 738 1944 que fué coqueta en estremo.
316 1956 794 1994 Su madre Doña Prudencia
244 2004 616 2041 es una vieja sin ceso
244 2053 704 2092 que á pesar de sus setenta
234 2102 699 2141 todavia admite un tuerto.
308 2152 731 2189 Así no se ha de estrañar
229 2201 691 2237 que para un buscar yerno
229 2251 653 2287 permitiera que su hija
228 2299 699 2337 tuviera novios sin cuento.
1021 1761 1466 1796 Carmencita que de tonta
944 1810 1427 1847 no tiene siquiera un pelo,
947 1859 1423 1894 cautivos de su hermosura
955 1907 1385 1943 seis llevaba al retortero.
1028 1956 1496 1994 A los seis daba esperanzas,
944 2004 1415 2041 á los seis daba consuelos,
943 2053 1437 2089 los seis le amaban de veras
941 2102 1368 2139 y ella amaba su dinero.
1016 2152 1554 2188 Hoy don Ponce paga el gasto,
942 2200 1388 2238 mañana paga don Pedro,
939 2249 1352 2287 éste regala un vestido,
945 2300 1425 2335 aquel regala un sombrero.
