1576 2396
164 274 652 309 Aprendí á jugar las armas
161 318 652 353 con tal valor y destreza,
164 359 583 398 que á pocos dias salí
159 405 669 440 como el maestro maestra.
161 448 622 483 Y la causa de mi vida
159 490 579 528 tan abominable y fea
157 536 699 572 la diré por que es muy justo
155 580 681 615 que todo el mundo lo sepa.
159 625 581 659 Vivia junto á mi casa
162 669 686 704 de lindo cuerpo y presencia
162 712 630 748 un hijo de un caballero
155 757 639 791 llamado Fabian Herrera.
160 801 712 835 Gustaba mucho de hablarme
156 845 632 879 y que le correspondiera;
161 889 655 923 mas como dice el adagio;
159 932 671 967 las burlas vienen á veras.
155 976 674 1011 Robóme su amor el alma
160 1021 608 1055 y yo viéndome sin ella,
164 1064 585 1098 le dige si me queria
167 1108 617 1143 por esposa y la repuesta
164 1152 712 1187 que me dió, que no igualaba
155 1196 665 1230 en calidad ni en hacienda,
163 1239 652 1275 y que me fuese con Dios
161 1284 640 1318 á mi casa en horabuena
156 1327 622 1363 que ya tenia su gusto
165 1373 659 1406 en dama de mas nobleza.
167 1416 579 1450 Obedeci su mandato,
167 1460 640 1494 y cual leona sangrienta
166 1504 696 1539 troqué el amor en rigores,
167 1549 642 1582 y en veneno las finezas.
159 1593 658 1626 Entré en mi casa furiosa,
166 1637 630 1671 aguardando que viniera
166 1680 584 1716 la noche para vengar
168 1724 621 1759 de mi enojo la soberbia:
163 1769 694 1803 me puse un calzon de ante,
162 1813 632 1847 con una media de seda,
167 1857 651 1891 y un coleto de mi padre,
169 1900 658 1935 (que Dios en gloria tenga)
161 1945 723 1980 y armada de punta en blanco
165 1990 659 2023 tomé la espada y rodela,
165 2032 553 2068 y con una carabina
158 2078 607 2111 bajé veloz á la puerta:
163 2121 672 2155 vile que estaba en la calle
160 2166 602 2199 hablando por una reja
161 2211 689 2244 con cierta dama, y llegando
163 2255 620 2288 le dije de esta manera:
160 2300 598 2333 infame sin atenciones,
172 2346 298 2379 ¡cómo á
364 2346 668 2379 evido desprecias
889 268 1327 301 el honor de mi linage:
883 312 1439 345 sabiendo que soy tan buena
889 357 1436 389 como cuantas puede haber?
883 398 1356 433 y así yo vengo resuelta
892 443 1338 476 a que me quites la vida
891 487 1400 521 ó he de quedar satisfecha;
895 532 1434 565 ea, cobarde ¿á qué aguardas?
887 577 1444 609 y el mozo puesto en defensa
892 619 1266 652 se defendia bizarro,
889 664 1347 697 pero poco le aprovecha,
883 707 1463 740 que con cuatro ó cinco heridas
900 750 1382 785 cayó mortal en la tierra.
885 795 1282 828 Alborotóse la dama
883 838 1426 873 al ver su esperanza muerta;
895 880 1333 916 pero de un carabinazo
891 925 1356 961 cayó como una cordera.
904 970 1394 1005 Vino al punto la justicia,
888 1014 1356 1048 mas yo como una saéta
894 1058 1351 1092 me salí bien prevenida
887 1102 1408 1136 á la ciudad de Antequera;
900 1146 1393 1179 este fue el primer motivo
895 1190 1351 1224 para dejar a mi tierra:
894 1236 1370 1269 para olvidar á mi patria,
895 1279 1348 1313 tan poderosa y amena.
894 1322 1444 1357 Llegue á la ilustre Granada,
892 1366 1356 1401 fértil, pais de Amaltéa,
894 1410 1393 1444 donde estuve algunos dias
895 1455 1341 1489 gozando la primavera.
894 1497 1412 1534 Dejé mi nombre y me puse
892 1542 1372 1578 Raimundo, por Espinela,
893 1587 1370 1622 siendo pues por mi valor
892 1632 1348 1666 respetada donde quiera.
896 1675 1358 1710 Senté plaza de soldado
897 1717 1378 1754 y en el presidio de Ceuta
898 1762 1316 1798 estuve catorce meses
893 1806 1358 1842 en la militante escuela.
892 1849 1416 1887 Y un dia de san Francisco,
888 1893 1440 1931 no sé sobre qué pendeñcia,
902 1938 1416 1974 quité la vida á un paisano;
892 1982 1464 2019 mas fue mi suerte tan buena,
897 2025 1376 2061 y mi dicha, que no quiso
895 2072 1404 2106 que nadie me descubriera.
887 2118 1330 2150 Pocos dias se pasaron
887 2162 1401 2195 cuando la fortuna adversa
890 2206 1442 2240 me condujo en un barquillo
887 2251 1378 2283 á la ciudad de Marbella,
895 2295 1364 2328 con un capitan que iba
892 2340 1393 2375 á ver su casa y hacienda.
