1737 2508
1197 215 1447 368 (Núm. 113.)
273 1303 1478 1368 LA VALIENTE ESPINELA.
165 1409 1599 1468 Nueva relacion y curioso romance en que se dá cuenta de lo que
562 1478 1192 1526 le sucedió á esta doncella.
212 1686 712 1728 El sol detenga sus rayos,
180 1732 625 1768 y la luna su luz bella:
176 1777 734 1815 caduque el mar con sus olas,
179 1818 666 1853 y estremézcase la tierra.
173 1864 717 1900 Paren los cuatro elementos
182 1906 617 1944 en su rutilante esfera,
177 1950 725 1988 pues de mí no están seguros
185 1995 642 2034 hasta los siete planetas.
181 2038 680 2078 Oigan, pues, con atencion
178 2082 668 2123 de una muger la firmeza,
178 2126 663 2166 de una vívora el veneno;
177 2169 685 2210 y de uná sierpe lo adversa.
181 2213 684 2255 Yo nací dentro de Ronda;
188 2260 686 2299 y llevándome á la iglesia
181 2303 639 2341 en el sagrado Bautismo
177 2347 622 2387 me pusieron Espinela.
895 1693 1520 1727 Siendo, pues, en mis principios
906 1736 1402 1773 tan altiva y tan soberbia,
908 1780 1390 1814 que ninguno me la hacia
911 1823 1402 1861 que con ella se me fuera,
899 1865 1363 1903 y mis padres con amor
901 1912 1404 1947 me pusieron á la escuela
901 1952 1425 1991 y en breve tiempo aprendí
912 2000 1491 2036 á leer y escribir, que es ciencia
910 2045 1402 2079 para una muger bastante
904 2089 1456 2124 si bien se aprovecha de ella.
910 2132 1396 2166 Apenas tuve tres lustros
911 2176 1434 2212 cuando la parca sangrienta
909 2221 1430 2256 quitó á mis padres la vida,
914 2266 1422 2302 quedándome tan resuelta,
911 2309 1443 2344 que de mi furor temblaban
908 2355 1464 2389 muchos en la ciudad misma.
