1737 2508
176 228 673 270 Calderon, Lope de Vega,
174 284 712 326 Poétas que en sus escritos
182 341 628 383 dejaron tan poderosos,
183 396 612 439 y tan limados avisos,
187 452 665 495 para que los ignorantes
187 509 658 551 pasen á ser entendidos,
187 564 682 607 y que los términos cultos
185 620 618 661 diga con tales avisos.
187 675 776 717 Ya empiezo hermosas damas,
186 731 708 773 allá voy, cuenta conmigo,
186 787 736 830 que á vista de tantas rosas,
188 841 665 885 tantos claveles, y lirios,
185 900 698 942 tanta hermosa Margarita,
192 958 681 996 y tan preciados Jacintos,
187 1006 741 1043 tantas perlas y esmeraldas,
190 1057 686 1101 donde vas, discurso mio,
198 1112 812 1157 que por mas que decir quieras,
194 1167 730 1214 cómo has de poder decirlo
183 1224 684 1269 el grande merecimiento,
188 1278 788 1320 y un aplauso que es tan digno
187 1332 662 1377 á las señoras mugeres?
195 1389 757 1438 y pues que de ellas nacimos,
191 1445 743 1493 y que sin ellas los hombres
191 1500 662 1545 no pasamos ni vivimos,
192 1557 740 1602 y en fin, el primor, y aseo,
197 1612 654 1655 la gala y todo el aliño,
200 1667 656 1711 el gobierno de la casa
193 1720 658 1766 sin una muger es tibio.
197 1773 799 1822 Y puesto que en las mugeres
194 1833 771 1876 está el bien que he referido,
199 1888 610 1931 vivan dilatados años,
197 1944 673 1988 rosas, claveles, y lirios,
195 1999 716 2042 margaritas, y esmeraldas,
197 2055 739 2097 perlas, brillantes, jacintos.
212 2110 697 2151 Vivan para que viviendo
201 2166 644 2209 entre lazos de Cupido,
201 2221 704 2263 y en la cuna de himeneo
202 2279 740 2319 logren lances, con cariños,
909 223 1396 264 Victor me dijeron todas,
899 278 1571 321 que bueno ha estado y que lindo,
902 333 1471 375 que buen discurso que tiene
896 388 1455 431 á fe, que no es bobo el niño.
907 444 1376 486 Todavia no he acabado,
905 499 1478 541 porque ha llegado un amigo
906 555 1472 597 por un lado el cual me dice,
914 612 1380 652 prosíga el intento mio.
907 665 1546 707 Oyga, qué triunfantes se hallan,
901 722 1515 764 y como me han dado el victor,
899 778 1378 819 al fin se canta la gloria,
908 833 1423 877 este es el tema que sigo,
906 889 1407 930 plugiese al Divino Cielo,
913 944 1437 984 que nunca hubiera nacido
907 999 1489 1041 muger ninguna en el mundo,
902 1055 1393 1097 sino la que fué preciso,
911 1111 1477 1156 pues se ven por las mugeres
906 1166 1387 1209 los mas atroces délitos,
903 1221 1486 1265 las mas enormes desgracias,
905 1278 1450 1318 pendencias, ruinas, ruidos,
916 1332 1342 1372 alborotos, baraundas,
909 1387 1403 1428 en fin son un precipício.
912 1441 1394 1483 Por una muger se sabe
907 1497 1511 1541 se perdió españa, esto es fijo,
920 1552 1332 1594 por una muger pecó
909 1608 1410 1649 Adan porque los cariños
914 1665 1436 1705 de su esposa le vencieron
913 1719 1309 1761 á cometer el delito.
921 1775 1395 1816 Y para que sepan todos
913 1831 1468 1872 sus tramas, y sus hechizos,
913 1885 1469 1927 ahora que estamos despacio
914 1940 1443 1983 les contaré un cuentecillo:
920 1996 1442 2039 Quise bien á una mueger,
922 2053 1428 2094 y tambien ella me quiso,
917 2108 1306 2148 era casada esta tal,
923 2164 1401 2205 y por temor del marido,
915 2219 1466 2257 no tuvo ocasion, ni tiempo,
917 2273 1434 2315 hasta que un dia me dijo:
