1765 2512
203 260 767 297 Mira la hermosa garganta
167 309 692 344 cual la tiene el Criador;
166 356 698 395 una soga que amedrenta,
157 404 576 440 atada con tal trigor
157 454 830 491 que hasta las piedras quebranta.
206 501 782 538 Alma, mira de qué suerte
163 549 778 588 tiene tu Amado los hombros,
162 598 762 637 de aquel madero tan fuerte,
168 648 798 682 que á ti no te causa asombro
160 696 778 732 y á Cristo le causa muerte.
212 741 720 780 Mira la espalda y verás
156 789 610 829 nacer corales divinos;
159 837 634 876 hirieron con crueldad,
160 886 703 925 con hierros y con espinos
159 935 622 973 la gente de Barrabás.
208 982 678 1021 Si le miras al costado
150 1029 590 1071 mirale con atencion;
883 260 1466 296 la lanzada que le han dado
879 306 1362 345 le traspasa el corazon
878 357 1444 394 por tus culpas y pecados.
928 405 1474 444 Si le mmiras á las manos,
880 453 1390 490 bien puedes considerar,
875 502 1536 538 que á Cristo por los humanos
877 551 1299 587 le vinieron á quitar
880 599 1466 635 la vida entre duros clavos.
924 647 1418 684 Si le miras á los pies,
888 695 1484 730 verás dos llagas que al alma
887 742 1403 780 le dan salud, y despues
887 791 1476 828 triunfan con gloria y palma
888 840 1486 875 solo por ser Dios quien es.
891 890 1547 924 Quien tenga esto en la memoria,
888 935 1362 973 como muera penitente,
884 982 1416 1021 subirá á la eterna gloria
872 1032 1368 1070 ante Dios omnipotente.
211 1129 1474 1164 A LA MUERTE DE CRISTO NUESTRO REDENTOR.
196 1224 695 1263 La tarde se obscurecia
154 1272 670 1311 entre la una y las dos,
153 1322 784 1359 que viendo que Cristo muere
152 1368 674 1407 se vistió de luto el sol.
202 1415 754 1458 Tinieblas cubren los aires,
146 1465 714 1503 las piedras de dos en dos
148 1512 734 1550 se rompen unas con otras
143 1563 739 1601 y el pecho del hombre no.
192 1610 769 1649 Los ángeles de paz lloran
150 1657 616 1698 con un amargo dolor,
154 1708 718 1744 que los Cielos y la tierra
156 1754 684 1792 conocen que muere Dios.
200 1801 814 1842 Como: Cristo está en la Cruz,
148 1850 692 1890 diciendo al Padre: Señor,
147 1902 819 1940 ¿por qué me has desamparado?
147 1949 723 1988 ¡Ay Dios, qué tierna razon!
194 2000 700 2034 ¿Qué sentiria su Madre
148 2046 642 2082 cuando tal palabra oyó,
142 2091 668 2131 viendo que su Hijo dice,
138 2143 638 2181 que Dios le desamparó?
926 1226 1498 1263 No lloreis, Virgen piadosa,
881 1276 1553 1312 que aunque se va vuestro Amor
872 1323 1416 1359 antes que pasen tres dias
875 1371 1424 1407 volverá á verse con Vos.
918 1419 1450 1456 Ay, Hijo, la Virgen dice:
871 1470 1417 1508 ¿qué madre vió, como yo,
877 1519 1440 1550 tantas espadas sangrientas
879 1564 1328 1601 traspasar su corazon?
921 1613 1543 1648 ¿Donde está vuestra hermosura?
863 1663 1395 1703 ¿Quién los ojos eclipsó,
875 1710 1414 1745 donde se miraba el Cielo,
876 1757 1414 1793 como en su mismo Autor?
912 1806 1408 1843 Partamos, dulce Jesus,
872 1854 1388 1891 el cáliz de esta pasion,
873 1902 1482 1940 que Vos le bebeis de sangre
863 1952 1337 1993 y yo de pena y dolor.
920 2001 1440 2034 Esto diciendo la Virgen,
871 2044 1351 2084 Cristro el espiritu dió.
862 2095 1442 2133 Almas, sino sois de piedra,
858 2143 1444 2184 llorad, pues, la culpa sois.
649 2240 1023 2279 CARMONA=1855.
266 2291 1416 2328 Imprenta de D. José María Moreno, Descalzas, núm.11.
