1737 2508
1414 81 1444 231 3
129 201 577 244 y no te quiero seguir,
135 253 706 295 que eres falso y embustero.
126 306 684 349 La vista inclinó el Gigante
136 359 625 402 al Estandarte Supremo,
137 410 701 454 y oye que le dice un Angel:
135 461 524 506 Cananeo, Cananeo,
131 515 593 556 aliéntate, y no le sigas
134 566 656 609 á ese malvado y horrendo
127 619 674 664 Demonio, que te despeñas,
135 670 677 715 y advierte que este madero
134 724 659 768 es el mismo en que murió
137 777 734 821 Cristo Rey de Tierra y Cielo,
128 828 732 874 el que ha de juzgar al mundo,
135 884 690 926 el que es el Díos verdadero,
131 936 583 972 baja á la orilla del Rio
133 984 648 1029 y encontrarás al momento
131 1037 642 1081 un Ermitaño, y él mismo
128 1091 587 1132 te dará los documentos
128 1143 564 1187 favorables á tu alma,
135 1195 607 1240 para que ganes el Cielo,
132 1249 625 1296 con esto quedáte en paz,
125 1298 546 1343 y desapareció luego.
129 1351 654 1395 Mirando aqueste prodigio,
128 1404 614 1447 de gozo el Gigante lleno
128 1459 572 1501 sin detenerse se parte,
131 1510 626 1553 y dentro de breve trecho
133 1565 668 1605 ha encontrado al Ermitaño
127 1613 653 1658 y le ha contado el suceso.
134 1666 599 1708 Ocupóse allí el Gigante
131 1720 593 1761 encruzar los pasageros
125 1773 654 1815 en sus superiores hombros
131 1825 595 1868 aquel Rio tan soberbio,
120 1878 550 1921 así pasó muchos dias,
120 1930 682 1973 siempre imaginando atento,
127 1981 577 2022 y pensando discursivo
125 2034 653 2078 en el Dios mas verdadero,
129 2085 696 2130 y estando un dia en su choza
131 2137 546 2185 oyó decir: Cananeo,
127 2191 596 2237 con presteza se levanta
855 206 1360 250 por si es algun pasagero,
859 255 1366 300 y en la puerta de la choza
861 310 1388 352 encontró un Niño tan bello
855 361 1349 404 que parese un querubin
864 414 1336 460 bajado del mismo Cielo,
858 465 1286 510 con la túnica morada
863 518 1274 562 vestido de Nazareno.
857 576 1395 616 ¿Quien eres, Niño; le dice,
859 625 1370 667 á donde vas, Niño tierno,
856 676 1384 721 tan hermoso y tan bizarro,
859 728 1430 773 que entre volcanes de fuego
851 784 1352 824 se me abraza el corazon,
856 829 1353 876 y no sé la causa de ello?
860 886 1422 931 dijo el Niño: Si me quieres
865 939 1307 980 pasar el Rio, prometo
863 991 1258 1033 pagarte con el amor
861 1043 1414 1091 que se coloca en mi pecho;
865 1096 1362 1142 voy á buscar á miPadre;
850 1147 1426 1193 que vive de aquí muy lejos.
860 1200 1458 1248 Tomólo al hombro el Gigante,
861 1253 1351 1296 y dentro de poco trecho
852 1306 1327 1348 le pareció se le hundia
864 1358 1340 1402 de su valor el cimiento.
862 1411 1341 1453 Entre sudado y confuso
857 1463 1378 1508 le dice: Niño, que es esto,
860 1516 1474 1561 que es tanto el peso que tienes
866 1568 1356 1611 que los dos pereceremos
856 1621 1384 1663 en las soberbias corrientes
857 1672 1383 1715 de este terrible Hlemento?
868 1724 1418 1771 Cuanto mas anda mas pesa,
857 1775 1275 1820 y dice ya sin aliento:
859 1829 1432 1875 Cristo valme, y lo que pesa.
862 1882 1360 1924 Y entonces el Niño bello
850 1936 1440 1981 respondió: ese es tu nombre,
858 1990 1421 2030 por que desde hoy pretendo
860 2043 1374 2084 que te intitules Cristóbal,
854 2091 1293 2136 y que seas Misionero
850 2145 1374 2190 de miLey, Cristóbal mio,
853 2200 1380 2244 para que vengas al Cielo,
