1737 2508
1196 120 1466 272 Número 270.
499 1603 1250 1654 PAMOSOS ROMANCES
166 1695 1568 1749 DEL GIGANTE CANANEO SAN CRISTOBAL.
169 1800 1571 1844 Dáse cuenta como por órden de Jesucristo fué á predicar á los gen-
171 1854 1567 1895 tiles, y convirtió á cuarenta y ocho mil personas; como fué martiriza-
171 1907 1577 1948 do, y en su muerte se convirtió el Rey con ochenta mil personas de
219 1960 1517 2003 su reino, con otras particularidades que verá el curioso lector.
219 2076 707 2121 O Montaña de virtudes!
172 2129 644 2172 ó fuerte Pilar del cielo!
188 2183 582 2224 ó lucido Peregrino!
897 2081 1275 2122 ó famoso Cananeo!
894 2134 1392 2176 hoy intenta mi discurso,
891 2188 1398 2229 con vivo y ardiente celo,
