1765 2512
211 187 247 250 6
118 248 619 296 dijo al Rey, que argüiria
113 304 530 350 solo con el cananeo.
113 356 587 402 Lo sacan de la prision,
122 401 745 455 y en presencia del Rey mesmo
122 462 537 508 el Sacerdote arguyó
127 510 691 559 con nuestro gran misionero.
132 565 589 612 Le saca mil falsedades,
131 617 608 663 le propone mil enredos,
126 669 567 716 le dijo que Jesucristo
127 722 595 768 no era Dios verdadero.
129 775 664 820 Cristóbal de que esto oyó,
131 826 647 873 dijo: mientes, embustero,
138 879 709 928 que Cristo murió en la Cruz
135 931 669 981 por librarnos del Infierno,
144 982 703 1032 y se encarnó en las entrañas
142 1038 614 1084 de Maria gran portento!
149 1088 553 1140 y el Espirítu asistió
144 1143 681 1190 por obra del Padre Eterno,
147 1197 579 1241 y así viva Jesucristo,
144 1244 756 1294 y mueran los dioses vuestros:
149 1299 665 1347 Cristo viva y Cristo reine,
157 1350 755 1401 que este es el Dios verdadero,
158 1408 547 1455 y por Cristo pasaré
152 1457 647 1506 mil fatigas y tormentos.
156 1509 580 1558 Al oir estas palabras
160 1559 675 1612 alzó la mano un perverso
159 1617 557 1666 y á Cristóbal le tiró
157 1664 687 1717 un bofeton (que tormento!
157 1715 809 1767 Mandó el Rey con gran soberbia
160 1767 731 1820 que amarrado en un madero
166 1824 621 1874 le dieran tantos azotes
161 1874 671 1926 que se lo dejaran muerto.
165 1932 625 1977 Obedecen al mandato,
165 1983 675 2028 y con impiedad le dieron
176 2035 657 2082 mas de cinco mil azotes,
167 2087 691 2135 pero ó permiso del Cielo!
174 2137 735 2188 que cuando azotado estuvo,
176 2191 812 2241 luego ante el Rey lo volvieron,
169 2249 565 2293 sin tener una señal
843 235 1367 277 del castigo que le dieron,
839 287 1293 333 las manos atras atadas
848 340 1419 384 y una soga puesta al cuello.
848 392 1249 434 El Rey se maravilló
850 443 1367 488 y en altas voces diciendo:
853 498 1287 542 Justicia, Júpiter mio,
856 546 1475 596 que este hombre es hechicero.
859 602 1355 646 Vayan y no se detengan,
859 655 1327 696 y una corona de hierro
853 707 1376 751 hecha ascua han de traer,
863 760 1389 807 y pónganla en su cerebro.
863 813 1339 856 Al punto lo ejecutaron,
861 864 1417 914 (¡pero ó sacro Rey del Cielo,
868 915 1421 961 que quisisteis que Cristóbal
867 969 1377 1015 no pasase este tormento!)
867 1024 1363 1070 y viendo el malvado Rey
871 1073 1467 1121 que no le agraviava el fuego,
875 1129 1363 1172 rasgando sus vestiduras,
871 1181 1409 1224 despedazándose el mesmo,
878 1234 1299 1277 dice: llevar esta fiera
875 1285 1355 1329 y sujetarla á un madero
877 1340 1224 1380 y asaetearlo allí,
881 1390 1349 1434 y si no es bastante esto
887 1442 1357 1491 para que acabe su vida,
892 1494 1371 1540 con los filos de su acero
893 1548 1339 1591 le cortareis la cabeza,
893 1598 1445 1647 para que acabe mas presto;
895 1649 1427 1697 que me voy á aquel balcon
899 1701 1455 1749 que desde allí quiero verlo.
899 1759 1257 1803 Lo ejecutaron asi,
903 1807 1367 1855 y salieron los flecheros
907 1861 1309 1907 para quitarle la vida
903 1913 1391 1959 á este segundo Cordero.
907 1966 1443 2013 Le apuntan con la ballesta,
904 2017 1407 2064 y sale la flecha huyendo,
906 2069 1375 2115 y fué á pegaren el ojo
911 2120 1519 2169 del Rey que lo estaba viendo;
901 2173 1473 2223 con mas soberbia que nunca
907 2230 1415 2274 se levantó echando fuego
