1737 2508
110 218 653 256 por la boca, y por los ojos
113 270 647 308 centellas de vivo incendio.
109 323 596 361 Arrojóse con la espada
110 375 698 415 para darle muerte él mesmo;
114 428 620 469 mas al levantar el brazo,
105 480 590 519 ó maravilla, ó portento!
108 533 598 572 de la guarnicion se sale
109 586 660 625 la oja ella misma huyendo,
115 639 664 678 por no ofender á Cristóbal,
119 690 770 730 que aun de morír no era tiempo.
119 743 728 781 Y viendo el Rey que no halla
117 797 618 835 para Cristóbal tormento,
111 849 694 886 manda que en unas parrillas
111 901 689 940 le pongan y le echen fuego,
119 954 648 992 para que muera abrasado.
126 1006 620 1044 Mas ó prodigio supremo!
124 1058 684 1098 despues de tantos martirios,
122 1110 668 1150 hasta el fuego tuvo miedo,
125 1163 656 1201 que se apagó de improviso
115 1216 638 1254 sin ofenderle en un pelo.
128 1266 632 1307 Y ya echada la sentencia
128 1320 698 1360 del Supremo Rey del Cielo,
127 1373 640 1412 que el laurel y la corona
130 1426 704 1466 tiene prevenido á un tiempo,
123 1479 685 1517 le dió licencia á la muerte,
122 1530 712 1572 y á Cristóbal le dió esfuerzo,
129 1584 685 1622 por segunda vez le vuelven
125 1636 651 1675 á amarrar en el madero
129 1690 660 1727 entre dos santas mujeres,
129 1742 693 1780 que juntas con él murieron.
130 1794 642 1832 Pero el famoso Cristóbal
130 1847 560 1885 alzó los ojos al Cielo,
129 1900 662 1939 ardiendo en amor de Dios,
139 1952 624 1990 estas palabras diciendo:
129 2003 539 2044 Poderoso Redentor,
127 2057 682 2096 humilde y manso cordero,
139 2111 694 2149 que con tu preciosa Sangre
134 2163 588 2203 redimiste el Universo,
129 2217 744 2257 no es lo que siento el morir,
1392 160 1424 199 7
841 215 1382 256 solo siento, amado Dueño,
837 268 1351 308 que no muera como Vos
839 320 1354 361 enclavado en un madero.
840 372 1356 413 No siento, no siento nada
844 426 1353 466 de todos estos tormentos,
841 477 1383 520 pues por mí pasásteis mas,
843 530 1358 571 Redentor y amado dueño,
838 583 1262 622 muero gozoso por ir
839 636 1367 675 á gozar de vuestro Reino.
842 688 1344 726 Con esto le dan un golpe
843 741 1407 784 con el cuchillo en el cuello,
843 794 1400 834 razgando sus blancas venas
844 846 1348 885 la roja sangre vertiendo.
841 899 1475 939 Bramó el mar, tembló la tierra,
844 952 1356 991 el Sol hizo mil estremos,
837 1003 1372 1043 y arrojando gruesas peñas
842 1056 1398 1097 los montes se destruyeron,
847 1109 1355 1148 y entre celestiales nubes
843 1161 1380 1201 con sonoros instrumentos,
843 1214 1407 1253 dos Angeles muy hermosos
856 1266 1314 1305 lucidos bajan del Cielo
850 1320 1364 1359 con la corona y la palma,
849 1371 1448 1412 que en sus sienes le pusieron;
847 1425 1359 1464 mas esto no fué bastante
847 1477 1346 1516 para aplacar lo soberbio
851 1529 1474 1567 del Rey, que con mayor rabía
859 1583 1337 1620 á Cristóbal fué derecho
854 1631 1346 1673 para beber de la sangre
852 1687 1494 1726 que están sus venas vertiendo,
860 1740 1316 1779 Pero ó poderoso Dios!
850 1793 1334 1831 mas ó famoso portento!
857 1845 1371 1883 pues apenas llegó el Rey
853 1898 1297 1938 á tocar el coral terso,
856 1950 1266 1988 la flecha se le cayó
860 2002 1331 2040 sin hacerle movimiento
863 2057 1395 2094 de ira, y se encontró sano.
861 2107 1364 2147 Y reconociendo el yerro,
859 2161 1350 2199 en altas voces publica:
862 2213 1311 2254 viva, viva el Cananeo,
