1765 2512
834 204 855 354 8
131 331 667 380 Sold. Con qué anda usted?
132 387 430 429 Poet. Con otras
181 426 744 476 que heredé de mis abuelos.
127 472 811 526 Sold. Todo esto es mucha verdad.
180 523 818 571 Válgome de la prudencia. Ap.
185 571 693 620 Ha sido el mejor soldado
187 617 815 671 que ha habido en toda la guerra.
131 666 817 718 Payo. Repare usted en el pizcuezo
183 716 693 766 las cuchilladas que lleva.
130 762 819 815 Magd. Es señal que habrá peleado
183 811 813 862 mucho con las tropas francesas.
139 859 745 911 Sold. Señoras para mí ha sido
192 913 621 959 todo eso una friolera.
127 958 825 1010 Rup. No obstante, sin detrimento,
182 1008 675 1056 es, hijo cosa muy recta.
131 1053 799 1107 Magd. Y en esa comedia, amigo,
189 1100 825 1154 qué personas son las qué entran?
127 1153 735 1202 poet. Entran el sol y la luna,
175 1202 703 1248 entran todas las estrellas,
179 1250 763 1296 entran los cuatro elementos,
187 1301 645 1346 vestidos á la chinesca,
910 322 1524 360 entra el mundo con sus flores,
906 373 1438 408 con sus árboles y fuentes,
913 421 1547 455 entra el mar, entran sus peces,
913 467 1434 504 y hasta los navíos entran.
858 515 1464 553 Payo. Qué laberinto que será,
909 564 1404 599 señores, la tal comedia!
860 611 1460 650 Magd. Vaya muy enhoramala,
909 660 1416 697 no nos rompa la cabeza:
912 708 1496 748 no me admiro que estén hoy
912 757 1392 793 tan abatidos los poetas.
912 806 1422 843 si todos son como usted.
1082 854 1336 890 Sale el Hijo.
867 903 1523 938 Hgo. Señores, que pulla es esta!
875 951 1501 988 Sold. Ponga fin á este disgusto
916 1000 1422 1036 el saber que en la goleta
913 1048 1382 1084 hice el destrozo mayor
920 1096 1518 1133 que se ha visto en esta tierra.
868 1144 1394 1180 Payo Manteca tiene razon.
864 1194 1472 1231 Todos. Pues acabese la fiesta,
915 1241 1413 1280 pidiendo á todos perdon
913 1290 1485 1331 por las faltas que este lleva.
700 1554 1009 1709 FIN.
