1753 2560
916 172 950 324 7
218 299 808 349 Magd. El maldito del palurdo
265 353 731 395 tiene sacrilega lengua.
230 394 881 446 Viud. Señor don Esquina, usted
268 447 754 493 no dice alguna cosuela?
227 490 889 542 Poet. Señora, en dándome el pié
274 542 849 590 que lo dejen por mi cuenta.
235 589 919 638 Viud. Cuidado, que hay en el corro
279 642 817 688 quien de poeta se aprecia.
225 691 871 735 Poet. De poeta á poeta no temo,
273 739 843 782 señora, á nadie en la tierra,
283 787 852 831 en fuego, en aire y en agua
282 836 789 879 y vamos á la esperiencia.
244 882 925 930 Viud. Dé usted pie, Sr. D. Pedro
231 933 795 980 Abog. A la piocha que lleva
287 983 747 1024 doña Magdalena, vaya
303 1029 799 1074 (pues de poeta se precia)
287 1080 831 1122 bien puesta está la piocha,
297 1133 485 1170 es el pie.
239 1177 683 1222 Poet. En hora buena:
287 1224 739 1268 Señora, tus pocresías
293 1274 795 1320 y tu grande hermosidad,
303 1320 749 1364 con la tempestuosidad
299 1368 777 1412 hacen serenos los dias:
297 1419 781 1460 dijo el doctor Mata-tias,
296 1464 839 1509 caramba, me voy á Atocha,
306 1510 885 1557 cerengue, á comer viscocha,
307 1556 911 1606 don Golondron me ha llamado
307 1610 763 1655 para tomar un bocado,
303 1656 839 1704 bien puesta está la piocha.
263 1709 691 1754 Hijo. Viva la décima.
255 1762 545 1802 Payo. Bomba.
267 1800 887 1847 Poet. Viva, y el poeta con ella.
259 1849 877 1896 Sold. Viva Manteca el soldado,
309 1902 757 1949 y el sitio de la goleta.
270 1948 932 1992 Viud. Ahora es preciso, otro pié,
309 1994 889 2042 dé usted, á doña Magdalena,
313 2044 787 2094 para que al poeta diga.
269 2066 1601 2141 Abog. Es verdad, pues el pie sea, Poet. Si señor: y tambien era
314 2137 863 2187 bien tiene á quien parecer.
267 2163 1655 2238 Magd. Pues otra décima atiendan: que se me llevó unas piernas.
1001 283 1410 327 La naturaleza avara
1010 335 1459 375 contigo anduvo cortés,
1009 379 1549 425 pues que hoy en dia te ves
1007 426 1560 472 con legua y media de cara:
1008 477 1493 521 tu figura es la mas rara
1015 526 1575 569 que el demonio pudo hacer,
1009 575 1503 617 tu talle el de un Lucifer,
1013 616 1649 670 y tu cuerpo tumba en pie del uni-
1248 670 1366 709 verso:
1019 718 1583 760 si fué muy largo este verso,
1011 765 1561 812 bien tiene á quien parecer.
969 818 1365 860 Abog. Gran décima.
971 867 1361 910 Sold. No es malita.
973 916 1251 956 Payo. Bomba.
974 959 1575 1005 Hijo. La falta mucha agudeza.
973 1012 1365 1053 Viud. A donde vas?
975 1062 1337 1101 Hijo. Salgo luego. Vase.
977 1106 1527 1149 Mug. Viva doña Magdalena.
979 1154 1519 1199 Payo. Y viva la fé de Dios,
1037 1201 1603 1246 que es la verdadera ciencia.
975 1249 1672 1296 Poet. Lo grande que hay hoy que
1024 1308 1110 1344 ver.
1027 1342 1633 1391 es esta obra que tengo hecha
1035 1394 1467 1438 para ese gran coliseo
985 1436 1678 1488 Abog. Y qué es, alguna comedia?
987 1488 1671 1536 Poet. Y hecha toda de mi ingenio:
1039 1539 1570 1586 ya, ya será gusto el verla:
1039 1588 1550 1632 por cierto la traigo aquí.
994 1631 1638 1681 Sold. Estuvo usted en la goleta?
987 1683 1533 1729 Poet. Si señor, estuve allá,
1047 1730 1583 1777 que escriví sobre el asunto
1045 1778 1568 1824 tres millones de cuartetas
993 1827 1535 1873 Sold. Usted bien conocería
1036 1874 1527 1922 allí al soldado Manteca?
987 1920 1636 1972 Poet. Si señor, era un borracho
1039 1971 1518 2017 de los pies á la cabeza.
996 2016 1684 2069 Sold. Hombre, Manteca borracho?
1047 2117 1497 2166 un grandisimo ladron,
