1737 2508
959 163 991 317 5
312 295 782 339 de mayorazgo tambien:
314 342 853 387 estoy á vuestra obediencia.
264 390 943 437 Rup. Ciertamente es bello cuarto.
259 442 749 485 Hgjo. Señora solo desea
307 485 837 532 le mande usted, que sé yo
315 534 919 580 lo hará con todas sus fuerzas.
259 583 884 630 Payo. No sabia yo hasta ahora
306 632 868 677 fuerza los cuartos tuvieran:
305 682 781 725 me temo que mi señor,
306 730 841 772 segun las pláticas hechas,
307 778 809 822 es mas tonto que no yo.
448 827 767 867 Sale el Soldado.
264 875 888 919 Sold. Qué bello parage es este
322 924 769 967 para armar una pelea!
312 973 823 1015 La artillería á esta parte,
318 1019 945 1062 la vanguardia á mano izquierda,
318 1068 724 1111 los víveres adelante
320 1117 831 1157 y el convoy á la derecha:
321 1164 817 1208 por este lado... Señores,
319 1211 863 1256 perdonen mi inadvertencia,
326 1259 882 1303 que los que hemos militado
320 1302 964 1351 no hay quien nos saque de guer
320 1356 778 1399 Usted sea bien venida (ra.
326 1406 773 1447 con toda su parentela,
318 1451 893 1495 á quien me ofrezco rendido.
283 1501 799 1544 Viud. Estimamos la fineza
328 1549 875 1591 y este grande ofrecimiento.
278 1598 928 1642 Sold. Pues qué quiere usted que
321 1653 486 1690 ofrezca
327 1697 811 1738 unsoldado sino bombas,
328 1742 843 1786 pólvora y balas, mi reina?
272 1791 905 1837 Rup. Pero hijo, sin detrimento,
317 1839 881 1886 ofrezca usted lo que pueda,
326 1884 959 1932 como hacen todos los hombres.
273 1931 960 1982 Sold. Es que, señora, en mi tierra
324 1982 964 2030 se habla poco y se obra mucho:
323 2035 802 2076 allí se halla la firmeza,
325 2083 823 2123 verdad, amistad y amor,
330 2131 793 2172 y fina correspondencia;
335 2179 851 2222 porque son los andaluces
1040 285 1325 325 como se sabe.
990 332 1404 373 Magd. Esa es cierta.
993 377 1643 421 Sold. Y son tan cortos de genio
1043 431 1288 468 como se vé. Se sienta.
995 479 1355 517 Payo. De manera,
1047 522 1623 564 que lo que se vé no es malo,
1041 572 1599 612 lo que no se vé es la fiesta.
1174 620 1506 657 Sale el Abogado.
995 665 1660 709 Ab. Lo qué el curtito ha ganado!
1043 717 1537 756 Señora, fuera molestias,
1047 764 1598 803 y así en la forma ordinaria
1053 812 1605 851 lo mismo que mi parienta...
995 856 1563 901 Hijo. Cómo se conoce luego
1050 906 1681 949 los hombres que son de letras.
1007 954 1679 997 Viud. Señor don Pedro, lo estimo
1040 1003 1655 1047 muy mucho: y así usted tenga
1049 1054 1596 1093 por suya esta pobre choza.
999 1101 1595 1144 Abog. Solo me falta una pieza
1052 1148 1593 1191 como esta para mi estudio:
1055 1197 1589 1238 qué buena está la samblea!
1056 1245 1593 1287 ustedes manden, que tengo
1045 1292 1585 1334 que escribir una querella.
1005 1341 1679 1384 Sold. Como yo mandara el mundo,
1054 1391 1541 1431 como mandarlo pudiera,
1048 1439 1548 1479 si las cosas fueran bien,
1061 1486 1551 1527 yo quitara las querellas.
1001 1532 1677 1576 Abog. Pues qué tan guapo es us-
1060 1588 1138 1625 ted?
1007 1630 1701 1674 Sold. Pregunte usted en la goleta
1054 1680 1595 1721 á los moros y á los turcos,
1051 1729 1550 1769 en estas carnestolendas,
1058 1776 1572 1818 por Manteca el Sevillano,
1058 1826 1651 1867 que ellos lo diran por fuerza,
1056 1873 1557 1914 y sino voto, y no á Dios,
1059 1921 1599 1964 que les sacaré las lenguas,
1059 1967 1647 2012 cuerpo á cuerpo, codo á codo
1061 2020 1390 2058 y brazo á brazo.
1003 2068 1403 2110 Payo. No me entra
1007 2115 1397 2157 Abog. Eso es poco.
1010 2162 1649 2205 Rup. No te metas en quimeras.
