1720 2428
798 145 812 295 6
301 269 581 305 Sale el Poeta.
96 317 772 354 Poet. C, r, o, clo, Chamorro. bue-
139 367 566 403 c, l, a, canela: lindo, (no:
139 415 658 449 bravo par de consonantes
150 461 622 498 tengo para mi comedia.
140 510 648 546 señoras, sois unos soles,
138 558 710 598 corto anduve, sois estrellas,
135 608 690 645 necio fuí, porque sois todo,
136 653 563 691 y sobre todo, canela.
92 703 684 739 Hijo Gran cosa! mucho decir:
142 752 676 787 un asombro es la cuarteta.
88 798 566 836 Poez. Lo estimo mucho.
90 849 446 883 Sold. De oir esto,
137 896 698 933 ya los demonios me llevan,
142 945 726 983 porque ha hecho una coplita,
142 992 545 1029 que es todo friolera,
132 1040 670 1078 véalo usted, amo de casa,
131 1089 656 1125 á que el soldado perezca.
90 1138 770 1173 Abog. No sienta usted eso, señor.
83 1186 776 1222 Sold. No quiere usted que lo sienta
129 1234 713 1270 habiéndose un hombre visto
125 1283 654 1318 con todas las tripas fuera
130 1330 770 1368 mil veces, sin piernas, muslos,
127 1379 615 1415 sin brazos y sin cabeza.
83 1429 775 1464 Abog. Jesus, qué horror! y eso es
127 1472 269 1511 cierto?
85 1524 776 1562 Sold. Pregunte usted en la goleta
135 1572 646 1611 por manteca el Sevillano,
133 1620 608 1656 á aquella canalla perra.
86 1670 767 1704 Payo. Este hombre es leon ó di.
132 1717 312 1753 monche?
90 1765 745 1801 Magd. Yo me temo que este sea
141 1813 674 1849 para con mugeres hombre
134 1861 701 1897 y para los hombres hembra
88 1910 687 1946 Viud. Pepito, danos un polvo.
87 1958 718 1995 Hijo. Señoras con mil ternezas.
86 2007 728 2043 Rup. Tiene usted del de palillo?
84 2056 772 2091 Hño. No he de tener? y me cuesta
131 2104 709 2139 trabajo inmenso el buscarlo:
130 2152 624 2189 pero de mi qué digeran
872 269 1174 305 si fuera sin él.
827 317 1321 354 Sold. Yo quiero habano.
828 366 1451 403 Hijo En la faldriquera derecha
872 412 1245 450 le tengo muy rico.
828 462 1477 498 Rup. Ciertamente es cosa régia:
871 511 1512 546 si me hará algun detrimento?
824 556 1504 596 Hjjo No pase usted de eso pena,
879 606 1376 644 porque yo de prevencion
869 654 1379 691 traigo simpre una docena
867 701 1357 739 de pañuelos empapados
872 751 1202 788 en agua de olor.
824 800 1214 836 Payo. No me entra.
828 847 1482 887 Viud. Doña Magdalena, el chico,
871 895 1363 933 digo, que tal aprovecha?
820 944 1418 981 Magd. Mucho; puede presidir
867 992 1160 1030 la academia...
824 1040 1252 1078 Payo. De la y griega.
816 1088 1287 1127 Magd. Yo tomo comun.
822 1137 1502 1174 Hijo Pues en la caja de madre, per-
862 1186 1297 1223 lo tengo muy especial (la,
821 1233 1507 1272 Magd. Bueno es: qué brava cabeza!
819 1282 1470 1319 Poet. Si usted quisiera llenarme
865 1329 1273 1367 una cajita pequeña?
816 1378 1414 1416 Hzjo. Si señor, saquela usted;
860 1427 1507 1465 quiere usted enterrarme en ella?
876 1474 1463 1514 Caja hay ahi para un difunto.
815 1526 1478 1562 Payo. Pues no vé usted quien la
860 1571 986 1608 lleva.
816 1620 1456 1658 Rup. Jesus, yo me pongo mala.
815 1670 1454 1704 Abog. Qué tienes, hija Ruperta?
819 1717 1341 1753 Rup. La Cabeza se me vá.
822 1765 1498 1803 Payo. Pues voy á cerrar la puerta.
820 1813 1500 1854 Hg. No hay que asustarse, señoras,
867 1863 1396 1898 que aquí traigo yo receta:
864 1909 1298 1946 se pasa ya, señorita?
816 1958 1444 1995 Rup. Si, señor esto es flaqueza
861 2005 1134 2042 de estómago.
817 2056 1183 2091 Payo. De manera,
872 2105 1337 2140 que tambien podria ser
869 2153 1275 2189 debilidad de cabeza.
