1636 2432
888 125 904 275 3
334 220 1460 377 Salon con ocho sillas: sale la Viuda y doña Magdalena.
177 394 878 429 Magd. Cierto que el cuarto es al-
224 440 322 478 haja
227 489 757 526 y de todas conveniencias.
188 537 868 576 Viud. Vueno está, pero, amiguita,
234 586 750 624 para mi gusto esta pieza,
232 634 874 671 por lo ancha, larga y hermosa.
181 682 872 719 Magd. Y no es la mitad de buena
225 729 614 767 la de doña Beatriz,
235 779 744 816 que tanto, tanto pondera.
183 823 658 867 Viud. Qué ha de hacer,
218 874 518 911 si esta señora
232 920 658 960 es de primera tigera.
171 970 819 1007 Magd. A dónde esta don Pepito?
179 1017 778 1055 Viud. Rompiéndose la cabeza
228 1066 770 1104 en cosas muy importantes.
172 1114 871 1152 Magd. Pues qué cursa las escuelas?
178 1162 864 1203 Viud. Hasta ahora las ha cursado;
222 1212 616 1248 y como ya deletrea
217 1261 797 1300 y escribe tal cual de gordo,
225 1309 827 1347 es preciso que ahora aprenda
218 1356 726 1395 cómo se viste á la moda,
224 1403 752 1445 cómo se peina á la greca,
228 1453 702 1490 qué dias son en Madrid
222 1500 772 1542 los de mayor concurrencia,
224 1548 762 1589 dónde es la fonda, el café;
226 1599 704 1638 qué botillería es buena,
214 1646 764 1684 y otras cosas mas precisas
226 1696 752 1734 que no cusar las escuelas.
384 1744 646 1780 Sale el Higo.
172 1788 736 1831 Hijo. Señoritas, como debo,
222 1838 752 1880 como corresponde, cierta,
220 1886 762 1929 menor, mayor, indulgente,
209 1936 666 1975 y á toda benevolencia
220 1984 848 2023 estoy postrado á esas plantas.
180 2033 868 2073 Mag. Jesus, qué entrada tan tierna!
228 2079 738 2120 ya es ingenio el señorito.
177 2131 869 2169 Viud. Qué no conozcas ni adviertas
968 395 1606 436 que es esta la hora que bajan á
968 442 1444 485 darnos la enhorabuena,
961 492 1600 534 de habernos venido al cuarto,
961 538 1211 578 los vecinos!
912 587 1344 626 Hijo. Madre, apenas
966 636 1472 677 he hecho las diez visitas,
959 684 1607 729 con la devocion mas tierna,
960 734 1432 772 y espresion recopilada,
964 781 1576 822 me he venido, madre nuestra.
912 828 1608 872 Magd. Esto si que es hablar culto,
964 876 1488 917 si digo que estas enseñan
964 923 1464 965 á ser bestias á sus hijos.
917 973 1599 1015 Viud Qué te ha dicho la Marquesa?
913 1021 1602 1064 Hyjo. Que estoy un rico muchacho.
912 1069 1599 1111 Magd. Se oirá necedad como esta!
920 1116 1544 1158 Viud. Qué te parece del chico?
908 1167 1604 1211 Magd. Qué quieres que me parezca,
956 1215 1504 1254 sino que es hijo de madre.
910 1260 1502 1305 Hijo. Señora, por linea recta;
966 1313 1414 1350 y así vuelvo á repetir
959 1361 1513 1398 con la devocion mas tierna
960 1408 1460 1446 de amor, honor y poder.
954 1454 1593 1498 que estoy á las plantas vuestras.
911 1502 1511 1544 Viud. Bien dicho, y á tiempo.
910 1552 1232 1590 Magd. es cierto:
957 1601 1412 1638 será látisma se pierda
958 1651 1568 1690 porque es mozo de esperanza.
1110 1699 1396 1736 Sale el Payo.
904 1746 1550 1787 Payo. A la obediencia, señores,
954 1794 1590 1838 me alegro que esté usted güena,
950 1844 1394 1883 señor don Pepe José,
950 1894 1424 1928 y todos á la obediencia.
904 1940 1565 1979 Hijo. Bien venido, amigo Anton.
958 1986 1144 2022 Cómo va?
912 2038 1322 2075 Pago. De la manera
959 2086 1584 2127 que me dicen que estoy güeno,
952 2135 1284 2174 mas yo no lo se.
