1765 2512
202 142 244 174 2
135 181 536 214 que por no oirme llorar
129 221 500 257 se podria dar dinero;
136 259 480 294 principié á patalear
131 298 595 335 y échole mano á mi madre
124 338 512 374 donde le pude agarrar.
128 379 530 415 Por mas que forcejeaba,
133 418 514 455 quien me hacia soltar;
123 458 554 496 daba vueltas biravueltas,
128 496 496 532 qué será qué no será
127 538 540 572 si será algun gato clavo
124 577 571 612 ó algun demonio infernal.
118 617 555 652 De susto se cayó muerta
125 659 491 693 y acudió la vecindad.
121 699 527 731 ¡Ay que niño tan bonito
115 736 547 772 quien lo pudiera agarrar!
128 777 531 812 pero como olisca tanto,
119 816 462 851 no se puede afianzar:
115 857 541 891 me rodaron con un palo
124 897 442 932 como las piñas asá,
115 938 482 970 una dijo poco á poco
117 978 487 1012 que lo vamos á lavar;
117 1017 618 1052 veinte y dos cubos de agua
111 1056 486 1092 como quien apaga cal
112 1096 504 1134 me tiraron por encima,
115 1140 463 1172 yo principié á tiritar
118 1177 615 1212 que frio, ¡me cago en el mundo!
112 1217 496 1252 llorando cada vez mas.
112 1257 566 1293 Me visten con unos trapos
120 1297 468 1335 que los iban á tirar,
109 1336 579 1382 y acabado de vestir
111 1377 446 1411 llegó por casualidad
108 1417 504 1452 la mujer del pregonero
111 1456 438 1494 y cansada de mirar,
107 1496 546 1531 dijo, venga acá ese niño
116 1539 578 1570 que le voy á dar de mamar
111 1579 612 1612 que yo tengo un pecho malo
113 1618 606 1654 y me lo va á desahogar
116 1657 603 1697 de postillas y diviesos
108 1695 464 1731 y bocas acángrenás:
112 1737 581 1772 el olor que echaba el pecho
112 1777 614 1815 no se podia aguantar.
101 1816 600 1853 Me soltó un pezon tamaño
108 1858 606 1895 y vo comencé á tragar
102 1896 558 1934 allí me atraqué de zupia
102 1937 606 1972 hasta que no quise mas
104 1976 571 2014 me cargó una diarrea
112 2017 608 2055 que me giñé de churán
108 2056 589 2095 en esto llegó un borracho
112 2097 608 2133 forastero ó del lugar
113 2139 620 2173 y besandome decia
103 2179 610 2215 yo le voy á cristianar:
108 2217 611 2253 me pilló debajo del brazo
103 2258 600 2293 coma, una capa robá
98 2301 624 2332 y en la puerta de la Iglesia,
660 185 1096 217 preguntó, se puede entrar?
651 224 1047 258 tropezó, cayó de boca
652 264 1042 298 y yo principié á rodar,
650 299 1058 337 lloré por toda mi casta,
654 341 1060 375 me recogió el sacristan
650 379 1039 414 y le dijo al padre cura
656 421 1002 455 hágalo V. en caridad
651 462 1058 494 de bautizar á este niño
647 502 1001 536 y póngale V. Pascual
652 541 1073 576 porque ya se aproximaba
647 581 1034 616 la pascua de Navidad,
648 621 1104 657 que gracioso estaba el cura
643 661 1051 694 dando en el suelo patás
648 701 1055 736 porque una beata vieja
649 740 1030 774 habia robado un misal,
641 780 1055 813 ¡cualquiera podia pedirle
644 820 944 854 una peseta prestá,
637 860 1137 891 ui una vela me encendieron
635 898 949 932 lni sé si me dijo ná.
637 939 1088 972 Me agarró por los zancajos
644 980 1051 1016 y apretándome de atrás
635 1020 1028 1052 me zambulló la cabeza
636 1058 1051 1092 ly dijo: póngote Pascual.
636 1099 994 1130 Yo con el susto arrié
640 1139 1008 1172 la limosna por detrás,
636 1180 1006 1212 noticiado por el usmo
639 1221 1065 1252 sellegó el cura á enterar;
643 1261 1143 1292 como quien tira un chusqué
640 1301 1048 1334 me tiró contra un altar,
637 1341 1086 1378 de allí salió el cura dao
636 1381 1033 1412 renegando de Pascual.
632 1420 994 1451 El enterraó que llega
633 1460 1028 1492 me comenzó á acariciar
631 1499 1069 1535 y dijo que iba á buscarme
636 1540 1070 1572 quien me diera de mamar.
641 1579 1018 1611 Una burra con percol
632 1620 1138 1652 que era de un municipal
639 1661 1138 1692 la cual era cosquillosa
631 1700 1139 1734 y me soltó una patá
639 1740 1144 1772 que si no tira de mi
638 1780 1104 1813 me bolea la quijá.
635 1820 1116 1853 ¡Cielo para que nací
640 1860 990 1892 yo nací para penar!
636 1900 1134 1932 Luego entre muchas mujeres,
635 1939 1118 1972 movidas de caridad.
638 1979 1134 2011 me criaron á traguitos,
635 2018 1116 2053 me limpiaba el temporal
631 2060 1138 2091 ¡trage mas moscas á cuestas
639 2100 1143 2132 que una melera colgá
635 2140 1130 2173 y dentro depocos dias
641 2180 1137 2211 que asi lo puedocontar:
638 2219 1140 2251 eché dientes y colmillos, 1.
640 2260 1092 2294 las muelas encadenás
642 2294 1129 2334 preparado para lo mismo ::
1183 181 1637 215 cuando hubiera que rumiar,
1179 221 1623 257 cuando agarraba un pezon
1173 261 1566 295 lle soltaba una entallá;
1168 301 1486 334 já la mujer le dolía
1169 342 1517 374 podemos considerar,
1174 380 1612 414 á la par que daba un grito
1167 421 1524 452 me daba una bofetá
1167 459 1603 492 probó mi cara mas manos
1165 500 1518 533 (que pila de Catedrá;
1172 539 1532 571 el Miércoles de ceniza
1167 578 1583 611 haciendo el ceremonial
1168 619 1598 653 la que me daba una vez,
1172 659 1554 691 ño volvia á darme mas.
1171 698 1617 731 La suerte que yo he tenido
1172 739 1554 772 que saqué buena quijá,
1171 776 1673 810 yo no he encontrao pan duro
1168 818 1516 850 ni comia mal guisá;
1167 857 1611 892 para mi toas están buenas,
1161 897 1540 930 Ini están sosas ni salás,
1163 937 1563 974 yo como de todo pasto
1175 976 1577 1011 y no dejo de engordar;
1155 1017 1636 1051 llas pesas que hay en la plaza
1165 1057 1542 1092 y ademas en la ciudad
1165 1097 1496 1129 mi cabeza dá razon
1161 1136 1590 1169 de aquella que pesa mas.
1165 1176 1542 1208 Ya que fui grandesito
1157 1216 1468 1250 loficio quise tomar,
1168 1257 1590 1290 fuí mozo de tabernero;
1156 1296 1530 1330 lsi me tocaba espachar
1157 1336 1541 1372 yo solia equivocarme
1166 1375 1616 1410 poniendo siempre de mas;
1163 1415 1676 1449 hasta que un dia un borracho
1168 1455 1635 1490 me entendió la enfermedad
1155 1493 1511 1532 ly me dijo agachadito
1168 1535 1492 1568 escuche V. camará:
1163 1575 1611 1612 ¿por qué me pone Y cinco
1159 1615 1638 1650 siendo dos las convidás?
1163 1655 1673 1690 y sin guardá consecuencia
1164 1695 1670 1729 me soltó una bofetá
1159 1736 1678 1770 que la cara me echó luz;
1163 1775 1551 1807 yo me quedé tambalan,
1164 1815 1676 1848 al pronto creí que un mulo
1160 1856 1674 1888 me habia dado una patá;
1159 1896 1561 1929 reniego de la taberna,
1163 1935 1676 1968 no soy tabernero mas,
1159 1976 1676 2010 yo quiero ser zapatero
1161 2016 1678 2049 que me gusta dar puntás,
1159 2055 1667 2089 el maestro de las dos potras,
1159 2094 1599 2129 que ustedes lo conocerán
1167 2135 1570 2168 está llorando por mí
1170 2175 1665 2209 pues yo he sido su oficial,
1163 2215 1667 2248 yo sé esbaratar un zapato
1160 2256 1674 2288 con la mayor propiedad.
1159 2296 1674 2330 y me ajusté con los cargos
