1737 2508
1548 117 1589 164 3
108 180 587 216 que no mohabia de faltar
107 218 604 259 agua la que yo quisiera
107 258 550 292 teniendo franco el corral
119 296 559 333 para cuando me diera gana
112 336 510 374 desatracarme de atrás,
104 374 606 415 era muy en tarde en tarde
105 416 599 456 porque no comia ná
104 457 599 494 Al descuido del maestro
101 497 599 538 yo solia visitar
101 538 598 578 la cocina, y el puchero.
104 577 434 609 me gustaba destapar
108 618 598 650 cuando encontraba gandinga
107 656 601 697 en menos de un presinar
99 697 512 731 la quitaba yo del mundo,
107 736 369 769 y asi podia pasar
108 776 572 812 y estando engolfado un dia,
99 815 597 856 tirando de la tajá,
103 855 576 896 el maestro que me toca
97 894 538 930 en un hombro por detrás,
106 935 442 968 y me dijo, ya caites.
106 974 596 1017 ¿y ahora te escaparás?
106 1013 532 1047 si supiera ir á un presidio
105 1053 492 1087 voy hacer un ejemplar:
103 1094 580 1129 cogió el puchero por un asa
97 1133 494 1168 y tirando un poco atrás
99 1175 544 1208 me lo estrelló en la cabeza
103 1215 591 1251 que aqui tengo la señal
99 1254 490 1288 salí que no ví la puerta
99 1294 496 1331 me principian á gritar,
101 1334 433 1368 unos decian, á ese,
101 1374 535 1410 otros dicen alla vá,
101 1414 534 1449 el que se comió la carne,
95 1455 511 1488 ¿te supo buena, Pascual?
107 1495 602 1528 yo al mismo tiempo me daba
101 1534 595 1575 con los zancajos atrás
103 1575 595 1616 de allí salí acreditado
103 1614 492 1648 para no volver jamás,
103 1653 608 1687 me fuí á otro pueblo que estaba
108 1693 495 1728 cuatro leguas mas allá.
107 1732 514 1767 y á la entrada de la calle
103 1772 451 1804 está una mujer sentá
107 1808 425 1844 y yo le dije señora
109 1852 441 1884 donde ire sin errar
96 1891 519 1924 á una tienda de bárbero
96 1931 532 1966 que haga falta un oficial,
96 1971 549 2006 allí en una casa de esquina
112 2011 533 2056 el maestro Baltasar
108 2051 506 2086 está clamando por uno,
102 2091 450 2125 yo dije, vamos allá,
106 2131 602 2164 llegué diciendo á Dios gracias,
95 2171 597 2204 me contestán á Dios sean dás
102 2211 600 2243 Dios guarde á usted buen maes-
103 2251 448 2285 hace falta un oficial, (tro
100 2291 546 2325 se le acreditará lá tienda,
633 178 1088 213 en viéndome trabajar,
633 216 1072 250 me dijo pase usted alante,
629 257 1119 291 siéntese usted á descansar
636 296 1082 331 cuando llegó un carbonero
627 336 1128 375 que se venia afeitar
631 375 1081 409 cada barba como una lesna
631 416 970 450 acabada de amolar,
630 454 1075 489 y entró y diciendo, maestro
623 493 1075 529 hágalo usted por hondad
632 534 1134 568 de espacharme por lo pronto
628 576 1119 612 que está la burra cargá,
632 614 1078 648 siéntese usted buen amigo
637 657 1003 689 yo lo comencé á bañar
625 695 1072 728 bastantes chispas de agua
631 737 1095 775 salieron por el corral
627 777 1097 814 luego tomé la nabaja
631 817 1121 855 y la comencé á molar
625 856 1088 891 seis veces hizo; tris, tris..
628 897 1122 933 pillolo aquí á mano vuelta
636 935 1060 970 y apretándolo de atras
630 976 1128 1008 como aquel que monda nabos
627 1017 1016 1048 la nabaja echó á roncar,
624 1055 1111 1094 el hombre hacia moines
625 1095 1119 1133 sin dejar de suspirar,
633 1136 1128 1168 yo dije alpronto, este hombre,
632 1176 1127 1214 nada tiene de particular
629 1216 1074 1249 que tenga por que sentir,
623 1257 1064 1288 y que le obligue á llorar
624 1295 1095 1334 por alguno de su familia
629 1337 1118 1371 dejelo maniobrar,
632 1376 1121 1415 y yo con mi violencia
628 1415 1122 1449 demo stré mi abilidá
636 1455 1131 1494 en todo el lao izquierdo
631 1494 1130 1535 le saqué una rebaná
627 1534 1127 1573 desde la oreja á la barba,
625 1574 1119 1610 se le veia la quijá,
625 1614 1133 1652 me agarró por la cintura
631 1654 1127 1695 y me tire hacia atrás
631 1695 1013 1726 liándome en la cabeza
623 1734 1058 1766 luna agua viento de patás
631 1774 1056 1807 grité con todo mi pecho
628 1813 978 1845 acudió la vecindad
625 1853 1007 1886 vino el alcalde primero
632 1885 1122 1925 que fué el que pudo evitar
623 1933 1013 1966 de que no me rematará
627 1973 942 2006 el cirujanó ya está
624 2013 979 2045 con una aguja de ré
624 2051 981 2085 y una tremilla encerá
624 2092 1058 2127 le hizo un culo de pollo,
634 2133 1092 2164 como quien cose un costal
627 2173 1016 2204 y el cirujano pregunta,
627 2212 982 2244 usted se halla capaz
621 2253 1019 2284 de hacer las diligencias
617 2293 1512 2325 por lo que pueda resultaró á al Jállenar la-falfaracha;
1149 173 1626 205 esta herida no es de muerte
1155 209 1459 245 bastante padecerá
1159 252 1665 294 si la carnadura es buena
1149 293 1657 337 en sabiéndolo curar,
1152 333 1638 365 dentro de cincuenta meses.
1155 373 1649 423 ha de poder trabajar
1156 413 1667 458 y yo como puerca sorda
1153 453 1667 500 escuchando en el portal
1149 492 1651 535 sin despedirme de nadie
1153 533 1653 577 me salí por el corral ca
1148 573 1667 616 hice noche en un cortijo
1153 613 1669 656 donde llegué á preguntar
1151 653 1673 697 donde está el aperaor,
1155 693 1653 736 me dijeron allí está:
1151 732 1666 766 Dios guarde á usted aperaor
1153 773 1665 818 me dá usted la peoná
1155 813 1669 857 para trabajar, mañana;
1147 853 1665 895 á un hombre de agilidad?.
1155 893 1666 936 y me dijo si señor, o
1159 933 1657 977 vayase usted á calentar
1156 973 1652 1019 que alli está la gañania;
1147 1013 1667 1056 y allí puede usted cenar
1153 1053 1665 1097 luego que la gente venga
1151 1093 1544 1132 si ponen dificultad,
1158 1134 1666 1167 diga usted que yo lo mando
1151 1174 1669 1216 que nadie le dirá ná....
1154 1214 1667 1256 á la entrar por el cortijo,
1152 1253 1667 1296 se me abalanzó un animal
1151 1294 1669 1339 atado por el pescuezo
1152 1334 1639 1377 que si me llegar á pillar.
1155 1373 1659 1417 hace colacion conmigo,
1156 1413 1662 1456 y yo salté hacia atras...
1156 1452 1643 1496 mas rápido que un bolero,
1151 1493 1655 1535 me dirigi sin errar.
1147 1533 1661 1575 lsentandome á la calor
1161 1573 1544 1607 ya principian á llegar,
1160 1613 1608 1644 con unos palos muy largos,
1152 1654 1649 1696 y en la punta una rejár
1155 1693 1474 1724 diciéndo alabao sea
1147 1732 1593 1764 lel que mata á los gallegos,
1148 1772 1537 1803 ya estamos en la posaa
1148 1813 1474 1844 da la nabaja fulano,
1153 1851 1554 1884 mira que voy á grasnar,
1156 1890 1548 1922 el últimb que allientró
1156 1931 1576 1964 que fué el que vino detrás
1145 1970 1534 2003 con una clfibata larga,
1155 2012 1544 2045 dijo; yamos á denar
1159 2051 1547 2084 preparar ese gatuperio
1147 2092 1630 2134 princiniamá mmenaar ¡4.:
1148 2131 1580 2163 y una musica entonaron
1149 2171 1656 2203 como una cajaasfeapla;2::)
1148 2211 1478 2243 luego dicen arreor,
1143 2251 1552 2282 larrimese usted á cenar,
