1752 2480
195 160 215 192 4
103 195 521 227 y yo principié á tragar,
105 238 469 271 acabando el cuchareo
107 273 579 311 estando cómiendo pan
103 312 611 350 dijo uno vale miche:
105 358 539 391 y el otro aprieta de atras
107 393 590 432 y retorciendo el hocico
113 435 466 469 con la cabeza incliná
112 477 516 508 levantó el cuarto trasero
112 511 606 549 y dió guita al temporal
108 555 602 591 como el principio de un trueno,
113 596 554 630 dos veces hizo, tras, tras,
103 636 475 668 uno dijo para el méico
107 667 602 709 otro para el cacristan
111 717 572 749 para el que mas á gusto viva
104 755 430 789 en esta vida mortal
103 790 600 828 dejále al amo una astilla
106 835 436 870 la que no le faltará,
105 869 591 908 vamos goliendo de golpe
107 909 587 949 que voy preparando ya
106 948 598 988 para soltar otro cuesco
107 996 547 1029 que á mí modo de pensar
101 1036 516 1069 como no me falte tela
107 1069 592 1108 un ciento voy á largar
97 1116 557 1148 desde esta tarde me duele
108 1147 515 1188 la barriga y un hijar:
100 1189 599 1228 estaba allí un esgreñao
106 1230 600 1268 de este pueblo naturalí
102 1271 602 1308 aquel dijo tóo preso
103 1311 605 1348 aclama su libertad
99 1349 597 1390 y levantando la penca
108 1389 600 1428 recesandose patras
104 1432 574 1469 se puso jorobarto
95 1470 605 1508 y fué la bentosa tal
105 1515 569 1548 que se atolondró el cortíjo;
103 1554 574 1589 uno respondió, echa y bebe
96 1594 549 1630 hijo de la que salta y topa,
95 1636 531 1670 y dame aqui con la bota
102 1677 609 1710 por lo que me sucediere;
636 195 1075 227 otro respondió atar corto
631 242 1030 275 y afianzar ese camueso
634 279 1020 318 len ese tono te crujan,
635 320 1121 355 las cuerdas de tu pescuezo
638 359 1016 393 otro dijo buenas voces
627 395 1113 434 lá sacado esa guitarra;
629 433 1113 473 lotro suelte como ese
636 474 1123 515 donde canta la chicharra
635 518 1103 554 otro respondió que truene,
634 559 1126 594 que este es un puerto seguro
639 597 1076 633 voy á ehar una pipá ...
640 638 1134 675 que me llegue el jumo al culo,
631 678 964 715 ellos todos se reian
636 720 1052 756 y á mi todos me miraban,
634 761 1010 795 y yo oir, ver y callar,
638 796 1124 834 y con nadie aconsejaba
636 841 1036 876 en fin pasé alli la noche,
627 881 1130 914 y antes que rompiera el alba
633 921 1117 954 con algo mas de dos horas
631 956 1103 994 nos fuimos á la besana
635 1001 1040 1035 me reataron dos bueyes
623 1039 1098 1073 lno sé como se llaniaban
631 1078 1077 1113 principiaron á dar voces
633 1119 1132 1153 antes que el sol calentara
627 1160 1011 1195 y nos fuimos almozar,
629 1199 1035 1232 yo creí que se estilaba:
632 1239 1054 1276 estar comiendo y peendo,
627 1279 1015 1314 y á mí me vino la gana
627 1319 1065 1352 y me desataqué de atrás
625 1358 1127 1394 me entraron cuatro á la carga
631 1400 1086 1434 de allí no pude escaparme
626 1439 1010 1472 valerme santa Suseña,
619 1478 1121 1514 ldos me agarran por las manos
626 1519 1088 1556 dos por las patas de atras,
619 1559 1060 1592 lsobre el cubo de una reja
624 1598 1007 1632 Jesus que balbaridad;
628 1639 1044 1673 me dieron siete baivienes,
620 1679 1033 1710 lesto no es imponderar:
1147 206 1571 241 lsi mi culo quedó entero
1159 248 1516 282 fué por lascasualidad
1151 287 1583 324 lme salí de aquella gente
1154 325 1614 366 con nuevo modo de andar,
1157 366 1553 399 esto me ha pasado á mi
1151 406 1587 441 mas me queda que pasar,
1151 442 1668 479 ahora trato de casarme
1160 484 1664 517 con una moza juncalá.
1147 525 1615 561 lquieren Vds. ver á mi novia?
1159 566 1551 600 esa que esta ahí sentá
1148 605 1614 644 lse lo he dicho y está loca,
1156 646 1462 680 loca, loquita total,
1149 680 1666 719 lestá loca materialmente,
1156 726 1538 759 loca, que la van á atar.
1153 766 1578 801 Yo la miraré en mi casa
1152 805 1584 838 lcomo espejo dé cristal
1158 845 1618 882 haré cuanto ella me mande,
1155 885 1583 918 ¿con perfecta voluntad;
1148 919 1667 957 lsolamente en una cosa
1151 957 1644 998 me tiene de perdonar
1157 1005 1658 1040 que aunque yo pase trabajos,
1152 1045 1572 1079 no, voy á un cortijo mas.
1156 1079 1659 1116 Si llego; á ir otra vez
1151 1125 1537 1158 me acaban de rematar:
1158 1165 1654 1200 cada vez que yo me acuerdo,
1151 1205 1665 1239 cuando me tiento aqui atrás.
1150 1240 1663 1277 del coraje que me entra
1158 1277 1667 1317 yo no sé lo que me dá,
1148 1321 1661 1355 Pascualito el desgraciao
1148 1358 1667 1396 me tengo yo é llamar;
1147 1398 1665 1436 como fué mi nacimiento
1148 1440 1661 1475 asi será mi final;
1151 1483 1662 1516 Y ahora os pido perdon.
1148 1523 1668 1560 si es que no está bien versaa,
1146 1560 1660 1594 aqui concluyó la historia
1147 1605 1654 1636 que le he compuesto á Pascual.
727 1778 1029 1796 FIN.
208 1898 1656 1944 Esta composicion es propiedad de Antonio
95 1970 1655 2020 Sanchez, Roldan, natural del Viso del Alcor, pro-
101 2041 1647 2086 vincia de Sevilla, trabajador del campo sin saber
96 2111 616 2151 leer ni escribir..
666 2116 1653 2156 El que me lea me dispensará
95 2184 542 2218 las faltas.
239 2309 1652 2351 REIMPRESO EN CARMONA. Imprenta de D. José M.a Moreno,
