1737 2508
127 279 622 358 bajan? dad acá mis armas,
133 328 719 394 Juana Gutierrez, ¿qué aguardo?
138 383 543 449 hacia una mona alegre,
135 428 548 485 era donaire escucharlo:
137 478 637 540 veia de un candil diez luces,
136 526 576 589 de una teja diez tejados.
137 580 548 637 Levantóse de la mesa,
144 624 655 688 tomó una vara en las manos,
147 669 512 739 y se puso de manera
146 716 604 770 como esgrimidor taimado.
140 765 620 821 Daba leccion á su sombra
146 817 534 875 diciendo tira ese tajo,
147 858 630 923 saca afuera el pie derecho,
150 906 573 968 entra de revés tirando:
142 957 534 1025 estocada uñas arriba,
155 1006 518 1067 revuelve uñas abajo,
146 1054 579 1119 cuchillada de mandoble,
154 1093 761 1154 mete el pie izquierdo de un salto:
150 1150 616 1208 entra con furia, revuelve,
147 1192 619 1257 buena dale á tu contrario,
157 1242 638 1307 hiere el pecho descubierto,
158 1293 670 1356 asienta, y venga ese cuarto,
156 1338 614 1408 Cansado ya de esgrimir
162 1391 692 1451 dió con su cuerpo un porrazo,
158 1437 598 1499 y con él vido mas luces,
156 1482 674 1547 que el dia de Todos Santos.
164 1532 489 1594 Acabado de caer,
166 1582 568 1641 las mujeres le raparon
163 1625 586 1691 las barbas y los bigotes
169 1677 627 1739 y en la cabeza un pedazo.
163 1722 585 1784 Una corona le abrieron
163 1768 635 1837 como fraile de san Pablo,
164 1819 646 1876 y hecho tenia al momento
172 1860 709 1926 de la misma órden un hábito.
180 1913 566 1980 Vistiéronlo, y parecia
173 1959 578 2025 un reverendo frailazo.
180 2008 670 2063 Y entre las dos le subieron
181 2052 634 2125 en el uno de sus machos.
181 2110 648 2174 Dieron con él extramuros
186 2154 716 2221 junto el gran Lázaro el santo,
186 2199 533 2266 y dejándole sujeto
180 2250 665 2322 á las escarchas del campo,
838 265 1297 330 das mujeres muy risueñas
845 326 1286 385 volvieron y se acostaron,
843 368 1284 425 y él triste, la fria noche
852 419 1257 481 la sentia tanto cuanto.
855 459 1267 523 Cerca de la madrugada,
854 510 1284 565 con el fresco demasiado,
859 560 1287 622 el vino perdió la fuerza,
859 605 1411 670 porque son grandes contrarios.
860 654 1331 711 El buen fraile poco á poco
864 700 1339 759 las barbas se iba tentando,
865 745 1340 812 diciendo: ¡ Válgame Dios !
859 786 1490 863 ¿qué es esto, no soy Juan Prados?
864 842 1327 906 ¿cómo no tengo bigotes?
866 887 1465 955 ¿quién las barbas me ha rapado?
857 941 1317 1004 ¿ pues no soy arriero yo?
861 996 1389 1051 no lo soy, pues que me hallo
864 1041 1337 1095 con estos hábitos puestos.
868 1078 1398 1147 Dios ha hecho algun milagro,
865 1137 1336 1197 y sin duda que me quiere
873 1188 1308 1244 para convertir paganos;
875 1231 1218 1291 pero si no sé latin
871 1270 1319 1334 ni leer en los breviarios,
876 1317 1328 1384 ¿qué tengo de convertir?
878 1367 1470 1430 Dios me ayudará á qué aguardo ?
877 1423 1311 1478 Levantóse muy confuso
887 1466 1346 1536 ya que el dia estaba claro,
883 1518 1408 1578 y viendo que á mucha priesa
882 1561 1295 1620 venia un fraile descalzo,
879 1607 1374 1678 llegóse al descalzo, y dijo:
881 1649 1430 1724 Deo gratias, Padre, y turbado
888 1699 1344 1777 le preguntó ¿qué queria?
889 1751 1355 1810 Dijo : saber dónde vamos.
889 1799 1382 1862 Díjole el descalzo entonces:
892 1846 1325 1915 para Simancas me parta
885 1895 1282 1960 á decir Misa mañana,
898 1942 1374 2013 por ser dia de san Márcos,
890 1992 1302 2060 y me holgaria infinito,
898 2037 1410 2104 si es predicador, que ambos
895 2085 1276 2149 hiciéramos el Oficio:
895 2129 1413 2187 Juan Prados dijo: sí, vamos.
893 2180 1421 2234 Fuéronse ambos á Simancas,
902 2230 1262 2301 y el cura regecijado
