1765 2512
194 291 575 349 al nuevo Predicador
192 351 658 412 le recibe entre los brazos.
193 395 583 457 Diéronle una librería
187 443 698 506 en que estudiase algun rato.:
195 494 659 553 tocaron luego al sermon,
193 542 693 595 la campana hacian pedazos.
199 586 713 644 Juan Prados abrió los libros
192 632 658 691 y todos los fué hojeando,
203 681 691 738 dándole al diablo las letras,
194 729 661 791 cura, fraile y convidados.
195 776 722 841 Cenó, y sin mirar mas libros
195 823 597 886 se acostó desesperado
207 874 591 930 en una cama curiosa,
206 920 647 986 hecha con grande regalo.
199 965 725 1027 Durmió como un descosido,
205 1016 734 1078 vestido y puestos los hábitos,
207 1073 707 1129 que es ordinario en arrieros
196 1115 599 1176 acostarse con zapatos.
195 1158 629 1226 Despertóle la campana,
197 1208 689 1272 que daba grandes golpazos,
196 1256 645 1317 clamoreando el sermon:
194 1301 649 1369 dijo la misa el descalzo;
199 1352 637 1416 pero tomando el arriero
196 1397 645 1457 un Breviario en la mano
194 1450 679 1512 dejando burlado al pueblo
196 1497 686 1564 se salió de él paso á paso.
186 1539 599 1608 Acabado el Evangelio,
187 1583 665 1654 la gente estaba esperando
190 1638 645 1708 y el buen padre los dejó
183 1685 685 1739 sin sermon y sin Breviario.
179 1737 659 1797 Sintiéronlo mucho todos,
185 1785 590 1844 y la burla celebraron:
180 1829 751 1897 Juan Prados, siendo ya noche,
184 1880 723 1940 en Valladolid se ha entrado.
175 1920 639 1996 Fuése derecho á su casa,
172 1976 645 2038 y poco á poco llamando,
173 2022 673 2084 se asomó Juana Gutierrez,
176 2071 700 2139 y dijo : á quién ha llamado?
183 2118 709 2185 ¿quién está ahí ? Respondió:
181 2169 679 2235 abre, mujer que yo llamo.
177 2212 775 2290 ¿ Fraile en mi casa ? Deo gratias:
183 2268 618 2334 váyase el padre bigardo,
913 296 1384 363 que si flamo á mi marido
918 350 1373 415 haré le dé muchos palos.
911 398 1461 462 Mujer, que Juan Prados soy,
912 449 1465 499 abridme que soy Juan Prados.
930 496 1417 564 tespondió Juana Gutierrez:
915 542 1393 608 mnire no le tire un canto,
915 589 1331 654 que le suma la capilla
916 640 1408 697 juntamente con los cascos.
915 684 1350 751 Dijo el marido: señora,
911 734 1491 797 juro á Dios que no os engaño;
914 781 1461 848 Juan Prados soy, y por señas
918 831 1411 894 tengo un lunar en el brazo.
905 874 1333 937 No pudo sufrir la risa,
912 929 1406 994 viendo cuento tan gallardo,
908 976 1391 1036 y luego le abrió la puerta
912 1019 1409 1084 y entro padre fray Fulano.
911 1068 1255 1134 Todavía pensativo
912 1115 1431 1179 se entró, sentóse y cenaron,
915 1168 1339 1227 y por postre de la cena
913 1214 1319 1277 el suceso le contaron;
914 1261 1322 1321 diciéndole que mirase
906 1308 1388 1373 si son las mujeres diablos,
910 1360 1375 1425 para santiaguarse de ellas
910 1407 1339 1472 cuando subia á caballo,
906 1455 1424 1517 y que huyese de sus mañas,
914 1503 1357 1565 que no se alabase tanto,
912 1549 1360 1612 que si quiere una mujer
909 1596 1365 1653 hará de un diablo cuatro.
909 1647 1315 1709 Santiguóse el arriero,
919 1693 1373 1759 quedó confuso y turbado,
906 1742 1418 1791 haciendo en ella mas cruces
914 1796 1436 1855 que hay en el Monte santo.
906 1838 1381 1898 Estúvose dentro en casa,
911 1885 1427 1948 mientras las barbas brotaron
918 1934 1387 2001 quince dias, en los cuales
919 1985 1397 2049 sucedió un cuento galano,
914 2031 1381 2093 que verá el lector curioso
912 2088 1339 2139 en otro Romance raro,
908 2126 1362 2185 donde con ardid notable
908 2173 1414 2245 se satisfizo el buen Prados,
914 2222 1331 2287 de la burla tan pesada
908 2270 1460 2341 que su mujer le ha ordenado.
