1765 2512
142 329 642 421 que en el cuerno de la luna
125 387 675 464 y me quieren poner mis hados.
135 442 601 511 Sin duda que á mi mujer
139 493 640 565 le parecen bien los hábitos:
140 542 590 606 carnero me quiere hacer,
149 590 581 656 mas yo seré toro bravo.
144 639 506 703 La mujer le repetia
145 687 614 743 mil donaires , hasta tanto
148 723 632 794 que le persuadió al marido
153 776 622 847 traiga al padre convidado.
149 823 635 902 Dijo Juan Prados: mujer,
161 867 658 949 yo tengo muchos cuidados,
165 920 580 995 quédese para otro dia,
159 964 723 1033 que quiero ir mañana al campo.
163 1014 623 1083 Prevenid aquesta alforja;
164 1062 608 1126 ella ordenó todo el hato
169 1116 575 1187 muy solícita y apriesa,
166 1156 711 1224 que el amor la iba apretando.
172 1208 667 1281 Salió Juan Prados de casa,
176 1254 625 1331 y apartó luego al criado,
176 1302 645 1379 y díjole :tú has de hacer
176 1353 628 1413 un hecho como Romano.
167 1396 646 1467 En Valladolid me quedo,
176 1451 596 1520 y te daré diez ducados
181 1489 637 1566 si me guardas el secreto,
184 1541 643 1614 y haces como fiel criado.
184 1590 590 1648 Tú me tienes de decir
193 1640 596 1708 todos aquellos recados
196 1679 662 1762 que mi mujer te mandare
195 1738 654 1800 en el castillo te aguardo.
200 1786 548 1849 El criado prometió
201 1842 649 1894 hacerlo con gran recato:
209 1879 697 1953 despidióse de él, y el mozo
209 1922 705 1993 vino ácasa, y en entrando,
206 1974 658 2044 le dijo Juana Gutierrez:
206 2025 608 2099 amigo, corre volando,
208 2071 659 2140 y dale aquestos pañuelos
215 2122 596 2186 al predicador fulano:
215 2165 669 2235 dirásle luego en saliendo
225 2220 675 2290 que yo le beso la mano,
225 2262 688 2336 y que para cierto intento
221 2309 738 2380 dentro enmi casa le aguardo,
843 310 1401 381 Salió el mozo con gran priesa,
848 360 1287 431 fuese derecho á su amo,
853 413 1257 482 contándole de su ama
860 461 1298 531 el presente y el recado.
853 502 1317 579 Tomóle el marido y dijo:
858 554 1424 616 vuelve y dila que en el claustro
857 593 1388 671 le hallaste, y que respondió
869 652 1368 724 que estaba confuso en algo,
861 706 1252 773 por no poderla servir
872 749 1279 811 como merece su trato,
865 791 1380 868 y que el prior no consiente
870 842 1377 921 que á tales horas salgamos;
879 892 1311 963 pero que mañana voy,
868 934 1370 1011 aunque me siento cansado,
877 983 1328 1062 y predico en Gavaldon,
881 1023 1461 1109 que es junto á Lázaro el Santo:
881 1080 1445 1154 que lleve con que almorcemos,
889 1123 1399 1206 porque estaremos cansados,
890 1174 1383 1251 y que sea entre dos luces:
889 1217 1509 1296 vete y haz como hombre honrado.
889 1284 1297 1340 Era el mozo socarron,
895 1322 1335 1399 y dando parte del caso,
905 1371 1283 1430 á su ama, comenzó
893 1422 1300 1487 á prevenir el canasto.
905 1464 1354 1535 Mató una gorda gallina,
900 1517 1341 1578 hizo rellenar un ganso,
909 1556 1359 1626 lavóse bien por la noche,
919 1610 1302 1673 vistióse toda de raso.
910 1652 1371 1723 Juan Prados se aderezó,
915 1702 1384 1777 púsose su hábito blanco,
920 1760 1354 1822 y llevóse en una manga
921 1807 1407 1864 un garrote de tres palmos.
931 1847 1456 1919 Fué el primero á la estacada
933 1893 1413 1970 aguardando á su contrario,
925 1947 1369 2016 la cual llegó muy alegre
933 1998 1324 2058 al cabo de poco rato.
940 2040 1407 2104 Viendo al fraile, se llegó
936 2091 1364 2151 haciéndole mil halagos,
938 2136 1394 2207 á quien el marido astuto
937 2184 1409 2246 recibió con muchos palos.
944 2231 1341 2300 Meneóla las costillas,
944 2286 1393 2359 diciendo con ecos raros;
