1737 2508
288 267 916 306 que soy Francisquillo el Sastre
289 315 754 352 el terror del Universo.
290 364 772 399 Se miran unos á otros
288 411 763 449 apenas aquesto oyeron,
289 459 797 497 de risa estan reventando
289 509 736 546 y yo de corage lleno.
294 557 810 597 Saco al punto mis tijeras,
287 606 790 642 á cortal retal comíenzo,
288 652 868 695 de brazos, pechos y piernas,
286 700 824 742 sin olvidar los pescuezos;
292 748 778 788 treinta y ocho dejé allí
287 797 804 838 arrastrando por el suelo,
289 846 797 885 y yo me puse en la calle
288 893 962 936 mas fresco que el mes de Enero.
286 941 820 983 Me fuí á una fonda, y allí
288 991 806 1036 lo que pedí me sirvieron,
285 1040 663 1076 y con un abonaré
286 1088 760 1128 pagué todo por entero.
290 1135 768 1175 Marché para Andalucía,
285 1184 799 1224 y al pasar Despeñaperros
289 1232 838 1275 diez ladrones me asaltaron
289 1281 790 1322 pero yo siempre sereno.
290 1328 826 1371 Les pregunté que querian:
280 1376 795 1417 me respondieron dinero;
288 1427 876 1471 les dije no tengo un cuarto,
287 1474 823 1515 lo que yo tengo es acero:
275 1524 661 1562 y lo que desearia
277 1572 822 1613 el ser compañero vuestro,
280 1618 811 1661 para que sepais quien soy
288 1666 792 1708 y la destreza que tengo.
284 1714 860 1755 Me admitieron muy gustosos
284 1762 852 1804 y á una venta no muy lejos
284 1810 730 1850 fuimos todos á comer
284 1859 770 1902 y nos regaló el ventero;
276 1906 718 1948 allí pasamos la tarde,
278 1956 850 1999 y ya que el sol era puesto,
278 2003 733 2042 me dan una carabina
287 2053 844 2093 y cartuchos mas de ciento.
281 2098 846 2141 Como una legua anduvimos
282 2146 838 2190 cruzando montes y cerros,
286 2194 886 2239 hasta que á un sitio llegamos
290 2244 734 2283 que parece contadero,
285 2291 796 2336 toda la noche estuvimos
1024 273 1587 313 guardando el mayor silencio
1023 321 1521 361 por ver si alguno pasaba
1016 369 1474 408 para despojarlo luego.
1023 416 1617 459 Fue nuestra suerte contraria,
1019 465 1698 510 pues no vimos ni á un mochuelo,
1020 514 1514 553 que son aves de rapiña
1015 560 1573 605 como son mis compeñeros.
1021 609 1497 650 Siendo ya de dia claro
1019 659 1505 699 abandonamos el puesto,
1019 705 1547 748 y todos juntos marchamos
1018 753 1564 799 á un cortijo no muy lejos;
1015 803 1580 848 allí almorzamos en grande
1019 852 1497 895 sin costarros el dinero,
1017 898 1571 945 y despues fuimos al monte
1020 948 1535 991 a darle tributo al sueño;
1013 997 1598 1041 los diez á dormir se echaron
1016 1045 1561 1090 bien calientes de cerebro,
1015 1094 1556 1135 y yo siempre con mi afan
1016 1140 1526 1185 de alimentar á mi acero.
1012 1190 1512 1232 Apenas los ví dormidos
1016 1238 1594 1287 bufando como unos puercos,
1015 1287 1451 1327 saco mis finas tigeras
1022 1339 1607 1381 y principio á cortar cuellos.
1009 1384 1501 1427 A los diez dejé difuntos
1006 1434 1536 1479 y á registralos comienzo,
1018 1482 1512 1524 y entre todos solo hallé
1014 1528 1582 1577 cerca de ochocientos pesos.
1013 1575 1523 1621 Viéndome con esta suma,
1001 1626 1590 1675 sin detenerme un momento,
1009 1674 1431 1715 para Málaga marché
1008 1722 1507 1767 á donde llegué contento.
1001 1770 1473 1813 Paseándome una tarde
1004 1819 1505 1862 solo por tomar el fresco
1000 1867 1494 1912 conocí que se burlaban
1006 1916 1522 1962 de mí, cuatro pintureros,
1000 1964 1589 2012 me arrimé á ellos y les dije:
1000 2012 1458 2058 señores soy forastero,
1008 2061 1563 2109 Sastre soy de todas partes,
1019 2109 1496 2154 y así tener miramiento.
1011 2158 1471 2202 Apenas oyeron sastre;
1017 2206 1564 2253 ¡mira que empeño! dijeron,
1015 2256 1588 2299 entre tres hacen un hombre
1016 2307 1536 2350 y aun estira su pescueso,
