1765 2512
211 292 596 328 Apenas aquesto oí
212 339 724 378 meto mano en mi acero,
208 388 750 425 no hice mas que ras, ras,
209 437 757 473 y deje los cuatro muertos.
207 483 697 521 Como era el anochecer
209 533 795 570 y mis pies que son el viento
207 580 742 617 en un pestañear me puse
201 628 764 666 de la ciudad bien adentro.
208 677 764 716 Entré en una gran posada,
203 727 731 765 pedí cena y me sirvieron,
199 776 791 816 y en cama de tres colchones
203 825 765 862 pasé la noche en un sueño.
203 873 646 909 A otro dia de mañana
208 921 822 960 entrè en casa de un prendero,
203 972 731 1008 y compré todo un vestido
200 1020 672 1054 á estilo de Malagueño.
203 1066 700 1103 De Málaga pasé á Ceuta
199 1115 686 1150 á ver unos compañeros
219 1163 803 1200 que por sus buenos servicios
206 1213 788 1249 allí se hallaban de asiento;
204 1260 760 1296 estuve unas tres semanas
207 1308 742 1345 sin tener ningun tropiezo
206 1358 768 1400 y por no matar cristianos
202 1407 779 1441 mo pasé á los moros luego.
208 1455 848 1491 En Tanger una noche á quince
205 1503 690 1540 les agujereé el pellejo,
208 1551 748 1588 tanto que por cada herida
207 1601 651 1636 podia pasar un perro.
209 1648 784 1685 Desde Tanger pasé á Argel
207 1698 765 1734 y me estuve mes y medio
207 1746 728 1781 mandando todos los dias
216 1793 796 1829 cuarenta y cinco al infierno.
209 1842 796 1877 Me marché á Constantinopla
211 1890 720 1926 capital de siete imperios,
219 1939 797 1975 donde está aquel gran señor
208 1987 800 2022 rey de sesenta y tres reinos:
214 2035 694 2071 aquí seis meses estuve,
219 2085 777 2122 en los cuales habré muerto
943 287 1412 325 pasados de veinte mil;
936 337 1592 374 no hablo mas porque no quiero;
940 384 1411 420 y nadie me contradiga
940 432 1550 471 si conservar quiere el cuerpo,
940 481 1422 517 que mis entrañas estan
938 530 1488 566 peor que un rabioso perro;
936 578 1496 614 que en sacando mis tijeras,
937 626 1597 666 que son dos armas á un ti smpo,
935 674 1471 711 pincho, corto y entresaco
932 722 1446 759 las entretelas del pecho;
938 771 1434 807 ¡cuántos en la sepultura
935 819 1433 854 estan solo por el miedo
938 867 1456 903 de verlas ensangrentadas
933 916 1400 951 rebozadas de pellejos!
934 964 1460 1002 Esto os lo dice un sastre;
936 1012 1426 1050 poquito pico y silencio,
941 1061 1569 1099 que el que no lo quiero creer
936 1109 1484 1148 se lo hará creer mi acero;
933 1159 1445 1199 y así por ahí me vereis
934 1208 1336 1243 en el año venidero
939 1255 1487 1292 que entre los musulmanes
934 1305 1478 1342 pienso de pasar contento;
931 1351 1473 1392 y así nadie de los sastres
940 1401 1480 1436 se chulée en este tiempo,
935 1449 1533 1485 que tambien los sastres son
942 1499 1488 1534 de hueso, carne y pellejo,
937 1547 1424 1583 y os digo á mas y mas,
943 1594 1469 1631 que tiene en sus adentros
946 1643 1442 1679 corazon, higado y bazo,
935 1692 1447 1735 y su cuajo muy repleto.
941 1742 1482 1776 Aquí dan fin mis batallas,
944 1787 1488 1824 mis arrojos y mis hechos,
943 1835 1407 1873 comer, beber y dormir
943 1885 1527 1922 es lo que desea el cuerpo;
947 1931 1622 1972 que al que se muere lo entierran
945 1981 1492 2020 como sucedio al tio Prieto,
946 2028 1531 2069 que nadie se acuerda de él
935 2078 1505 2117 ni yo tampoco me acuerdo.
767 2177 1076 2225 FIN.
711 2276 1114 2316 CARMONA:—1858.
218 2322 1619 2375 Imprenta de D. José Maria Moreno. calle Juan de la Cabra núm. 4.
