1737 2508
211 169 693 205 Antes que á tomar vuelva
165 215 541 250 tus ayudas y jaropas
175 260 610 293 permita Jesus que vaya
163 303 600 338 a las minas del azogue.
209 347 616 381 A Dios famosa Galera
170 390 626 424 en donde alli se recogen
171 436 620 468 todo género de chuscas,
164 478 623 512 de cigarro y de rejones.
212 524 670 559 A Dios ilustres tabernas,
163 567 591 599 á Dios ricos bodegones
169 611 674 646 donde todo cuesta un ojo,
175 656 684 689 y el que no suda no come.
947 167 1356 203 A Dios señoras usias,
901 211 1334 246 las de rizo y papillote,
908 255 1453 290 con mucha harina en el pelo;
902 299 1357 331 pero sin camisa el cofre.
944 342 1440 377 A Dios, á Dios camaradas,
901 384 1405 420 á Dios compañeros nobles,
904 430 1330 464 Dios os dé tanta sulud
908 476 1459 508 como á Gil que de Dios goce.
952 520 1390 552 Al decir estas palabras,
907 564 1372 597 alzando el jarro de golpe
906 606 1345 641 se fué por abajo y dijo:
907 651 1439 685 muy buen provecho señores.
576 766 1170 805 SEGUNDA PARTE.
176 821 1587 858 CARTA QUE ENVIÓ DESDE ORAN A ESTA CORTE PANO PARDO A
321 868 1439 903 su amigo Perico Pata Gorda, amonestándole que no se case.
213 959 594 998 Generoso Periquiño,
175 1004 594 1043 el de la evilla dorada,
171 1049 533 1085 con el capote raido
175 1091 555 1130 y la montera calada.
208 1138 640 1174 Amigo el mas cicatero
169 1181 672 1219 de cuantos juegan la taba,
183 1224 650 1262 querido de las doncellas,
188 1268 722 1305 (si es que las hay en España.)
221 1312 754 1349 Me alegraré que estes bueno,
172 1355 580 1394 hijo mio de mí alma,
171 1399 576 1438 en compañia de toda
172 1445 590 1482 la gatuna retaguardia.
223 1489 624 1528 Yo, bendito sea Dios,
180 1532 569 1568 en esta tierra lozana
179 1577 734 1612 me mantengo fresco, y ruede
183 1620 634 1659 que lo demas es bobada.
219 1664 762 1701 Ya he sabido que en la Córte
171 1711 634 1746 grande revolucion anda,
183 1753 700 1789 y que han declarado guerra
179 1797 647 1833 á todas las maturrangas.
223 1842 674 1878 Ellas se tienen la culpa,
176 1886 702 1923 pues tanto que decir daban,
175 1929 568 1965 estuviéranse rezando
182 1971 652 2011 que nadie las inquietara.
221 2017 702 2056 Ello cosas son del mundo,
183 2060 608 2097 todo, Perico, se acaba;
171 2104 746 2146 ayer fuimos, y hoy no somos,
180 2150 648 2188 hay hijo! parece chanza.
940 959 1349 991 He sabido este correo
905 1004 1355 1036 que con Felipa te casas:
907 1049 1461 1081 hombre, ¿estás endemoniado?
906 1091 1346 1125 ¿tienes ojos en la cara?
951 1135 1551 1172 ¿No vés los tiempos que corren?
899 1181 1467 1219 ¿no vés el pan que caro anda?
903 1226 1365 1262 ¿no vés que cada peseta
912 1270 1368 1303 cuesta un ojo de la cara?
947 1313 1437 1346 Si lo haces porque Felipa
905 1357 1494 1390 te mantenga, aqueso es maula,
908 1402 1440 1434 que hay coroza y hay azotes,
911 1446 1336 1478 mira Perico no caigas.
944 1491 1482 1522 Mas para que abras los ojos,
910 1530 1380 1569 y sepas donde te encajas,
913 1579 1349 1610 escucha en esta cartilla
904 1622 1378 1654 lo que los casados pasan.
951 1665 1445 1698 Casase un hombre de bien
914 1710 1472 1743 que ocho ó nueve reales gana,
912 1754 1298 1786 si trabaja, que sino
913 1799 1457 1832 por Dios que no coge blanca.
955 1843 1353 1875 Lo primero, necesita
907 1887 1402 1920 empeñarse hasta las calzas
910 1933 1328 1965 para vestir á la novia,
913 1973 1306 2008 y para poner la casa.
952 2018 1354 2051 Despues en la Vicaría
909 2064 1390 2097 pagar las licencias santas,
914 2107 1422 2140 que algunos por descasarse
903 2153 1327 2186 las pagarían dobladas.
