1752 2480
260 197 674 229 En el dia de la boda,
217 240 725 274 todo cuanto tienen gastan,
218 282 734 318 en la merienda y las cenas,
219 327 603 363 en violines y flautas.
258 370 699 408 Aquellos dias primeros
218 416 712 451 le sabe muy bien la cama,
215 460 668 494 se levanta al medio dia,
213 502 596 540 se pasea y se regala.
260 547 786 583 Acábanse en fin los cuartos,
230 592 702 626 vá á trabajar, si lo halla,
226 636 699 671 dá á su muger el dinero,
224 681 744 717 y ella en rosquillas lo gasta.
259 725 693 760 Pide luego para carne,
231 768 713 804 y él dice: esposa del alma,
219 812 711 851 ¿no te dí ayer dos pesetas?
229 856 761 893 vamos eon tiento, hermana.
268 899 810 939 Buen dinero es dos pesetas,,
215 945 728 980 miren que cuatro de plata:
223 990 694 1023 para vizcochos no tengo
228 1033 674 1065 si me levanto con gana.
270 1076 787 1112 Muger, vamos poco á poco,
223 1119 665 1155 ó andará la zurribanda:
219 1164 744 1205 ¿qué zurribanda, borracho?
217 1210 717 1250 ¿conmigo esas palabradas?
263 1253 694 1287 Bien me lo decia á mí
223 1295 733 1332 mi comadre que Dios haya
231 1340 717 1377 que eres un picaro chulo,
223 1385 701 1421 sin vergüenza y sin alma.
270 1428 762 1464 A bien que no soy tan fea,
230 1475 783 1510 que en saliendo yo á la plaza
227 1518 693 1553 no faltará quien me diga
223 1562 841 1600 por hay te se pudra, muchacha.
268 1605 679 1642 Ha picara, vil nacida,
229 1649 690 1688 ¿hacerme carnero tratas?
230 1692 701 1730 Sí, grandísimo borracho.
221 1738 689 1775 Ahora lo verás, aguarda.
269 1781 756 1818 Saca el marido un garrote
225 1826 565 1864 y la cabeza la raja
225 1870 711 1910 y luego el pobre cornudo
236 1914 736 1951 que pagar tiene el curarla.
273 1957 724 1993 Otras á los cuatro meses
229 2004 643 2042 para no trabajar nada,
955 188 1393 224 les dicen á los maridos
961 233 1453 269 ¡ay hijo, yo estoy preñada!
1006 278 1562 312 ¡Jesus hija! ¿qué me cuentas?
952 322 1415 356 Si, bien mio de mi alma
948 366 1515 400 se me ha antojado un vesugo,
950 410 1400 445 anda por él à la plaza.
995 453 1563 490 Mira que no tengo un cuarto,
955 497 1391 536 y que camisa me falta.
957 542 1616 580 ¿Qué importa que andes en cueros?
950 585 1462 620 haz lo que te digo, marcha.
1003 630 1453 665 Llegose el dia del parto,
960 675 1466 710 son las diez de la mañana,
955 718 1475 758 y empiesa á decir; hay hijo
964 763 1498 799 que los dolores me asaltan,
1002 806 1482 842 Anda vé por la comadre,
954 852 1376 886 llama á la tia Tomasa,
955 896 1449 931 enciende lumbre volando,
954 939 1409 976 no seas necio, despacha.
1003 983 1455 1018 Aquí el pobre majadero,
955 1027 1396 1061 como un azogado anda,
959 1072 1451 1107 desde el patio á la cocina,
958 1116 1412 1151 desde la alcoba á la sala.
1007 1161 1457 1195 Ea, que ya nace el niño,
951 1206 1355 1241 maldita sea su casta,
956 1248 1389 1284 es parecido á su padre
960 1292 1479 1328 como el huevo á la castaña,
991 1335 1443 1372 Luego se sigue el Batéo
953 1380 1538 1416 y el baile en accion de gracias,
955 1423 1429 1462 y en músicas y danzantes
958 1470 1389 1506 un mayorazgo se gasta.
1007 1512 1451 1547 Otras si van por carnero
952 1556 1431 1594 á sus maridos los clavan:
964 1600 1486 1637 otras sisan lo que pueden,
964 1644 1430 1682 otras ni cosen ni laban.
1012 1689 1483 1726 Otras se van á fandangos,
959 1732 1504 1771 otras siempre á la ventana;
963 1776 1487 1815 mal fuego de Dios en todas,
958 1821 1499 1860 que las quemen las entrañas.
998 1866 1355 1902 Amigo Perico mio,
956 1910 1543 1948 mira que yo te habló al alma,
958 1957 1419 1992 toma mi consejo y huye,
962 2001 1445 2036 que te pierdes si te casas.
801 2073 1102 2138 FIN.
230 2153 1647 2221 CARMONA:—1861. Imp. de D. J. M. Moreno, calle de Madre de Dios
