1752 2480
1214 88 1494 243 Número 355.
310 228 1296 388 DESPEDIDA DE MADRID.
366 1161 1444 1214 JACARA DIVERTIDA Y CHISTOSA.
192 1241 1616 1295 en que se refiere la melancolica y llorosa despedida que hizo de todos los
200 1284 1607 1338 barrios, plazas y plazuelas, calles, casas, vecinos y personas de la corona-
192 1329 1612 1384 da villa de Madrid, un caballero majo del Barquitlo, llamado Paño Pardo,
194 1375 1611 1428 cuando fué á servir al rey nuestro señor en los presidios de Africa, por
285 1419 1536 1471 haber sido suelto de huesos y ligero de sangre; con todo lo demas
648 1473 1136 1509 que verá el curioso lector.
676 1558 1113 1716 Primera parte.
231 1737 638 1777 En el eminente patio
188 1780 685 1824 de la gran cárcel de Córte,
194 1826 572 1862 casa la mas recogida
192 1869 668 1910 que en España se conoce.
224 1916 588 1952 Alterada la barriga
192 1957 656 1997 con mortales trasudores:
188 1999 680 2044 suelto de tripas el vientre,
190 2045 636 2085 granizando los calzones.
232 2088 691 2130 De rodillas ante un jarro
188 2132 634 2178 de la taberna de Roque,
918 1748 1444 1786 con el sombrero á las cinco
918 1794 1336 1828 y la cabeza á las once.
956 1837 1392 1876 Aquel valeroso chusco,
915 1879 1314 1915 aquel cícatero jóven,
920 1923 1363 1960 el valiente Paño Pardo
912 1969 1384 2004 mariscal de los bribones.
956 2013 1490 2051 Aquel, á quien el Barquillo
910 2056 1314 2092 le coronó de favores
918 2101 1404 2139 por ser de todas las chulas
918 2146 1357 2182 el mas cicatero Adonis.
