1765 2512
264 169 786 200 Aquel, en fin, que una tardo
216 213 670 246 tirando la oreja á Jorge,
214 254 648 292 cayó en las uñas de los.
224 299 700 334 contrarios de los ratones.
273 342 784 377 Viendo que por sus virtudes
216 385 673 420 milagros y fundaciones
223 428 731 463 á Oran le envian por tierra
213 473 760 508 por ver los aires que corren,
249 516 688 551 Y que la fuerte cadena
222 561 620 596 el otro dia á las once;
222 605 660 641 las tres anadas cantando
218 651 604 686 empezaba su galope.
249 694 687 730 Vertiendo por sus ojos
213 738 646 777 una cántara de arrope;
219 782 742 819 de Madrid, córte de España,
215 826 680 863 de esta suerte despidióse.
256 869 675 908 A Dios generosa villa,
216 912 658 953 á Dios república noble;
218 958 562 996 tesoro de bellezas,
220 1002 712 1040 madre de las perfecciones.
262 1047 679 1084 A Dios jardin oloroso,
214 1089 724 1130 en cuyos verdes primores,
219 1134 668 1176 el que lo tiene lo gasta,
224 1181 778 1219 y el que lo guarda lo esconde
256 1224 752 1265 A Dios lucidas parroquias,
222 1265 746 1307 donde los muertos sin voces
217 1310 722 1350 duermen á pierna tendida
221 1354 698 1393 y se quitan de cuestiones.
264 1399 757 1440 A Dios piadosos conventos
223 1442 675 1480 donde suelen á las doce
217 1487 678 1525 dar una sopa que alegra
220 1532 666 1568 los humanos corazones.
264 1577 742 1618 A Dios gran plaza mayor,
217 1620 684 1660 encanto de las naciones,
215 1664 750 1705 en ti mueren los ahorcados,
216 1709 700 1747 y en ti viven los ladrones.
262 1753 722 1792 A Dios taberna del Cojo,
219 1796 687 1832 en cuyos santos rincones
214 1841 738 1879 el órgano enjuagan siempre
216 1887 652 1919 lacayos y compradores.
258 1929 745 1968 A Dios plaza de los Toros
214 1971 736 2013 donde el verano se corren,
224 2016 736 2053 y muchas niñas por verlos
218 2061 760 2099 suelen vender los colchones.
259 2105 752 2143 A Dios gran puerta del Sol
220 2148 664 2189 donde la fruta se coge,
952 167 1424 201 que Anton Martin al cabo
944 210 1350 245 hace salir los colores.
992 255 1486 290 A Dios plazuela del Rastro
940 298 1470 337 nombrada por todo el orbe,
946 342 1410 378 á donde ván por carnero
945 387 1432 422 algunos que son mayores.
998 429 1476 471 A Dios casa de la Inclusa,
945 474 1410 509 donde los niños recogen
952 518 1448 555 que se conciben despacio,
946 562 1392 595 pero nacieron de golpe.
1000 606 1528 644 A Dios noble calle Angosta,
944 650 1344 686 refugio de pecadores,
948 696 1452 731 ¡ó cuántos por tus vecinas
944 739 1477 776 tomando están las unciones!
995 781 1434 817 A Dios famosos Corrales
954 824 1495 862 donde ván muchos simplones
954 870 1513 908 que entienden tanto de aquello
950 914 1457 950 como de enfrenar ratones.
996 957 1470 998 A Dios cárcel de la Villa,
948 1000 1422 1038 á Dios cárcel de la Córte
944 1045 1430 1083 donde sientan las costuras
945 1090 1362 1125 á los majitos trotones.
1000 1136 1488 1176 A Dios cárcel del vicario,
947 1178 1442 1215 en donde las niñas ponen
956 1220 1484 1261 á los que juegan con ellas.
956 1271 1515 1304 y luego dicen que.... nones
996 1312 1460 1350 A Dios Avapies del alma,
951 1353 1422 1391 cuyas damas como flores
947 1396 1450 1438 suelen dar á sus maridos,
952 1444 1450 1481 por plumajes alcornoques.
994 1488 1484 1526 A Dios Barquillo adorado
952 1530 1439 1568 en cuyo barrio á las once
960 1575 1430 1611 convidaba yo á las ninfas
956 1620 1395 1656 á dos cuartos de gigote.
996 1664 1356 1700 A Dios maravillas,
956 1708 1394 1742 cuyos majos fumadores
952 1755 1408 1789 andan desnudos de ropa
953 1798 1380 1832 y cargados de rejones.
992 1843 1481 1876 A Dios calle de llortaleza
955 1887 1538 1922 con las cuatro esquinas dobles,
962 1932 1488 1965 el mejor cuartel que tienen
955 1976 1428 2010 los gatos á media noche.
1003 2020 1427 2052 A Dios hospital famoso
956 2064 1506 2101 de Anton Martin, casa noble,
963 2108 1404 2140 donde se vomita cuanto
963 2154 1395 2189 por allá fuera se come.
