1765 2512
147 206 586 239 del Edén, grato portento!
162 246 594 278 =¡O que romántico estais!
154 285 518 317 representais á Roméo,
145 325 524 356 ó de Tasso enamorado
152 365 554 396 recitaís amantes versos?
149 405 675 436 seguid, seguid, que me agrada:
156 444 598 476 Porque yo, nadita os creo.
182 521 616 555 No me mireis, Margarita,
152 561 568 595 con esos ojos tan bellos,
151 601 615 633 donde el niño Dios vendado
150 641 616 672 nos hace la guerra en ellos.
155 680 570 714 No me mireis, os repito,
159 719 600 752 que no puedo sus destellos
159 760 518 791 tranquilamente mirar;
151 800 583 831 me trastornan el cerébro:
158 838 610 873 son tus rayos tan terribles,
162 879 688 912 que me consumen, me quemo...
170 919 688 952 Aguarda, que en casa hay pozo;
155 957 615 990 y con agua fresca ál menos,
160 998 644 1032 se calmará, no, no hay duda,
160 1036 558 1070 ese inopinado incendio.
160 1077 550 1109 Vaya, vaya, dame risa:
155 1117 597 1150 Porque yo, nadita os creo.
204 1197 541 1228 Ya basta tanto sufrir
165 1237 639 1269 que no puede mas mi pecho:
162 1276 582 1308 otro que mas te merezca
165 1316 663 1348 puedes encontrarlo al menos,
155 1355 603 1388 mas otro que mas te adore
168 1394 578 1427 eso no, juro á los cielos.
163 1434 598 1467 Pero ¡te burlas, tú ries!...
168 1473 646 1506 Maldicion!... me desespero...
169 1513 597 1547 por no sufrir tus agravios
171 1553 671 1586 yo me arrojára al momento...
176 1593 645 1624 Quiere usted abra el balco
171 1628 608 1666 y hará comedia de vuelo?
166 1672 604 1705 Sosiéguese, tranquilicese,
164 1712 636 1746 advierta que yo os lo ruego;
163 1752 577 1784 no concluya su tragedia,
173 1792 609 1825 Porque yo nadita os creo.
919 204 1426 236 Ya ves, con esto que he dicho,
880 244 1312 277 con sosiego y con soflama,
880 283 1256 315 con hacer la socarrona
888 321 1230 355 y no creerles palabra,
876 362 1306 395 en lugar de ellos burlarse
885 401 1286 434 te burlarás de sus ansias;
879 441 1336 474 y los verás que hacen ellos
886 480 1284 514 de amantes finos la gala;
887 520 1342 554 otras veces se impacientan,
875 559 1276 593 se maldicen y se matan,
879 599 1239 632 sin jamás verificarlo;
887 639 1375 673 ó bien fingen que se enfadan,
883 677 1320 711 que no viven sin nosotras
896 718 1296 751 juran, ofrecen y halagan,
886 758 1283 792 haciendo tantos papeles
886 797 1298 831 como cómico en la farsa.
888 837 1288 871 Desprécialos, queridita,
889 877 1343 912 y aquestos consejos guarda,
896 914 1342 949 con los que he manifestado
895 955 1366 988 de los hombres las patrañas.
883 994 1266 1028 Pero si tú no quisieres
895 1035 1259 1069 observarlos engañada,
895 1074 1388 1109 porque escarmentar no quiere
891 1113 1332 1149 ninguno en cabeza estraña,
893 1153 1319 1189 haz lo que á tí te parezca,
894 1193 1388 1228 que el tiempo nos desengaña.
895 1231 1337 1267 Ya ves como en este punto
897 1271 1347 1307 vamos las dos encontradas;
903 1312 1290 1349 y así, querida, te ruego
895 1351 1340 1387 que no gastes mas palabras
901 1391 1200 1425 en hacerme variar
908 1430 1346 1464 de mi opinion tan fundada.
903 1469 1319 1506 Que yo por estas razones,
893 1510 1371 1547 y otras que tengo guardadas,
895 1549 1395 1584 que me enseñó la esperiencia,
900 1589 1376 1624 no doy en mi pecho entrada
895 1629 1255 1663 á amorosos devaneos;
891 1668 1423 1704 y tambien que aunquemuchacha,
895 1708 1381 1742 sé de mundo, mas que otras,
899 1750 1341 1786 y estoy muy desengañada.
806 1954 977 2107 FIN.
724 2266 1063 2301 CARMONA:—1859.
266 2304 1519 2350 Imprenta de D. José María Moreno, calle de Madre de Dios, número 1.
