1737 2508
138 165 522 198 amigas de diversiones,
143 204 568 244 coquetas, volubles, falsas,
150 245 522 276 ¡pobre infeliz la muger
136 282 556 321 que estando desengañada
145 322 521 360 de vuestro falso querer,
141 360 448 395 os envía noramala!
135 400 555 440 Defectos que jamas tuvo,
142 441 549 481 libertades nunca usadas,
145 481 604 521 de franqueza, amor sin tino,
139 520 539 558 con ferina lengua airada
136 559 595 598 os jactais, que con vosotros
137 600 564 639 gastaron las desdichadas..
142 639 497 676 O ya vil, villanamente
136 679 584 717 demostrais amantes cartas,
139 718 588 757 donde por pluma inesperta
134 757 551 796 su cierta pasion mostrara
144 797 542 837 la tierna inocente jóven,
134 837 594 879 que no creyendo tan malas,
131 877 518 914 tan depravadas vilezas,
131 916 534 956 sencillamente entregára.
131 954 527 996 Si correspondidos sois,
131 995 492 1033 con aire de confianza
140 1035 506 1075 al conocido, al amigo,
135 1074 478 1111 el cariño de la dama
139 1115 538 1151 manifestais aumentando
131 1153 562 1191 todo lo que os dá la gana.
141 1195 652 1234 Ya no hay honor en los hombres,
133 1234 533 1270 no hay delicadeza, nada
133 1272 509 1308 que acredite buena fé.
136 1313 590 1350 La falsedad, la inconstancia
139 1352 572 1387 como epílogo, en vosotros
124 1391 608 1430 se encuentra solo encerrada.
133 1432 600 1471 No hay cólera mas maligno,
123 1471 572 1507 no hay epidemia mas mala
127 1511 571 1546 ni mayor mal en el mundo
133 1550 658 1591 que los hombres; pues con capa
129 1590 560 1627 de un amor que no teneis
129 1630 548 1665 á las sencillas muchachas
131 1670 532 1706 engañais traídoramente,
135 1709 639 1748 y os complacen sus desgracias.
129 1748 534 1783 No, no te rias; la verdad
127 1787 546 1825 es la que mi legua habla;
135 1828 638 1865 que aunque cuento pocos años
129 1867 534 1903 estoy bien escarmentada.
137 1908 482 1940 Oye, sino, pobrecilla,
127 1947 523 1980 las ficciones, las falacias
135 1987 549 2020 que usan para reducirnos
123 2027 478 2058 si los oimos cuitadas.
129 2067 544 2100 Todos siguen un camino,
134 2107 618 2143 que el arte de amar se llama;
132 2145 550 2181 poco mas, ó poco menos,
129 2185 504 2219 lo que te diré relatan.
125 2225 535 2259 Debes, si quieres, oirlos
129 2266 456 2298 con una risita falsa,
857 163 1259 200 y seguirles la corriente
867 206 1264 240 sin contradecirles nada.
867 246 1282 278 Escúchame y te preserva
865 285 1293 320 de sus entendidas tramas.
863 324 1291 360 Fingiré que me cortejan,
868 365 1296 399 y yo les contesto al alma,
870 405 1344 439 para que tú hagas lo mismo,
867 444 1324 476 que sé me darás las gracias.
876 485 1330 518 Que uno se acerca, figúrate,
869 524 1250 557 con la cabeza inclinada,
866 562 1234 595 derretido, enamorado,
861 602 1252 635 sus miradas inflamadas,
868 643 1284 675 que á requerirme se llega
864 683 1299 716 con sus fraces estudiadas,
857 723 1271 756 y yo con humor le oigo;
855 760 1344 796 que el divertirme me ágrada.
865 799 1310 833 Tú podras tomar lecciones
865 840 1310 873 de lo que mi lengua canta:
864 881 1319 914 escúchame y ten paciencia,
868 921 1338 954 que doy principio á la farsa.
900 988 1317 1035 (*) Margarita, vida mia,
854 1037 1267 1071 á dónde vá tanto bueno?
862 1079 1303 1110 que bien os caen las flores
861 1118 1356 1153 que enlazan vuestros cabellos.
859 1158 1283 1190 Ellos son los dulces lazos
862 1197 1291 1232 que me tienen prisionero,
859 1239 1315 1271 y la luz de vuestros ojos...
863 1278 1385 1310 pero ¿qué teneis?.. ¿que es eso?..
870 1316 1356 1351 no me contestais siquiera?...
862 1355 1344 1389 habladme, sinó, me muero...
885 1393 1388 1428 =No os murais, que es lastíma
866 1437 1331 1472 que vivais tampoco tiempo;
923 1528 1543 1567 (*) La actris fingirá tantas voces
860 1573 1544 1607 cuantas sean las estrofas, Las dos vayas
860 1613 1539 1650 marea la voz natural, lo que será sien-
863 1652 1342 1688 pre sardónica y burloncilla.
851 1751 1294 1785 mirad que vais á enfermar,
855 1790 1332 1826 y el hablar así no es cuerdo.
852 1831 1346 1866 No gasteis el tiempo en valde:
858 1871 1291 1904 Porque yo, nadita os creo.
899 1950 1256 1985 Que tiranía es la tuya,
858 1991 1250 2023 ingrato, querido dueño,
859 2030 1284 2063 que por mas que te repito
860 2069 1263 2104 es mi querer verdadero,
852 2109 1238 2141 y que á ti, á tí tan solo
849 2149 1281 2181 se consagra este mi pecho
855 2188 1292 2222 ni te aplacan mis ternezas,
848 2226 1283 2262 ni desenoja mis ruegos?...
856 2269 1220 2301 angel divino de luz!...
