1656 2408
896 5 936 155 2
205 135 623 173 esto dígalo un Mulato,
204 174 703 220 que era de guapos respeto
198 222 747 260 á quien con grande frescura,
206 267 635 305 y con varonil denuedo
209 312 612 349 dí catorce puñaladas
202 354 639 392 con una tigeras, y esto
205 395 737 436 fue causa para que en Ceuta
209 441 739 482 por el Rey me den destierro,
207 486 683 525 en donde con un Alferez
212 531 749 568 se me ofreció cierto cuento,
207 575 728 613 á quien con ocho estocadas
211 619 705 658 le dí la muerte sangriento,
211 661 731 704 y con la espada en la mano
211 705 717 747 por entre todos rompiendo
211 749 685 789 hice calle, y en la Iglesia
215 795 717 833 tomé el seguro mas cierto,
211 838 741 882 y el Marqués de Villadarias,
219 884 787 925 que en Cauta tuvo el gobierno
216 930 618 966 porque bien le parecí
203 973 747 1013 me perdonó aqueste exceso,
214 1014 660 1056 y le encargó á mi valor
211 1061 682 1099 un tercio de granaderos,
212 1102 695 1145 á quien infundí mi ardor,
218 1148 723 1187 y en un barquillo pequeño
207 1193 727 1232 me fui á provocar al Moro,
223 1240 692 1277 y dél hice mil desprecios,
218 1283 741 1322 y le encleve bien las piezas,
221 1326 702 1364 y me volví con mí tercio.
215 1370 698 1410 Pedí licencia al Marqués
218 1416 713 1454 para ir el mar rompiendo
227 1462 607 1498 hasta llegar á Jerez,
220 1494 808 1542 á ver á mi padre viejo;
230 1541 803 1586 y por irmnecesitado,
227 1589 764 1631 pedile allí á un caballero
219 1638 749 1676 me dé cincuenta doblones,
232 1679 804 1718 el cual los negó, diciendo:
221 1728 613 1761 no tenia en su poder
230 1766 796 1807 tanta porcion de dinero.
224 1807 801 1853 Dige: por vida de Dios,
231 1857 780 1894 que he de quitarle el pellejo
227 1902 804 1938 si no me dá la porcion
235 1944 807 1983 entonces lleno de miedo
238 1989 794 2028 con gran porcion de cebada
229 2035 795 2070 me ha sacado de ese empeño.
239 2081 779 2115 Cuando vendí aqueste grano,
225 2124 800 2160 fuime á una casa de juego
237 2167 806 2205 donde estaba uno tendido,
237 2212 798 2255 que por no tener respeto
933 121 1342 163 le hice con un rejon
936 164 1389 206 no sé cuántos agujeros.
948 206 1617 249 Y habiendo muerto á este hombre,
943 252 1449 293 me fui desde allí á Zujeros,
944 297 1418 335 y fui derecho á la carcel,
947 339 1439 379 por echar fuera los presos.
935 388 1398 422 Se opuso el Corregidor,
943 430 1469 467 y viendo mi mucho arresto,
936 476 1460 511 tuvo por bien de soltarlos,
943 519 1459 555 ó lo enviara á los infiernos.
947 563 1475 600 Tuve noticia que un guarda
945 608 1433 645 Mayor de rentas del reino,
935 651 1397 690 habia en aquesta tierra,
943 698 1421 735 y de guapo presumiendo,
937 741 1287 776 enviéle mi criado
939 783 1451 819 á que viniera al momento;
947 826 1463 865 á quien entré en un portal,
947 870 1487 909 perdiéndole á Dios el miedo,
947 917 1369 955 y le dí mas bofetadas,
951 960 1467 998 que él pudo tener cabellos;
953 1005 1373 1043 y le dige:en hora mala
945 1044 1491 1087 hínquese apriesa en el suelo
955 1093 1427 1131 de rodillas muy humilde,
949 1137 1445 1175 pidame perdon, diciendo:
961 1182 1505 1219 que soy elguapo del mundo,
969 1225 1516 1264 que á muchos, causo miedo.
948 1271 1460 1308 Entónces me pasé á Cadiz,
957 1317 1395 1352 y en una taberna entro,
957 1360 1424 1396 donde habia una muger
951 1406 1375 1442 de públicos galantéos,
955 1447 1461 1484 y estando en conversacion
956 1493 1542 1532 llegó la ronda, diciendo:
955 1536 1590 1576 quién vá al Alcalde Mayor?
950 1583 1596 1619 y yo valiente y soberbio
952 1626 1585 1663 dige: fuera, no me enfade
959 1668 1603 1706 que ese es mucho atrevimiento
953 1712 1609 1749 Mandó el Juez que me prendieran
954 1758 1608 1795 mas ellos no se atrevieron
959 1804 1604 1841 dige, prendan la muger
965 1845 1607 1886 y yo lesalí al encuentro
967 1888 1605 1929 y terciándome la capa
968 1933 1608 1971 por vida de Dios, diciendo:
964 1978 1602 2015 soltad perros la muger,
963 2023 1590 2062 porque es cosa de mi empeño
969 2067 1604 2106 y ellos temiendo la muerte
957 2111 1566 2148 la dejaron, y se furon.
959 2155 1607 2193 Desde allí me pasé á Osuna,
959 2200 1603 2240 y recibí el sacramento
