1752 2480
805 139 847 291 8
131 273 728 330 se escondió, y derramó el vino
144 325 583 374 de los toneles sobervio.
127 370 515 421 A un sirujano pidió
135 415 647 465 en Luque cincuenta pesos,
133 460 511 515 y por yerro le pagó
135 504 597 552 la mitad del valimiento.
133 545 739 598 Despues se ofreció el sangrarlo;
139 593 625 642 tomó un arma de su peto,
147 636 579 685 y le dijo, que si erraba
142 681 639 732 la sangria, era muy cierto,
147 731 549 775 que seria la postrera,
148 751 791 820 que erraria en este suelo.
154 814 645 863 Cierto Guarda de millones
150 861 627 908 blasonando de su aliento,
153 906 599 953 quiso á este reo matar
147 950 629 998 lo cual supolo Florencio,
155 997 593 1041 y lo llamó con cautela,
159 1039 659 1085 lo hizo errodillar al suelo,
154 1084 637 1130 con la coz de una pistola
156 1124 709 1174 le dió en la cara y el cuerpo.
162 1169 677 1219 Tambien á un Arrendador
158 1216 607 1265 le pidió cortés y atento
162 1262 556 1308 le consintiera matar
163 1299 721 1351 reses dentro de aquel pueblo:
161 1349 629 1397 lo consiguió llanamente,
166 1390 707 1442 pues lo contrario era cuento.
172 1438 609 1485 En Jaen entraron tres,
167 1478 699 1531 y uno era Agustin Florencio
174 1528 562 1573 con ánimo de matar
172 1549 779 1619 al Arrendador resueltos;
178 1600 723 1662 él se amparó de su casa
175 1659 640 1704 y así no lo consiguieron.
171 1705 637 1747 En fin, de todo resulta,
176 1744 801 1794 que hechas las causas un cnerpo,
172 1790 693 1838 se regulan treinta y cinco,
181 1833 656 1881 que no decir por estenso
173 1877 667 1925 las demás, es por decoro:
181 1921 753 1972 por lo cual concluso el pleito,
180 1965 759 2014 mandaron que dentro entrase.
183 2014 651 2056 Se vistió todo de negro,
181 2057 673 2103 y el Lunes á diez y ocho,
187 2102 615 2145 le notifican, diciendo,
187 2143 771 2192 que ha de morir sin que haya
187 2191 597 2234 apelacion de decreto.
183 2232 671 2279 Recibióla muy conforme
187 2275 765 2328 y hallándose en este estremo,
859 250 1281 301 tuvo mil particulares
863 293 1429 345 muestrás de arrepentimiento.
865 339 1323 390 Abrazó á todos humilde,
871 384 1383 432 diciendo con llanto;tierno,
863 429 1283 479 que ya solo morir era
866 474 1331 523 el bfanco de sus deseos.
867 523 1338 566 El dia veinte salió
859 565 1398 612 arrastrado por el suelo
861 608 1387 656 à la cola de un caballo
871 654 1341 701 siendo ya manso cordero
879 702 1312 747 el que antes fue leon,
872 744 1389 792 y tigre fue en lo sangriento.
873 790 1329 835 Al suplicio llegó, donde
872 835 1335 878 hizo el último recuerdo,
881 879 1341 921 de los hechos de su vida,
882 918 1384 966 subió por la escala siendo
876 965 1393 1010 de la sombra de la muerte
880 1002 1478 1057 un retrato verdadero.
883 1048 1473 1101 Miró al pueblo granadino
888 1090 1472 1148 que jamás se vió tan pleno:
885 1150 1286 1188 á todos pido perdon,
884 1189 1349 1233 de corazon os lo ruego.
887 1231 1375 1277 Y vos, Virgen del Rosario,
885 1268 1475 1324 mi amado y querido dueño
895 1317 1469 1367 sed mi amparo en este trance,
887 1362 1455 1412 no se pierda este hijo vuestro;
903 1411 1388 1455 empeñado estoy, Señora,
895 1454 1411 1500 con la carga de mis yerros,
895 1500 1373 1545 abogad con vuestro Hijo,
891 1540 1463 1589 reciba esta muerte en premio.
897 1591 1329 1632 Dijo el credo, y espiró,
899 1629 1428 1677 dando muestras, y lo infiero
899 1677 1341 1724 piadosamente que está
903 1721 1337 1765 en el celestial asiento.
903 1763 1367 1809 Así escarmienten ahora
901 1808 1413 1854 en su cabeza, pues fueron,
907 1852 1403 1898 y en la puerta de la cárcel
899 1899 1337 1942 en Osuna la pusieron,
910 1939 1407 1985 y en Herrera está la mano.
907 1984 1441 2031 Y así es bien todos notemos,
908 2030 1443 2076 que Dios castiga, y su brazo,
911 2074 1311 2119 es infinito é inmenso.
907 2119 1402 2163 Pidamos que le perdone,
916 2156 1480 2208 y á nosotros haga cuerdos,
903 2199 1474 2254 para que nunca incurramos
915 2248 1461 2296 en quebrantar sus preceptos.
906 2313 954 2348 FIN.
219 2333 1555 2412 CARMONA;=Imprefita de D. José María Moreno, calle de Madre de Dios.
