1765 2512
1000 57 1032 209 4
308 190 787 225 cuando de Jaen la ronda
297 234 803 270 del tabaco de aquel reino,
300 277 831 314 llegó en seguimiento mio,
303 320 802 357 todos de disfraz cubiertos.
303 366 808 400 El uno vendiendo esparto,
307 409 768 444 otro hecho Vedriadero;
311 453 749 489 otro Maestro de armas
308 497 743 534 otro hecho Buhonero,
305 542 686 577 otro llevó Platería,
305 587 805 628 y el otro de Recobero.
316 633 744 666 y todos con esta traza
307 676 827 709 sus mercancías vendieron.
307 719 808 754 Se fueron luego al meson,
318 763 802 798 porque llovia muy recio;
311 807 837 843 pero aunque mucho llovia,
319 853 732 886 con mi caballo ligero
316 897 732 931 á nada mostré temor,
312 942 883 976 mas los Guardas encubiertos,
313 985 715 1020 para tener el estrivo
316 1029 772 1063 todos á mi se vinieron,
319 1072 771 1110 y al revolver el caballo,
310 1117 887 1152 me echan un cordel al cuello:
320 1161 888 1207 entonces saqué un trabuco
315 1205 783 1246 y derribé al Mesonero;
322 1251 796 1285 y viendo no me soltaban,
320 1294 889 1347 herí al que hizo Platero
320 1338 890 1383 de Guarda Mayor Teniente.
320 1383 816 1416 En fin, mé llevaron preso
319 1427 714 1461 á la ciudad de Jaen,
322 1471 824 1504 donde grillos me pusieron
311 1516 798 1549 tres pares, y una cadena,
312 1560 805 1599 y á Granada me trájeron.
1036 177 1652 216 Se vió mi pleito en la Sala;
1036 217 1652 260 y de allí salió deAcuerdo,;
1037 266 1474 305 se me lea la sentencia
1043 307 1649 349 de horca, y al mismo tiempo
1040 348 1652 392 que me corten la cabeza
1039 402 1591 436 porque sirva de escarmiento,
1043 447 1404 483 y la fijen en Osuna,
1037 478 1644 524 a donde la vea el pueblo
1039 524 1644 569 y que mi mano derecha
1037 566 1652 614 la que causó tantos yerros
1039 616 1648 657 vaya á la villa de Herrera
1039 657 1652 702 á donde maté soberbio
1039 700 1646 746 aquel Alcalde sin causa
1039 745 1652 789 si no es el querer hacerlo.
1041 793 1645 832 Ya estoy, fieles, en lá horca
1045 843 1635 877 despues que en un seron viejo
1039 886 1613 920 me arrastraron por sentencia,
1050 930 1626 964 que tambien salió de Acuerdo.
1043 975 1435 1010 A todos pido perdon,
1045 1018 1615 1055 por el trance en que me veo,
1051 1064 1529 1097 tambien pedireis a Dios,
1050 1103 1646 1143 que lleve mi alma al cielo.
1043 1150 1495 1187 Ea, piadosos cristianos,
1047 1194 1585 1231 tomemos aquí escarmiento:
1046 1239 1611 1275 de qué le sirvió ser guapo
1049 1285 1541 1318 á Don Agustin Florencio,
1052 1330 1492 1362 sin acordarse que Dios
1051 1361 1652 1409 castiga así á los soberbios?
1050 1406 1644 1453 Dios le dé eterno descanso
1055 1461 1490 1495 en su santísimo reino,
1055 1505 1536 1539 y á nosotros,en el mundo
1059 1549 1618 1583 nos dé buenos pensamientos.
541 1853 1515 2011 FIN DE LA PRIMERA PARTE.
