1752 2480
1154 143 1434 304 Número 342,
360 1152 1160 1221 CURIOSO ROMANCE,
114 1286 1535 1328 de la vida, hechos y atrocidades, de Don
230 1352 1416 1404 Agustin Florencio, natural de Jerez
553 1422 1078 1472 de la Frontera.
184 1600 782 1637 Pare el norte su carrera,
120 1644 763 1682 esconda el sol sus reflejos
115 1690 744 1727 la luna oculte sus luces
118 1734 780 1771 paren los cuatro elementos.
117 1778 755 1814 Los árboles no den fruto;
117 1823 582 1857 ni las aves con gorgeos
118 1867 764 1903 anuncien, cuando la aurora
111 1910 704 1944 va negras sombras rompiendo:
116 1954 683 1992 callen los guapos del mundo,
112 1999 701 2036 Martin Rasgado el primero
113 2043 721 2077 y el valiente Diego Ruiz
108 2087 748 2125 el que fue heroico en sus hechos,
116 2129 606 2169 y calle Francisco Estévan,
111 2171 532 2211 y su enemigo Romero,
118 2219 558 2257 y Bartolomé de Camas,
110 2263 556 2299 y tambien Jose Moreno
116 2308 627 2349 tendrán por bien de callar,
852 1601 1496 1648 con todos sus compañeros,
854 1646 1492 1686 cuando al pronunciar mi nombre.
848 1690 1485 1737 aun yo mismo no me atrevo.
850 1737 1504 1780 Pero porque no dudeis
840 1782 1500 1827 de aquesta alabanza el dueño,
842 1827 1503 1870 quiero decir, que mi nombre.
847 1872 1499 1915 es Don Agustin Florencio,
841 1916 1494 1956 que en Jerez de la Frontera.
834 1962 1492 2003 nací valiente y soberbio
837 2006 1500 2047 y desde mi edad primera,
839 2050 1495 2088 mil travesuras haciendo,
832 2094 1496 2131 á aquellos que eran mas guapos
843 2139 1495 2178 les iba perdiendo el miendo
836 2183 1484 2224 y por no se qué cosillas
841 2228 1492 2264 en la cárcel me metieron
839 2270 1483 2310 pero aunque presos, el valor
827 2317 1498 2355 iba con la edadcreciendo:
