1737 2508
860 62 880 212 3
161 191 602 228 y carga de matrimonio
161 238 619 274 pero la dejé muy presto.
161 280 689 316 Luego me fui en un caballo
168 326 660 362 por toda España vendiendo
162 370 622 406 especias, seda y tabaco,
162 413 640 449 pero sin pagar derechos:
151 458 681 492 mas á quién he de pagarlos
158 503 680 536 si á todos pierdo el respeto?
163 547 598 581 Me pasé á Villa Martin,
151 591 703 624 á donde feria habian puesto.
162 634 588 666 Plateros y Mercaderes
157 679 658 712 de Granada y otros reinos,
160 723 681 756 de quien cobré, sin ser Rey,
153 767 567 799 alcabalas y derechos:
157 810 599 843 y todo el dinero en oro
155 856 621 890 al instante me lo dieron.
162 899 610 933 Y despues de esto les dí
159 944 622 979 á todos mis compañeros
160 989 609 1022 para vestirse muy bien,
160 1031 684 1066 todo lo que ellos quisieron,
156 1075 658 1109 Desde allí me fni a Baena
153 1120 690 1155 con mucho tabaco y bueno,
155 1165 601 1198 y para venderlo apriesa
152 1208 668 1244 me fui á ver el estanquero,
161 1251 600 1285 quien me dijo no podia
152 1295 666 1328 sacarme de aquel empeño,
159 1336 589 1371 y que él solo manejaba
153 1382 636 1416 del Rey, tabaco y dinero.
162 1427 631 1462 Yo entonces me enfurecí,
151 1470 616 1506 diciendo: ven acá perro,
151 1515 539 1550 conoces á mi valor?
154 1558 624 1597 Toma este tabaco presto,
148 1603 555 1636 antes que tu corazón
148 1647 658 1683 lo veas en fuego envuelto.
156 1689 498 1723 El tabaco lo tomó
160 1728 546 1769 y yo tomé mi dinero.
148 1778 761 1817 Me fui acercando á la Audiencia
149 1818 687 1860 y estando en Ayuntamiento,
144 1866 664 1904 me entré furioso en la Sala
144 1911 620 1945 á que soltaran un preso:
159 1955 603 1990 como no me obedecian,
152 2000 655 2032 los encerré, y me fui luego
150 2041 607 2080 á la puerta de la cárcel,
156 2087 648 2125 diciendo: abre aquí presto;
153 2128 569 2166 y le dí con un trabuco
151 2175 682 2215 al Alcaide un golpe bueno;
143 2217 607 2256 luego el Alguacil Mayor
151 2262 666 2303 vino, y echo fuera el preso.
892 192 1452 225 Besde allí me pasé à Herrera,
890 235 1372 270 donde ibau unos arrieros
890 277 1331 313 con una recua de trigo
889 325 1370 359 para en Sevilla venderlo,
891 369 1374 403 y un Alcalde lo embargó,
895 414 1367 445 porque estaba pereciendo
895 457 1427 490 todo el lugar, y yo entonces
890 502 1428 535 me fui á su casa muy presto,
891 544 1393 581 y le dije: el muy vergante,
899 591 1364 621 cómo tiene atrevimiento
895 635 1424 667 para embargar bienes mios,
891 675 1347 711 y sacando unnarangero
887 724 1459 756 con la muerte de este Alcalde
895 769 1460 801 quité un estorvo de enmedio.
890 813 1430 846 Desde allí me volví á Osúña,
894 856 1364 890 á donde del real Consejo
883 902 1282 933 habia secreta órden
895 946 1449 980 de prenderme vivo ó muerto,
889 988 1375 1024 y nombrando un capitan,
896 1033 1357 1066 dos compañias vinieron.
888 1078 1430 1113 Me fué preciso en la Iglesia,
888 1123 1326 1156 buscar el acogimiento,
891 1164 1393 1202 y cerrar todas las puertas,
891 1207 1435 1246 y porque abrírlas quísieron,
888 1255 1346 1286 en una bóbeda obscura
887 1298 1526 1335 me he metido entre los muertos,
896 1341 1334 1377 y dando carga cerrada
884 1386 1415 1420 herí á uno, y á este tiempo
890 1431 1450 1467 me tiró un Cabo de escuadra,
893 1475 1398 1508 pero el tiro fué bien hecho
890 1520 1394 1553 pues un muslo me rompió
887 1561 1388 1598 y á la prision me di luego.
887 1607 1340 1642 Me llevaron á lá cárcel,
885 1648 1378 1686 y me cargaron de hierros,
888 1695 1388 1730 donde estuve cinco meses,
891 1737 1396 1775 y enfadado de estar preso,
891 1782 1382 1817 le dige un dia al Alcaide:
882 1827 1343 1861 ábreme la puerta perro,
884 1867 1398 1908 y ponme presto en la calle,
890 1915 1325 1951 ó te mato sin remedio;
881 1956 1342 1997 y viendo que se tardaba,
892 2002 1362 2039 le di un trabucazo fiero.
882 2047 1402 2084 Desde allí me pasé á Luque
892 2089 1294 2127 á buscar al Mesonero,
890 2131 1342 2173 y porque tuve sospecha
885 2180 1387 2219 le abri ventana á los sesos.
882 2223 1468 2263 Luego me fuí á Torre Campo
889 2267 1422 2309 sin ningun temor ni miedo,
