1765 2512
920 26 944 176 6
231 139 759 180 con lo cual no fue bastante
226 185 727 228 á eximirse de este ciesgo,
228 227 746 271 se condujo á aquesta corte,
234 273 604 310 y su delito primero
229 312 790 359 es, que en Jerez, patria suya,
235 358 730 401 él y otros dos compañeros
224 400 672 443 á la casa de comedias
231 446 706 490 entraron á buscar juego,
233 489 604 529 y sin ocasion le dió
228 535 830 583 muerte á un gallardo mancebo,
234 580 774 626 que hablar no pudo palabra,
229 624 705 669 por ser alevoso el hecho.
232 668 679 710 Con la justicia despues
223 711 664 756 tuvo motines diversos,
224 757 768 802 maltratando á los Ministros,
222 802 728 845 dándoles espanto y miedo.
226 844 638 888 En Cadiz una muger,
224 889 708 933 valiéndose de su aliento
230 935 726 981 porque la llevaban presa,
226 979 700 1021 púsose delante, haciendo
232 1020 726 1070 con arrogancia aLAlcalde,
221 1065 726 1111 y á todos sus compañeros,
224 1109 708 1154 la dejasen de sus manos
224 1155 712 1203 por decir era su empeño;
228 1198 698 1245 lo consiguió llanamente,
220 1245 760 1292 pues todos le tienen miedo.
218 1289 823 1337 A un mulato dió la muerte
218 1333 825 1386 con notable atrevimiento
228 1376 735 1426 con unas tijeras le hizo
217 1420 696 1466 catorce bocas al cuerpo.
220 1465 831 1515 Con un trozo de soldados
219 1510 825 1562 tuvo un arriesgado empeño
218 1553 658 1599 haciendo á todos cara,
217 1597 833 1647 y ellos le huyeron el cuerpo.
224 1640 672 1688 Pasose luego á Baena
214 1686 829 1735 donde vivió poco tiempo
204 1731 814 1779 vendiendo carne y tabaco
212 1773 812 1826 sin ningun ampedimento
216 1817 640 1862 á un Alcalde le pidió
214 1862 801 1912 en su cortijo asistiendo
215 1906 779 1959 cierta cantidad de trigo
214 1949 608 1994 y le daria el dinero.
206 1994 612 2038 El cual dijo no tenia
216 2035 712 2084 suyo ninguno, y lo cierto,
205 2080 752 2132 que las llaves del que habia,
208 2123 756 2176 en Córdoba su gobierno
208 2169 658 2213 las tenia, y embargado
207 2214 668 2260 estaba en un aposento.
952 155 1502 197 Montando un trabuco, dijo:
944 197 1588 244 no hay mas justicia que aquetos,
953 242 1456 284 yo echaré la puerta abajo,
960 285 1390 327 y viéndolo ya resuelto,
960 329 1402 374 le dió las llaves, cargó
956 373 1390 417 lo que quiso su deseo.
960 417 1544 466 Desde aquí se pasó á Herrera,
959 463 1416 503 con otro su compañero,
964 507 1499 550 que era Don Pedro Galiano,
957 551 1492 593 y en el meson de este pueblo
956 596 1420 635 sentado estaba á la mesa
956 640 1440 687 almorzándose un conejo,
954 683 1418 728 cuando su criado entró,
953 728 1456 773 á grandes voces diciendo,
950 773 1436 813 que el Alcalde del lugar
959 815 1475 858 le ha pedido á los harrieros
956 860 1406 902 el testimonio del trigo;
960 903 1418 945 á lo cual dijo Florencio,
956 948 1514 991 dando un puntapie á la mesa,
948 994 1488 1033 lo ha de matar sin remedio.
956 1037 1520 1079 Tomó el trabuco en la mano,
952 1081 1500 1124 y un terciado el compañero,
947 1128 1394 1162 y á la casa del Alcalde
948 1169 1414 1209 se fueron locos y ciegos.
948 1213 1514 1259 Florencio quedo en la puerta,
950 1260 1384 1299 y Galiano entró dentro,
948 1305 1378 1340 y con el terciado hirió
943 1346 1603 1392 muy mal al Alcalde, y viendo
943 1392 1480 1433 su padre aquesta desgracia,
949 1434 1424 1474 se le arrodilló, diciendo:
945 1477 1478 1522 por Dios, que no le matase,
944 1521 1468 1565 disparó Agustin Florencio,
944 1568 1604 1624 y le dió muerte violenta
940 1610 1454 1655 siendo ya un anciano viejo;
941 1655 1613 1708 quiso dar fuego á la casa
943 1699 1607 1750 y á todo el lugar entero
948 1745 1603 1796 Tocaron luego á rebato,
944 1789 1613 1838 y nadie acudió al remedio
944 1831 1609 1889 si no fuera un Religioso
941 1877 1597 1926 del Franciscano congreso
939 1919 1398 1961 que de rodillas le dijo,
937 1963 1436 2007 no hiciese tal desafuero.
943 2007 1403 2048 En Villa Martin su feria
940 2051 1444 2095 cobró los reales derechos,
943 2098 1292 2132 y de la cárcel echó
939 2142 1603 2186 los presos que habia dentro.
932 2185 1418 2226 A la Plaza en su caballo.
941 2231 1605 2280 con muchas armas de fuego ;
