1660 2448
476 562 1589 628 SEGUNDA PARTE.
192 646 1606 692 Verdadera Relacion y curioso Romance, en que se refieren los
182 699 1614 745 delitos y causas de Don Agustin Florencio, sacada de la que
184 752 1604 798 se hizo en la real Cancillería de Granada. Refiérese en ella sus
184 808 1604 853 muchos arrojos y valentias, y el grande arrepentimiento que tuvo
264 860 1584 912 á la hora de su muerte, con todo lo demás que verá
719 921 1072 958 el curioso lector.
232 1026 766 1066 Suene al compas de mi lira
186 1071 670 1108 el clarin dorado, siendo
190 1115 692 1155 con la voz de mi discurso,
186 1160 656 1197 y sonados instrumentos
193 1205 656 1242 pregoneros de la fama,
189 1248 736 1285 que ha dejado de sus hechos
188 1290 672 1331 el mas valiente Andaluz,
194 1335 845 1372 que en las edades del tiempo
190 1378 710 1419 nos ha dicho en sus anales,
200 1422 877 1465 y en bronce han quedado impresos
192 1470 732 1510 para escarmiento de guapos,
192 1510 610 1551 presentes y venideros,
196 1557 680 1596 que fiados de su orgullo,
186 1600 665 1638 caminan locos y ciegos
187 1642 690 1684 por la senda de los vicios,
187 1688 757 1724 á que aspiran sus deseos.
189 1732 834 1768 Dígalo ya aquella historia
191 1773 818 1812 que dá pavor el recuerdo:
191 1819 829 1858 la pluma no halla la senda
191 1863 841 1903 que todo es horror y miedo
180 1906 716 1951 al ver que el brazo de Dios,
180 1949 676 1993 está en la justicia puesto,
179 1999 621 2034 y que ninguno se libra
186 2039 706 2078 del brazo tan justo y recto.
182 2081 772 2130 Hable ya, aunque está difunto,
186 2125 704 2170 el bravo Agustin Florencio,
180 2172 594 2211 el rayo de Andalucía,
184 2215 700 2258 el vandido mas sangriento,
924 1034 1545 1069 cuyas hazañas, no hay líneas
917 1081 1548 1113 plumas, papeles, ni versos
924 1122 1548 1156 que en sucinto estilo digan
918 1168 1350 1203 lo largo de su proceso.
920 1212 1370 1249 Y asi, por no molestar,
917 1255 1395 1292 con llano estilo pretendo
919 1301 1344 1334 decir al pie de la letra
915 1341 1539 1379 la digresion de su pleito
921 1387 1546 1424 que en la real sala se hizo
917 1433 1391 1470 y el Relator fue diciendo:
924 1476 1350 1513 de Jerez de la Frontera
920 1521 1291 1556 es natutal este reo,
922 1565 1374 1601 señor, y por sus delitos
916 1609 1455 1645 dió órden el real Consejo
912 1654 1411 1690 para que todas las rondas
912 1697 1415 1734 del tabaco de estos reinos
915 1741 1503 1780 lo prendiesen, con cuya órden
909 1785 1374 1821 se ejecutó este decreto
914 1831 1376 1867 por los guardas de Jaen,
917 1871 1518 1908 que con acuerdo discreto
917 1918 1386 1954 cón diferentes disfraces
908 1961 1432 2002 á Torre Campo se fueron,
912 2003 1546 2042 dando traza con cordeles
907 2049 1540 2088 le echaron lazos al cuerpo
903 2092 1546 2130 á tiempo que en su caballo
907 2139 1545 2177 iba á montar sobre él dieron.
910 2181 1402 2223 Hizo fuego con las armas,
904 2226 1374 2267 disparó bocas de fuego,
