1737 2508
940 46 964 196 7
248 157 734 198 salió diciendo; no habia
246 202 926 247 mas Rey, ni Marqués, que él mesmo.
252 248 733 285 A una doncella tambien
247 293 791 336 forzar quiso en un convento,
253 340 901 388 causando escándalo grande
249 383 706 421 á Religiosos, y pueblo.
251 427 610 460 El Capitan General
252 471 903 519 tuvo de nuestro Rey pliego
244 514 897 564 que á sus Capitanes diese;
243 559 889 609 el órden para prenderlo.
242 602 891 654 Siguiéronlo, y en Osuna
243 650 883 697 se refugió de un convento,
243 692 688 729 y desde la torre echaba
251 737 895 788 vivos volcanes de fuego.
241 781 899 832 Entraron, pues, á sacarlo
239 824 891 875 precediendo en lo dispuesto
243 871 895 918 la licencia del Vicario:
241 911 891 965 y él una bóveda abriendo
245 957 891 1009 su boca era un besubio
247 1003 891 1053 de relámpagos y truenos..
243 1045 891 1097 Hirió dos ó tres Soldados,
243 1091 892 1141 entonces le acometieron
240 1134 881 1187 hiriéndole en una pierna
237 1179 886 1231 al fin lo sacaron preso
236 1219 881 1274 De aquí al puerto lo llevaron,.
233 1261 875 1321 y despues por real Acuerdo
233 1307 887 1363 de nuestro Monarca Invicto
235 1353 873 1409 la inmunidad atendiendo
236 1397 731 1441 que lo volviesen á Osuna
244 1440 751 1492 ordenó piadoso. Luego
235 1486 831 1544 al Alcaide de la cárcel
227 1529 869 1588 habiendo pasado tiempo
226 1573 871 1631 lo aseguró, y prevenido
229 1617 877 1675 de ciertas armas, ligero
235 1664 877 1720 le disparó una pistola;
233 1707 879 1762 atravesándole el cuerpo,
232 1751 873 1806 y despues con un rejon
231 1795 879 1851 le acabó el vital aliento,
225 1837 869 1895 de la cárcel se salió
230 1882 867 1940 y en Luque su- Mesonero!
227 1925 875 1983 le hospedó cierta mañana
231 1968 869 2030 y al cabo de poco trecho;
239 2013 871 2073 de un trabucazo murió:
227 2058 863 2115 á lo cual dijo Florencio:
229 2104 863 2155 suplico á la real Sala
231 2146 863 2198 que aquesta muerte es incierto
238 2190 728 2237 porque no la he cometido,
226 2234 883 2302 ni de obra, ni pensamiento
983 173 1585 233 que para rendir la vida, ¡59s9
984 217 1579 277 que por instantes espero,
982 259 1586 313 no es justo se me hagá cargo,
976 303 1587 364 de delitos que no he heclio.
974 346 1582 404 No soy santo ni lo he sido
972 389 1588 449 ni se han tocado en mi cuerpo
980 437 1577 492 camándulas ni rosarios,.
980 480 1578 530 que de esto jamás me precio;
968 526 1452 569 mas de esa causa, señor,
980 569 1577 629 está el informe mal hecho.
979 614 1468 658 Ya se os guardará justicia,
967 658 1583 720 dijo el Presidente recto.
971 704 1380 745 Prosiguió la relacion,
976 748 1578 799 diciendo: como en un pueblo
976 793 1587 854 cercano á Doña Mencía
968 836 1588 892 gozó por su cuenta, y riesgo
968 880 1587 943 año y medio una doncella.
971 926 1579 988 Un Alcalde puso presos!
974 970 1579 1032 de su lugar dos vecinos
969 1013 1583 1076 y precediendo los ruegos1
965 1061 1585 1120 de sus mayores, pidió,
963 1102 1583 1164 que los soltase al momento,:
964 1150 1579 1208 Rehusó lo mejor que pudo;
963 1188 1571 1253 y viendo Agustin Florencio.
960 1238 1583 1298 las escusas, fue á la cárcel..
963 1279 1583 1341 y puso en salvo Mlos reos..
970 1325 1585 1388 Y en la plaza dijo á voces:1
974 1370 1582 1429 quien tuviere á mal lo hecho,;
961 1415 1581 1476 sabré quitarle la vida
970 1459 1587 1517 que en todo acontecimiento
967 1504 1586 1553 no hay mas Rey ni mas Justicia,
968 1546 1581 1608 que Don Agustin Elorencio...
968 1591 1583 1650 Tambien a un Arrendador.
965 1636 1587 1698 de tabaco, con apremio
957 1680 1581 1738 le hizo tomar una carga..
965 1722 1585 1786 y envió un papel, diciendo:
965 1769 1583 1831 para la tarde me tenga
960 1813 1587 1874 en oro ó plata el dinero;
960 1856 1583 1917 prestadas cincuenta doblas;
960 1901 1580 1956 tambien pidió á un cabellero
963 1946 1587 2008 por decir no las teniá.
956 1989 1585 2052 tomó en sebada su precio.
952 2034 1577 2096 Por vino envio á una casa
959 2080 1587 2138 no lo quiso dar el dueño
960 2124 1583 2183 por ocasion de deberle
948 2166 1580 2230 muchas porciones Florencio ;
948 2212 1359 2252 el cual indignado fué
953 2256 1547 2313 para quitarlo, de enmedio....
