1737 2508
1448 117 1663 272 Núm. 181.
485 1157 1596 1221 CARTA AMOROSA
329 1270 1728 1328 que escribe un soldado de las provincias á su
330 1341 1733 1397 querida novia, manifestándole el sentimiento que
323 1411 1734 1471 esperimenta por hallarse ausente de su patria,
416 1481 1661 1539 y en particular de ella, advirtiéndola los
654 1550 1428 1608 deseos que tiene de verla.
516 1669 830 1710 Trovo primero.
378 1763 884 1807 Ya que de tí estoy ausente,
327 1816 762 1855 te quisiera preguntar
324 1866 762 1904 con amor enardecido
332 1916 919 1958 si otro has puesto en mi lugar.
370 1967 871 2006 Mi corazon mucho siente
334 2017 723 2056 aquesta separacion,
331 2067 866 2108 y así entre pena te advierto
338 2119 816 2158 que me mires con dolor
336 2171 840 2209 ya que de tí estoy ausente.
365 2220 860 2261 Es mi amor tan singular
337 2270 824 2314 como te tengo probado,
1053 1673 1463 1714 no ceso de suspirar,
1057 1722 1562 1765 ya que no estoy á tu lado
1053 1772 1513 1815 te quisiera preguntar.
1093 1823 1570 1866 Me mostraré agradecido
1064 1873 1498 1916 si conozco tu lealtad,
1055 1923 1510 1965 claramente ya te digo
1063 1973 1639 2017 de que siempre te he de amar
1057 2024 1494 2067 con amor enardecido.
1109 2074 1524 2118 Con gran liberalidad
1062 2125 1516 2171 te ofrezco mi corazon,
1057 2176 1502 2219 si me llegas á olvidar
1060 2227 1486 2268 me quejaré con razon
1054 2279 1650 2322 si otro has puesto en mi lugar.
