1737 2508
281 1162 1451 1315 CONTESTACION AMOROSA
157 1331 1570 1385 que hace esta dama á su amante, manifestándo-
148 1400 1568 1457 le la firmeza de su amor y el regocijo que ha
321 1472 1409 1527 tenido por haber recibido su carta.
357 1538 642 1691 Trovo primero.
197 1701 711 1740 Cuando á mis manos llegó
160 1752 640 1793 tu carta dueño querido,
156 1802 618 1840 todo el pesar que tenia
154 1851 601 1892 se me volvió regocijo.
199 1903 624 1943 Mi espíritn se alegró
153 1955 632 1996 en tan grande demasía,
157 2005 604 2044 que tuvo mi corazon,
151 2056 628 2094 una muy grande alegría
162 2106 690 2144 cuando á mis manos llegó.
194 2157 624 2194 Claramente yo te digo
162 2207 598 2245 que me llené de placer
153 2256 668 2297 al ver tus versos lucidos,
156 2308 596 2346 cuando comenzé á leer
163 2361 647 2398 tu carta, dueño querido.
929 1666 1358 1707 Cuando tu carta leia,
888 1719 1316 1756 tuvo alivio mi pasion
877 1768 1354 1808 al saber que, tú vivias;
879 1819 1301 1857 ya para mí se acabó
879 1870 1372 1907 todo el pesar que tenia.
921 1920 1392 1960 Yo te aseguro por fijo,
889 1972 1398 2009 que recibí gran contento,
885 2022 1389 2062 y sabiendo que eras vivo
881 2074 1359 2112 ya todo mi sentimiento
878 2124 1322 2161 se me volvió regocijo.
1129 2214 1313 2255 Segundo.
925 2305 1438 2345 Me preguntas terminante
884 2358 1450 2399 si otro he puesto en tu lugar,
