1737 2508
252 156 695 195 de ver accion tan heróica;
251 205 819 243 y aunque mas la han reportado,
247 253 620 291 no fué fácil detenerla,
247 301 693 338 pues con ánimo arrestado,
245 348 675 386 recogiendo mil doblones,
243 397 680 434 tres vestidos y el caballo,
246 445 610 482 se salió de la ciudad,
242 493 778 528 y un primo fué por su amparo
241 540 647 577 para ir en su compañía,
244 588 700 624 pero presto le dió el pago,
240 637 696 673 que á cosa de media legua
244 684 670 718 de puñaladas le ha dado.
239 731 760 769 Llegó á la ciudad de Andujar,
240 779 660 815 dia de la Cruz de Mayo;
234 829 622 865 y paseando sus calles,
231 876 624 910 con un cierto cirujano
236 922 664 960 tuvo no sé qué contienda
231 969 631 1007 y le dió un carabinazo.
236 1017 664 1054 Confiándose en sus bríos
235 1066 706 1101 luego el camino ha tomado
236 1113 668 1149 para Córdoba , mas antes
228 1161 722 1198 entró en la villa del Carpio,
226 1209 668 1244 donde tuvo unas palabras
225 1259 690 1293 con don Francisco Fajardo
230 1305 594 1340 escribano de la villa,
229 1351 668 1388 que se estaba chanceando
226 1400 685 1437 con ella; mas entre burlas
223 1448 680 1484 dos puñaladas le ha dado.
219 1496 600 1532 Ligeramente camina,
221 1543 701 1581 porque la siguen los pasos,
217 1592 737 1629 y no es razon de que duerma
224 1637 739 1677 quien tiene muchos contrarios
211 1684 738 1724 Entró en Córdoba una noche,
215 1733 743 1773 y en el meson de Juan Calvo,
217 1781 782 1820 que está en la fuente del Potro,
215 1829 737 1867 dió la muerte á un licenciado,
209 1875 635 1912 y al mesonero tambien
215 1923 724 1962 le dió en la cabeza un tanto,
212 1970 666 2010 porque quiso adelantarse;
211 2019 652 2058 y al salir, á un escribano,
207 2067 622 2106 le cortó cara y narices;
207 2114 596 2153 y á Ecija caminando,
207 2164 749 2201 con don Francisco de Vargas
205 2211 632 2248 se acomodó por criado.
212 2258 648 2296 A un paje que éste tenia
963 153 1412 190 porque fué desvergonzado,
959 201 1358 237 le degolló la garganta,
961 250 1478 286 y lo mismo hizo á un lacayo,
966 297 1384 334 que quiso volver por él;
961 343 1413 380 pero poniéndose en salvo,
968 392 1343 429 al campo de Gibraltar
968 440 1414 478 se fué con unos soldados.
965 488 1432 526 Recorriendo sus trincheras,
966 536 1436 573 seis ingleses ha encontrado,
968 585 1394 622 que estaban de centinela,
967 633 1398 668 y en muy breve les dió el pago,
963 679 1412 716 pues fieros la acometieron
967 726 1371 765 pero les salió bien caro.
960 774 1430 814 A todos seis dió la muerte,
966 824 1390 860 las armas les ha quitado,
959 871 1446 910 y al marqués de Villadarias
966 919 1389 956 las presentó por regalo.
962 966 1454 1008 Se partió á Ciudad-Rodrigo,
959 1013 1357 1049 sentó plaza de soldado
959 1062 1389 1101 en un tercio muy lucido,
955 1108 1438 1148 y un dia que salió al campo
963 1156 1349 1195 por forraje, se apartó
960 1206 1432 1242 bastante, y en un barranco
957 1254 1383 1291 estaban diez portugueses
953 1303 1380 1337 escondidos, y arrestados
961 1348 1362 1387 quisieron llevarla presa,
963 1396 1348 1434 pero fueron apresados.
963 1443 1458 1483 De los diez mató á los siete,
958 1492 1378 1530 los otros tres maniatados
952 1540 1352 1576 llevó á la plaza, y alll
953 1587 1341 1625 quedaron maravillados
955 1635 1431 1673 en ver tan heróicos hechos
955 1682 1341 1721 y arrojo tan temerario.
954 1732 1274 1767 A Badajoz caminó
949 1780 1411 1817 con un tercio que enviaron
951 1829 1352 1865 de reclutas á la ciudad,
943 1877 1508 1917 y el sargento don Juan Blanco,
947 1924 1401 1960 sobre dos reales de á ocho
945 1971 1424 2012 que ella le habia prestado,
943 2020 1349 2057 se trabaron de palabras
944 2070 1346 2106 las espadas arrancando,
948 2116 1350 2153 se volvieron contra ella
943 2164 1434 2201 diez y seis de los soldados.
948 2212 1338 2248 A todos los hizo cara
947 2260 1323 2297 una hora (caso raro!)
