1737 2508
1129 113 1416 267 (Número 321)
225 1443 1441 1497 DONA LSAREL GALLARDO.
174 1534 1528 1594 NUEVA Y CURIOSA RELACION DEL INVENCIBLE VALOR DE UNA
188 1581 1506 1638 hermosa doncella natural de la ciudad de Jaen, que po: desagraviar á sa
594 1632 1090 1670 padre, hizo treinta muertes.
169 1780 580 1819 Atemoricese el orbe,
174 1827 644 1871 tengan silencio los guapos,
180 1874 624 1919 los que de dia y de noche
180 1922 709 1967 andan siempre embroquelados,
178 1971 606 2014 echando plantas al aire,
178 2019 704 2062 mucha lengua y pocas manos,
184 2067 610 2109 y por muy poca ocasion
179 2115 618 2158 echan fieros y desgarros.
180 2164 610 2206 Escuchad de una mujer
179 2215 578 2253 los arrojos temerarios,
178 2264 574 2301 sus heróicas valentías;
177 2311 651 2352 no es doña Teresa Llanos,
893 1770 1267 1809 ni doña María Ponce,
900 1814 1377 1857 que tanto se han celebrado
901 1867 1318 1905 por su rasgo y gallardía,
904 1912 1328 1952 es doña Isabel Gallardo
901 1963 1343 2001 la que voy á proponeros,
900 2011 1337 2050 y asi la atencion encargo.
908 2058 1283 2099 En la ciudad de Jaen,
903 2103 1375 2147 á la que el Betis cercando,
907 2150 1369 2196 riega y baña sus cimientos
907 2199 1379 2243 cuando se van despeñando,
907 2249 1365 2290 y hecho culebras de plata,
903 2296 1323 2340 cristales vá derramando:
