1765 2512
32 221 549 267 diez mató en esta pendencia,
37 271 514 320 y los otros maltratados
39 318 530 364 la siguen; mas poco á poco
39 369 409 412 ella se fué retirando,
40 411 539 458 que se la quebró la espada.
47 461 483 506 Mas un valiente mulato,
47 508 551 552 viéndola que está sin armas,
48 555 497 601 á su lado se ha arrimado
47 607 415 649 solo para defenderla,
47 652 535 702 y ella le dijo : anda, galgo,
39 699 557 745 no me amparo de tu sombra
46 748 503 793 mientras durára mi brazo;
47 797 451 842 y quitándole la espada
43 842 521 890 le rompió todos los cascos.
53 891 459 938 Al soplo de una pistola
55 933 653 984 dió muerte á don Juan Manzano;
48 992 425 1031 capitan de infantería,
58 1036 447 1082 y ella se fué retirando
56 1084 493 1129 á un convento dominico,
54 1132 501 1177 y metiéndose en sagrado,
51 1178 464 1225 la cercaron al instante:
57 1227 551 1272 mas al cercarla fué en vano,
61 1273 459 1323 que con otro religioso
57 1322 533 1368 que la salió acompañando,
61 1370 517 1416 tambien vestida de fraile,
53 1417 559 1465 se puso al instante en salvo.
61 1466 535 1512 Entró en la villa de Zafra.
61 1513 501 1559 á tiempo que reclutando
61 1564 493 1609 estaban dos compañías,
65 1609 536 1664 y por muy poco embarazo
71 1658 515 1710 que tuvo con un cochero
747 201 1243 242 de un señor muy respetado,
756 250 1121 291 la tirarou á traicion,
761 295 1195 339 y atravesáronla un brazo,
755 345 1183 385 Otra estocada la dieron,
753 392 1177 436 y sin poder remediarlo,
760 439 1217 481 cayó desmayada en tierra,
756 486 1213 527 donde á voces publicando,
755 535 1234 577 confesion pide, y al punto
756 582 1183 624 ser mujer ha declarado.
755 630 1237 672 La dieron los Sacramentos,
766 677 1247 719 vuelta en sí ya del desmayo
763 726 1153 770 la curaron las heridas,
767 773 1263 816 y despues que hubo sanado,
763 822 1215 863 se enamoró de esta dama
767 870 1175 910 un capitan de caballos,
768 918 1241 959 llamado don Juan Corazas,
772 964 1307 1005 de su sangre se ha informado,
767 1013 1191 1059 y viendo que era noble.
770 1060 1257 1103 al punto lo han dispensado.
776 1110 1199 1151 Al fin se casó con ella,
771 1156 1199 1202 y vivieron descansados;
775 1203 1259 1246 pues el gran Felipe Quinto
777 1253 1271 1297 (que de Dios está gozando)
780 1303 1129 1340 señalóles una renta.
767 1348 1283 1389 Dios nos dé su auxilio santo,
783 1394 1243 1438 para que en conformidad,
777 1443 1279 1486 en su amor y gracia estando,
784 1491 1267 1535 logremos muchos aumentos,
777 1538 1213 1582 viviendo y considerando
781 1587 1235 1630 que solo en servicio suyo
785 1639 1181 1680 el cielo nos será dado.
673 1964 803 2011 FIN.
569 2240 921 2288 CARMONA:—1858.
202 2296 1280 2351 Imp. de D. José M. Moreno, calle Juan de la Cabra, n.o. 1.
