1765 2512
150 136 490 173 en esta ciudad vivia
146 184 568 224 don Gerónimo Gallardo,
143 232 564 273 hombre poderoso y rico,
147 278 544 318 señor muy apotentado.
135 329 556 366 El cielo le dió una hija;
142 375 610 414 mal dije, un angel humano,
146 424 593 461 corto me quedé, una diosa.
144 468 612 508 Venus segunda en el garbo.
136 518 604 556 Nas todas cuantas virtudes
135 565 572 605 pi ede tener un cristiano,
138 614 451 651 ter ia esta criatura,
131 662 501 698 y sabia en alto grado
132 709 494 746 leer, contar, escribir,
127 755 582 793 tañer instrumentos varios.
123 803 612 841 Nunca pensó en ser casada
124 851 608 889 manteniéndose en su estado
128 900 540 937 siempre con honestidad,
126 948 536 985 guardando sumo recato.
130 994 554 1035 Con un primo que tenia,
124 1042 522 1082 en una sala ó el patio,
124 1090 574 1132 dentro de su misma casa,
124 1139 510 1178 era su ejercicio tanto
122 1187 558 1228 en jugar la espada negra,
117 1236 639 1275 que era pasmo de los pasmos.
120 1285 614 1323 Salió muy diestra y valiente,
122 1331 618 1372 y hallándose de veinte años,
116 1378 584 1418 tuvo el padre de esta dama
119 1425 553 1464 un dia con cierto hidalgo
117 1474 551 1513 unas palabras , y fueron
117 1521 470 1559 desafiados al campo,
117 1570 572 1610 donde le dieron la muerte,
111 1619 509 1654 y á su casa fué llevado
111 1666 524 1704 á la vista de su esposa,
112 1712 622 1753 en donde con tiernos llantos,
105 1761 534 1798 con lágrimas y suspiros,
107 1810 576 1845 por ver á su esposo amado
111 1856 602 1896 difunto allí en su presencia,
112 1904 528 1942 se lamenta en este caso.
113 1954 572 1990 La hija en ver á su padre,
109 2001 610 2041 toma el cielo con sus manos;
112 2048 512 2087 no hay desatada leona,
108 2097 534 2135 ni tigre hay acuchillado,
112 2146 542 2182 que con ella se compare.
132 2192 576 2231 n una sala se ha entrado,
106 2243 528 2281 y quitados sus vestidos,
860 137 1344 178 de hombre se ha disfrazado;
857 188 1258 224 se pone lucidas armas,
864 235 1318 270 y montando en un caballo,
866 283 1354 320 partió como un rayo al punt
868 329 1240 365 donde estaba retirado
863 377 1382 417 el que dió muerte á su padre
859 427 1180 465 y para disimularlo
864 475 1242 508 el intento que llevaba,
860 521 1288 556 les encomendó el caballo
851 568 1336 604 á unos pastores que estaban
857 615 1339 653 de allí trecho no muy largo,
860 663 1308 700 Llegó donde el tal estaba,
858 710 1324 750 cortesmente le ha llamado,
859 760 1287 796 y dice, que dos palabras
857 807 1338 846 quiere decirle en el campo.
853 854 1308 894 Salió , y para mas seguro,
851 902 1264 937 consigo lleva un esclavo
858 950 1320 990 que le guarde las espaldas,
851 997 1352 1040 y así que le vió en el campo,
856 1045 1226 1084 le dice : vil caballero,
854 1092 1268 1133 pícaro, traidor, villano;
856 1140 1284 1180 tú has dado muerte á mi padre,
848 1190 1283 1228 y yo á la demanda salgo,
848 1236 1286 1274 Echó pues mano al acero
852 1287 1306 1325 y su contrario echó mano;
851 1334 1282 1370 mas á pocos movimientos
842 1380 1257 1417 una estocada le ha dado
852 1427 1262 1466 la dama al tal caballero,
844 1476 1286 1515 y en su sangre revolcado;
847 1524 1264 1560 el esclavo á la demanda
848 1572 1238 1609 quiso salir de su amo.
840 1619 1334 1657 Pero en vano fué el arresto,
842 1668 1334 1704 que al moverse cuatro pasos
848 1715 1332 1755 le dió la muerte al moreno,
843 1766 1195 1799 y con ánimo bizarro
842 1811 1232 1847 cortó la mano derecha
836 1859 1216 1897 al caballero contrario;
842 1905 1278 1945 envolvióla en un pañuelo,
840 1954 1254 1992 á su casa vuelta dando,
836 2002 1274 2040 y dándosela á su madre,
842 2050 1410 2089 de aquesta suerte le ha hablado:
842 2098 1290 2138 veis aquí la mano, madre,
835 2147 1258 2184 de aquel alevoso ingrato
839 2195 1357 2233 que dió la muerte á mi padre.
823 2244 1241 2281 Se quedaron admirados
