1752 2480
255 44 295 196 4
617 168 1142 204 Yo me vi muerto y tendido
572 211 1076 249 sin saber quién me mató,
565 254 1018 291 mas vide quien se dolió
560 298 1094 333 de mí muerte estando vivo.
180 340 624 379 Oí los fuertes rumores,
137 384 554 422 vide la funesta tumba,
133 430 643 466 oigo una voz que retumba,
138 474 556 507 al eco de los clamores,
131 519 555 551 ya cesaron mis amores
137 562 640 598 de la que tanto he querido,
131 606 587 639 ya doblan enternecidos
130 650 638 686 todos los templos por mí,
125 694 586 727 y haz cuenta que para tí
132 739 648 772 yo me vi muerto y tendido.
169 824 677 863 Oye como están doblando,
124 869 612 905 mira mi cuerpo enlutado,
128 916 608 947 contémplame amortajado
121 961 653 995 y que por mí estás llorando,
116 1003 609 1037 mira ya el pésame dando
124 1046 632 1083 de tu amante, pues murió,
121 1092 480 1124 mira como feneció
123 1135 738 1172 vuestro amante y vuestro afecto,
117 1179 574 1215 considérame ya muerto
115 1224 622 1260 sin saber quien me mató.
920 345 1470 381 Ya no existo en este mundo,
868 389 1258 426 todo acabó para mí,
878 434 1330 467 mis alientos dieron fin
871 477 1362 513 en un sepulcro profundo;
875 521 1361 556 fuí colocado en un tumbo
868 565 1292 599 de negro su pabellon;
876 608 1250 642 todo esto lo observó
868 653 1370 687 mi discurso y mi sentido,
868 698 1383 733 y en tristes sombras metido
874 742 1284 774 observé quien se dolió.
908 828 1465 864 En fin, conozco en mi cuerpo
872 875 1354 911 que difunto yo no estoy,
868 919 1261 952 persona viviente soy
859 962 1348 997 en este mismo momento,
863 1006 1431 1038 mas yo sosiego no encuentro
859 1049 1284 1086 en este valle afligido,
864 1094 1330 1131 advierte lo que te digo,
855 1139 1363 1176 si fueras fiel y constante,
859 1183 1240 1214 no debias alegrarte
855 1228 1404 1261 de mi muerte estando vivo.
744 1658 904 1810 FIN.
660 2202 1036 2241 Carmona:=1864.
176 2248 1448 2290 Imprenta de D. José M. Moreno, calle Madre de Dios, número 1.
