1737 2508
408 62 438 212 3
785 189 1321 225 Mi ser en un punto empieza
740 234 1290 269 y en un punto ha de acabar,
746 275 1250 314 el que mi nombre acertáre,
739 318 1102 358 solo dirá la mitad.
341 358 832 399 El hombre de mas talento
297 401 736 443 en mí le vino á perder,
291 445 704 485 y luego se vino á ver
292 490 718 531 falto de conocimiento;
296 531 817 574 se pierde su entendimiento,
295 576 734 617 se arrebata su agudeza,
288 619 686 657 se calienta la cabeza,
295 665 756 704 y allí tiene que dejarme,
295 708 818 751 porque si quiere acertarme,
289 751 823 794 mi ser en un punto empieza.
329 795 858 840 El hombre pierde la ciencia,
296 842 710 882 pero no adelanta nada,
289 886 820 927 yo estoy hecho á puñaladas,
286 929 852 973 aunque con mucha paciencia,
294 976 732 1013 y tengo tanta decencia,
293 1018 814 1061 que acompaño á un general,
288 1060 810 1106 á un conde, á un mariscal,
291 1105 768 1146 me junto con la grandeza,
287 1149 713 1188 en fin, mi naturaleza
289 1193 766 1235 en un punto ha de acabar.
1076 370 1542 404 Yo soy tan menesterosa,
1026 415 1604 452 que todo el mundo me quiere,
1028 457 1534 496 hombres, niños y mujeres;
1026 498 1520 541 soy de hechure trabajosa,
1033 542 1490 584 y aunque soy dificultosa,
1026 590 1531 626 encargo al que me lleváre,
1027 633 1561 670 que me ha de llevar á pares
1030 678 1374 712 usando de bizarría,
1032 722 1378 757 y tendrá sabiduria
1031 768 1532 803 el que mi nombre acertáre.
1069 811 1473 846 Mira si tengo fortuna
1025 851 1421 893 y soy de dicha feliz,
1027 900 1409 933 cuando yo para salir
1023 945 1434 979 aderezo dos columnas;
1031 988 1462 1022 pero no habrá criatura
1025 1033 1411 1066 que ponga dificultad,
1019 1078 1571 1113 aunque me llegue á encontrar
1023 1124 1576 1158 con tu mujer, no te asombre,
1023 1168 1612 1203 que si has de decir mi nombre,
1019 1210 1414 1245 solo dirás la mitad.
820 1250 1264 1286 Por un tropezon que dí
772 1294 1238 1331 todo el mundo murmuró,
767 1338 1195 1376 otros tropiezan y caen
772 1383 1203 1420 y no los murmuro yo.
326 1413 795 1459 Quisiera saber quién son
286 1459 703 1498 los pícaros bribonazos
288 1501 829 1546 que van siguiendo mis pasos
286 1546 718 1589 para tal murmuracion;
284 1590 787 1634 siempre será algun soplon
278 1634 746 1678 que hablando contra mí,
277 1679 810 1723 conozco que es hombre vil,
287 1721 722 1765 porque si fuera formal
274 1766 655 1806 no hablaría tan mal
273 1810 718 1853 por un tropezon que dí.
328 1858 751 1896 ¿Serán algunos amigos
276 1900 788 1943 de aquellos mas allegados
271 1944 801 1988 los que habrán murmurado
279 1989 767 2029 en algun puesto de vino?
275 2034 673 2070 debe de ser enemigo
271 2075 736 2119 ese que contra mí habló,
271 2121 781 2164 siempre será un borrachon
274 2167 736 2209 quien me vido tropezar,
277 2212 662 2249 y por esto nada mas
275 2257 739 2296 todo el mundo murmuró.
1060 1432 1476 1467 Soy amigo verdadero,
1013 1477 1480 1512 me gusta la diversion,.
1022 1521 1492 1553 y en cualesquiera funcion
1015 1564 1392 1597 sacrifico mi dinero;
1024 1609 1447 1641 jamás he sido grosero,
1015 1652 1458 1688 y conmigo se distraen,
1012 1698 1475 1730 de la calle no me traen
1009 1741 1479 1776 á mi casa descompuesto,
1012 1785 1482 1819 y si alguna vez tropiezo,
1007 1828 1455 1862 otros tropiezan y caen.
1054 1873 1572 1909 En fin, como no soy ciego,
1008 1913 1501 1952 voy mirando lo que pasa,
1008 1958 1517 1995 que no hay taberna ni casa
1012 2003 1554 2042 sin que mantenga su juego,
1003 2048 1452 2082 de allí sale desde luego
1012 2091 1530 2130 el que ganó, el que perdió,
1007 2136 1502 2173 sale el que se emborrachó
1012 2180 1516 2219 blasfemando y dando vales,
1016 2223 1451 2259 cayéndose por las calles
1004 2269 1408 2305 y no los murmuro yo.
