1737 2508
878 256 994 291 5
299 307 748 343 de no venir por aquí.
244 356 928 392 Leand. Que no vuelva á visitaros?
243 405 874 439 Sab. Si señor, pues que ya vé
289 453 818 487 de aquesto nada sacamos:
290 499 754 537 bien considero, señor,
296 548 814 585 como habiéndonos tratado
304 596 763 634 cuando servia á su tío,
296 644 820 683 sin que sea nada estraño,
298 689 742 730 y por pura estimacion
291 739 914 781 viene usted de cuando encuando,
290 788 730 827 á que muy agradecida
300 836 826 876 le estoy por favores tantos,
301 885 752 923 pero habiendo de vivir
294 934 872 972 con mi esposo, sus mandatos
298 982 766 1021 son preceptos para mi;
292 1032 732 1069 me tiene manifestado
303 1081 802 1117 que no gusta de visitas,
295 1133 839 1169 y yo como muger de garbo
304 1179 764 1215 es preciso le dé gusto,
301 1225 784 1263 todo disgusto escusando:
295 1278 857 1311 y así pues... mas ay de mí!
296 1323 806 1359 que parece que llamaron
300 1370 522 1409 á la puerta,
252 1418 689 1457 Dent. Joaq. Catalina?
248 1468 920 1505 Sale Cat. Señora abro, ó no abro?
252 1516 924 1554 Sab.Que has de hacer, y ustedseñor
293 1564 790 1603 escóndase en ese cuarto
290 1611 918 1653 mientras pasa. Leand. Voy allá,
291 1661 749 1701 embiale á algun recado
300 1711 503 1758 pronto. Vase.
248 1762 730 1796 Sab. Que sin culpa mia
292 1806 830 1846 ande yo en estos trabajos!
244 1856 919 1895 Sale Joag No hallabas el picaporte?
250 1904 880 1946 Cat. Es que al ir he tropezado,
298 1951 816 1993 y me detuve un poquito.
248 2003 873 2041 Sab. Jesus hijo, que temprano
292 2047 782 2087 vienes, no trabajas hoy?
247 2097 922 2140 Joaó. Me duele un poco este brazo.
250 2146 828 2186 Sab. Porque no te vas á ver
290 2193 821 2245 luego con un cirujano?.
970 308 1578 344 Joad. Ya iré, no nos favorece.
1015 356 1506 391 el sobrino de tu amo.
1022 404 1528 440 esta tarde? Sab. Como tu
1010 452 1546 489 le muestras tanto agasajo.
965 502 1268 538 Joad. Yo, hé?.
965 549 1640 586 Sab. Tienes calentura? Joaq. No.
965 597 1622 636 Sab. Pues vete un poco al prado
1005 645 1206 682 á pasear.
970 694 1410 730 Joaq. Al prado? bien,
1014 742 1635 779 luego iré, que aun es temprano:
1012 791 1465 827 que señal será salirle
1017 840 1636 876 á un hombretantospadrastos?ap.
970 887 1574 923 Sab. Yo me iré á ver á mi tia.
970 936 1570 972 Joag. A ver á tu tia? y cuanto
1020 984 1594 1021 te detendrás? Sab. Que se yo.
1019 1032 1580 1069 Jesus hombre, que pelmazo
1023 1080 1553 1117 estás esta tarde! Joaq. Ya,
1021 1129 1548 1166 conque estoy algo pesado?
971 1178 1509 1218 Sab. Mucho.
971 1228 1528 1262 Joaq. Vaya con Dios:.
1021 1276 1546 1312 que rascamoño tan guapo
1020 1324 1647 1360 te he de hacer, con unas piedras
1022 1373 1648 1408 finas, que el maestro me ha dado
1024 1420 1394 1457 por coste y costas.
962 1468 1304 1505 Sab. Lo estimo:
1014 1519 1602 1555 pero ahora no es necesario.
972 1566 1595 1605 Joag. Oyes, el dia de San Juan
1011 1615 1462 1651 tienes ya determinado
1021 1664 1553 1701 que merendemos en casa?
970 1712 1596 1751 Sab. Si me convidan los amos,
1020 1760 1320 1796 no es regular.
963 1809 1354 1845 Joaq. Ya, supongo.
1009 1857 1491 1893 que estaré yo convidado
1020 1906 1459 1945 tambien. Sab. Mucho.
970 1953 1372 1991 Joaq. Y el sobrino,
1016 2002 1544 2040 supongo, estará encargado
1019 2052 1494 2088 de asistir á la segunda
1018 2100 1542 2137 mesa, para hacerte plato.
973 2149 1535 2185 Sab Vienes á mortificarme?
1016 2198 1598 2234 hombre vete con mil diablos.
