<?xml version="1.0" encoding="UTF-8" standalone="yes"?>
<PcGts xmlns="http://schema.primaresearch.org/PAGE/gts/pagecontent/2013-07-15" xmlns:xsi="http://www.w3.org/2001/XMLSchema-instance" xsi:schemaLocation="http://schema.primaresearch.org/PAGE/gts/pagecontent/2013-07-15 http://schema.primaresearch.org/PAGE/gts/pagecontent/2013-07-15/pagecontent.xsd">
    <Metadata>
        <Creator>prov=University of Rostock/Institute of Mathematics/CITlab|PLANET AI GmbH/Gundram Leifert/gundram.leifert@planet-ai.de:name=Pliegos de Cordel (XIXe) - v3(htr_id=26984)::::v=2.6.7
prov=University of Rostock/Institute of Mathematics/CITlab|PLANET AI GmbH/Tobias Gruening/tobias.gruening@planet-ai.de:name=de.uros.citlab.module.baseline2polygon.B2PSeamMultiOriented:v=2.6.7
prov=University of Rostock/Institute of Mathematics/CITlab|PLANET AI GmbH/Tobias Gruening/tobias.gruening@planet-ai.de:name=/net_tf/LA73_249_0mod360.pb:de.uros.citlab.segmentation.CITlab_LA_ML:v=2.6.7
Transkribus</Creator>
        <Created>2020-10-27T11:06:52.423+01:00</Created>
        <LastChange>2020-10-30T17:29:02.097+01:00</LastChange>
        <TranskribusMetadata docId="525373" pageId="22318159" pageNr="124" tsid="47500153" status="DONE" userId="66244" imgUrl="https://files.transkribus.eu/Get?id=ALFJLFYZVEWODFJMULISJNXV&amp;fileType=view" xmlUrl="https://files.transkribus.eu/Get?id=ZWTPOIXCOYKHSFHPWBWVKJYV" imageId="17387674"/>
    </Metadata>
    <Page imageFilename="Moreno_146_8.jpg" imageWidth="1765" imageHeight="2512">
        <ReadingOrder>
            <OrderedGroup id="ro_1606829696427" caption="Regions reading order">
                <RegionRefIndexed index="0" regionRef="r1"/>
            </OrderedGroup>
        </ReadingOrder>
        <TextRegion orientation="0.0" id="r1" custom="readingOrder {index:0;}">
            <Coords points="93,295 93,2270 1500,2270 1500,295"/>
            <TextLine id="r1l1" custom="readingOrder {index:0;}">
                <Coords points="749,332 775,333 802,334 829,334 856,333 856,296 829,297 802,297 775,296 749,295"/>
                <Baseline points="749,320 775,321 802,322 829,322 856,321"/>
                <TextEquiv>
                    <Unicode>8</Unicode>
                </TextEquiv>
            </TextLine>
            <TextLine id="r1l2" custom="readingOrder {index:1;}">
                <Coords points="112,377 140,377 169,377 197,378 226,378 254,378 283,379 311,379 340,379 368,379 397,379 426,380 454,380 483,380 511,380 540,381 568,381 597,382 625,382 654,383 683,384 683,350 654,349 625,348 597,348 568,347 540,347 511,346 483,346 454,346 426,346 397,345 368,345 340,345 311,345 283,345 254,344 226,344 197,344 169,343 140,343 112,343"/>
                <Baseline points="112,366 140,366 169,366 197,367 226,367 254,367 283,368 311,368 340,368 368,368 397,368 426,369 454,369 483,369 511,369 540,370 568,370 597,371 625,371 654,372 683,373"/>
                <TextEquiv>
                    <Unicode>Sab. No replicaba yo á usted</Unicode>
                </TextEquiv>
            </TextLine>
            <TextLine id="r1l4" custom="readingOrder {index:2;}">
                <Coords points="148,426 173,426 199,427 225,427 251,427 277,427 303,427 329,427 355,427 381,428 407,428 432,428 458,428 484,429 510,429 536,430 562,430 588,431 614,432 640,433 666,433 666,399 640,399 614,398 588,397 562,396 536,396 510,395 484,395 458,394 432,394 407,394 381,394 355,393 329,393 303,393 277,393 251,393 225,393 199,393 173,392 148,392"/>
                <Baseline points="148,415 173,415 199,416 225,416 251,416 277,416 303,416 329,416 355,416 381,417 407,417 432,417 458,417 484,418 510,418 536,419 562,419 588,420 614,421 640,422 666,422"/>
                <TextEquiv>
                    <Unicode>que era tan zeloso y raro,</Unicode>
                </TextEquiv>
            </TextLine>
            <TextLine id="r1l6" custom="readingOrder {index:3;}">
                <Coords points="158,474 185,474 212,475 240,475 267,475 295,475 322,476 349,476 377,476 404,476 432,476 459,476 486,476 514,477 541,477 569,478 596,478 623,479 651,480 678,482 706,483 706,449 678,448 651,446 623,445 596,444 569,444 541,443 514,443 486,442 459,442 432,442 404,442 377,442 349,442 322,442 295,441 267,441 240,441 212,441 185,440 158,440"/>
                <Baseline points="158,463 185,463 212,464 240,464 267,464 295,464 322,465 349,465 377,465 404,465 432,465 459,465 486,465 514,466 541,466 569,467 596,467 623,468 651,469 678,471 706,472"/>
                <TextEquiv>
                    <Unicode>de tan ruines pensamientos,</Unicode>
                </TextEquiv>
            </TextLine>
            <TextLine id="r1l8" custom="readingOrder {index:4;}">
                <Coords points="155,525 183,524 211,524 239,524 267,523 295,523 323,523 352,523 380,524 408,524 436,524 464,525 492,525 520,526 549,526 577,527 605,527 633,528 661,529 689,529 718,530 718,497 689,496 661,496 633,495 605,494 577,494 549,493 520,493 492,492 464,492 436,491 408,491 380,491 352,490 323,490 295,490 267,490 239,491 211,491 183,491 155,492"/>
                <Baseline points="155,514 183,513 211,513 239,513 267,512 295,512 323,512 352,512 380,513 408,513 436,513 464,514 492,514 520,515 549,515 577,516 605,516 633,517 661,518 689,518 718,519"/>
                <TextEquiv>
                    <Unicode>que hasta la sombra del gato</Unicode>
                </TextEquiv>
            </TextLine>
            <TextLine id="r1l10" custom="readingOrder {index:5;}">
                <Coords points="156,570 183,571 210,571 237,572 265,572 292,572 319,572 346,573 374,573 401,573 428,573 455,573 483,573 510,574 537,574 564,575 592,575 619,576 646,577 673,577 701,579 701,546 673,544 646,544 619,543 592,542 564,542 537,541 510,541 483,540 455,540 428,540 401,540 374,540 346,540 319,539 292,539 265,539 237,539 210,538 183,538 156,537"/>
                <Baseline points="156,559 183,560 210,560 237,561 265,561 292,561 319,561 346,562 374,562 401,562 428,562 455,562 483,562 510,563 537,563 564,564 592,564 619,565 646,566 673,566 701,568"/>
                <TextEquiv>
                    <Unicode>le espantaba, y que si viera</Unicode>
                </TextEquiv>
            </TextLine>
            <TextLine id="r1l12" custom="readingOrder {index:6;}">
                <Coords points="154,618 179,619 205,619 230,619 256,620 281,620 307,620 333,620 358,620 384,621 409,621 435,621 460,621 486,622 512,622 537,622 563,623 588,624 614,625 640,626 640,592 614,591 588,590 563,589 537,588 512,588 486,588 460,587 435,587 409,587 384,587 358,586 333,586 307,586 281,586 256,586 230,585 205,585 179,585 154,584"/>
                <Baseline points="154,607 179,608 205,608 230,608 256,609 281,609 307,609 333,609 358,609 384,610 409,610 435,610 460,610 486,611 512,611 537,611 563,612 588,613 614,614 640,615"/>
                <TextEquiv>
                    <Unicode>algun hombre por acaso</Unicode>
                </TextEquiv>
            </TextLine>
            <TextLine id="r1l15" custom="readingOrder {index:7;}">
                <Coords points="156,667 181,667 207,667 233,667 259,667 285,667 311,667 337,668 363,668 389,668 415,669 441,669 467,670 493,670 519,671 545,672 571,673 571,639 545,638 519,637 493,636 467,636 441,635 415,635 389,634 363,634 337,634 311,633 285,633 259,633 233,633 207,633 181,633 156,633"/>
                <Baseline points="156,656 181,656 207,656 233,656 259,656 285,656 311,656 337,657 363,657 389,657 415,658 441,658 467,659 493,659 519,660 545,661 571,662"/>
                <TextEquiv>
                    <Unicode>en la casa, era capaz</Unicode>
                </TextEquiv>
            </TextLine>
            <TextLine id="r1l17" custom="readingOrder {index:8;}">
                <Coords points="153,714 180,714 208,714 236,714 264,715 292,715 319,716 347,716 375,717 403,717 431,718 458,719 486,719 514,720 542,721 570,721 597,721 625,722 653,722 681,722 709,723 709,689 681,688 653,688 625,688 597,687 570,687 542,687 514,686 486,685 458,685 431,684 403,683 375,683 347,682 319,682 292,681 264,681 236,680 208,680 180,680 153,680"/>
                <Baseline points="153,703 180,703 208,703 236,703 264,704 292,704 319,705 347,705 375,706 403,706 431,707 458,708 486,708 514,709 542,710 570,710 597,710 625,711 653,711 681,711 709,712"/>
                <TextEquiv>
                    <Unicode>de alborotar todo el barrio?</Unicode>
                </TextEquiv>
            </TextLine>
            <TextLine id="r1l19" custom="readingOrder {index:9;}">
                <Coords points="106,762 131,763 156,763 181,764 206,764 231,764 256,764 281,764 306,764 331,764 356,764 381,764 406,764 431,765 456,766 481,768 506,769 506,735 481,734 456,732 431,731 406,730 381,730 356,730 331,730 306,730 281,730 256,730 231,730 206,730 181,730 156,729 131,729 106,728"/>
                <Baseline points="106,751 131,752 156,752 181,753 206,753 231,753 256,753 281,753 306,753 331,753 356,753 381,753 406,753 431,754 456,755 481,757 506,758"/>
                <TextEquiv>
                    <Unicode>Leand. Es verdad.</Unicode>
                </TextEquiv>
            </TextLine>
            <TextLine id="r1l21" custom="readingOrder {index:10;}">
                <Coords points="108,810 134,810 160,811 186,811 212,811 238,811 264,811 290,812 316,812 343,812 369,813 395,813 421,814 447,814 473,815 499,816 525,817 552,817 552,783 525,783 499,782 473,781 447,780 421,780 395,779 369,779 343,778 316,778 290,778 264,777 238,777 212,777 186,777 160,777 134,776 108,776"/>
                <Baseline points="108,799 134,799 160,800 186,800 212,800 238,800 264,800 290,801 316,801 343,801 369,802 395,802 421,803 447,803 473,804 499,805 525,806 552,806"/>
                <TextEquiv>
                    <Unicode>Sab. No pedí á usted</Unicode>
                </TextEquiv>
            </TextLine>
            <TextLine id="r1l23" custom="readingOrder {index:11;}">
                <Coords points="150,860 175,859 201,859 227,859 253,859 278,859 304,860 330,860 356,860 381,861 407,861 433,862 459,863 484,864 510,865 536,865 562,866 588,867 588,833 562,832 536,831 510,831 484,830 459,829 433,828 407,827 381,827 356,826 330,826 304,826 278,825 253,825 227,825 201,825 175,825 150,826"/>
                <Baseline points="150,849 175,848 201,848 227,848 253,848 278,848 304,849 330,849 356,849 381,850 407,850 433,851 459,852 484,853 510,854 536,854 562,855 588,856"/>
                <TextEquiv>
                    <Unicode>este sobrero prestado,</Unicode>
                </TextEquiv>
            </TextLine>
            <TextLine id="r1l25" custom="readingOrder {index:12;}">
                <Coords points="148,912 173,911 198,910 224,909 249,909 275,908 300,908 326,908 351,908 377,908 402,908 428,909 453,909 479,910 504,911 530,912 555,913 581,913 606,914 632,916 632,882 606,880 581,879 555,879 530,878 504,877 479,876 453,875 428,875 402,874 377,874 351,874 326,874 300,874 275,874 249,875 224,875 198,876 173,877 148,878"/>
                <Baseline points="148,901 173,900 198,899 224,898 249,898 275,897 300,897 326,897 351,897 377,897 402,897 428,898 453,898 479,899 504,900 530,901 555,902 581,902 606,903 632,905"/>
                <TextEquiv>
                    <Unicode>para dárselo al descuido,</Unicode>
                </TextEquiv>
            </TextLine>
            <TextLine id="r1l27" custom="readingOrder {index:13;}">
                <Coords points="142,960 169,959 196,958 223,958 250,957 278,957 305,957 332,957 359,957 386,957 414,957 441,958 468,959 495,959 522,960 550,961 577,961 604,962 631,963 658,964 686,965 686,932 658,931 631,930 604,929 577,928 550,928 522,927 495,926 468,926 441,925 414,924 386,924 359,924 332,924 305,924 278,924 250,924 223,925 196,925 169,926 142,927"/>
                <Baseline points="142,949 169,948 196,947 223,947 250,946 278,946 305,946 332,946 359,946 386,946 414,946 441,947 468,948 495,948 522,949 550,950 577,950 604,951 631,952 658,953 686,954"/>
                <TextEquiv>
                    <Unicode>y hacer un juego de manos,</Unicode>
                </TextEquiv>
            </TextLine>
            <TextLine id="r1l29" custom="readingOrder {index:14;}">
                <Coords points="145,1005 171,1005 198,1005 225,1005 252,1005 278,1005 305,1005 332,1006 359,1006 385,1006 412,1007 439,1007 466,1008 492,1008 519,1009 546,1009 573,1010 599,1011 626,1011 653,1013 680,1014 680,981 653,980 626,978 599,978 573,977 546,976 519,976 492,975 466,975 439,974 412,974 385,973 359,973 332,973 305,972 278,972 252,972 225,972 198,972 171,972 145,972"/>
                <Baseline points="145,994 171,994 198,994 225,994 252,994 278,994 305,994 332,995 359,995 385,995 412,996 439,996 466,997 492,997 519,998 546,998 573,999 599,1000 626,1000 653,1002 680,1003"/>
                <TextEquiv>
                    <Unicode>que sirviera de esperiencia</Unicode>
                </TextEquiv>
            </TextLine>
            <TextLine id="r1l31" custom="readingOrder {index:15;}">
                <Coords points="148,1053 173,1053 199,1053 224,1053 250,1053 275,1053 301,1054 326,1054 352,1054 377,1055 403,1055 428,1056 454,1056 479,1057 505,1057 530,1058 556,1058 582,1059 582,1025 556,1024 530,1024 505,1023 479,1023 454,1022 428,1022 403,1021 377,1021 352,1020 326,1020 301,1020 275,1019 250,1019 224,1019 199,1019 173,1019 148,1019"/>
                <Baseline points="148,1042 173,1042 199,1042 224,1042 250,1042 275,1042 301,1043 326,1043 352,1043 377,1044 403,1044 428,1045 454,1045 479,1046 505,1046 530,1047 556,1047 582,1048"/>
                <TextEquiv>
                    <Unicode>á la porfia, apostando</Unicode>
                </TextEquiv>
            </TextLine>
            <TextLine id="r1l33" custom="readingOrder {index:16;}">
                <Coords points="152,1101 177,1101 202,1101 228,1101 253,1102 278,1102 304,1102 329,1102 355,1102 380,1102 405,1103 431,1103 456,1103 481,1104 507,1105 532,1106 558,1107 558,1073 532,1072 507,1071 481,1070 456,1069 431,1069 405,1069 380,1068 355,1068 329,1068 304,1068 278,1068 253,1068 228,1067 202,1067 177,1067 152,1067"/>
                <Baseline points="152,1090 177,1090 202,1090 228,1090 253,1091 278,1091 304,1091 329,1091 355,1091 380,1091 405,1092 431,1092 456,1092 481,1093 507,1094 532,1095 558,1096"/>
                <TextEquiv>
                    <Unicode>que descubriria toda</Unicode>
                </TextEquiv>
            </TextLine>
            <TextLine id="r1l35" custom="readingOrder {index:17;}">
                <Coords points="142,1150 168,1149 194,1149 220,1150 246,1150 272,1150 298,1150 324,1150 350,1151 377,1151 403,1152 429,1152 455,1153 481,1153 507,1154 533,1155 559,1155 586,1156 586,1122 559,1121 533,1121 507,1120 481,1119 455,1119 429,1118 403,1118 377,1117 350,1117 324,1116 298,1116 272,1116 246,1116 220,1116 194,1115 168,1115 142,1116"/>
                <Baseline points="142,1139 168,1138 194,1138 220,1139 246,1139 272,1139 298,1139 324,1139 350,1140 377,1140 403,1141 429,1141 455,1142 481,1142 507,1143 533,1144 559,1144 586,1145"/>
                <TextEquiv>
                    <Unicode>su ridiculez de plano?</Unicode>
                </TextEquiv>
            </TextLine>
            <TextLine id="r1l37" custom="readingOrder {index:18;}">
                <Coords points="99,1197 132,1197 166,1197 199,1197 233,1198 267,1198 300,1199 334,1199 368,1200 401,1200 435,1201 469,1202 502,1202 536,1203 570,1204 603,1204 637,1205 671,1205 704,1206 738,1206 772,1206 772,1172 738,1172 704,1172 671,1171 637,1171 603,1170 570,1170 536,1169 502,1168 469,1168 435,1167 401,1166 368,1166 334,1165 300,1165 267,1164 233,1164 199,1163 166,1163 132,1163 99,1163"/>
                <Baseline points="99,1186 132,1186 166,1186 199,1186 233,1187 267,1187 300,1188 334,1188 368,1189 401,1189 435,1190 469,1191 502,1191 536,1192 570,1193 603,1193 637,1194 671,1194 704,1195 738,1195 772,1195"/>
                <TextEquiv>
                    <Unicode>Leand. Todo es al pie de la letra.</Unicode>
                </TextEquiv>
            </TextLine>
            <TextLine id="r1l39" custom="readingOrder {index:19;}">
                <Coords points="99,1245 132,1245 165,1245 199,1246 232,1246 266,1246 299,1247 332,1247 366,1247 399,1248 433,1248 466,1249 499,1250 533,1250 566,1251 600,1251 633,1252 666,1253 700,1253 733,1254 767,1255 767,1221 733,1220 700,1219 666,1219 633,1218 600,1217 566,1217 533,1216 499,1216 466,1215 433,1214 399,1214 366,1213 332,1213 299,1213 266,1212 232,1212 199,1212 165,1211 132,1211 99,1211"/>
                <Baseline points="99,1234 132,1234 165,1234 199,1235 232,1235 266,1235 299,1236 332,1236 366,1236 399,1237 433,1237 466,1238 499,1239 533,1239 566,1240 600,1240 633,1241 666,1242 700,1242 733,1243 767,1244"/>
                <TextEquiv>
                    <Unicode>Sab. Pues ya lo ha visto ustedclaro.</Unicode>
                </TextEquiv>
            </TextLine>
            <TextLine id="r1l41" custom="readingOrder {index:20;}">
                <Coords points="95,1293 127,1294 159,1294 191,1295 223,1295 255,1295 287,1296 320,1296 352,1297 384,1297 416,1298 448,1298 480,1298 512,1299 545,1299 577,1300 609,1300 641,1301 673,1301 705,1301 738,1302 738,1268 705,1267 673,1267 641,1267 609,1266 577,1266 545,1265 512,1265 480,1264 448,1264 416,1264 384,1263 352,1263 320,1262 287,1262 255,1261 223,1261 191,1261 159,1260 127,1260 95,1259"/>
                <Baseline points="95,1282 127,1283 159,1283 191,1284 223,1284 255,1284 287,1285 320,1285 352,1286 384,1286 416,1287 448,1287 480,1287 512,1288 545,1288 577,1289 609,1289 641,1290 673,1290 705,1290 738,1291"/>
                <TextEquiv>
                    <Unicode>Joag. Yo no, quien dió al señor</Unicode>
                </TextEquiv>
            </TextLine>
            <TextLine id="r1l43" custom="readingOrder {index:21;}">
                <Coords points="139,1342 169,1342 200,1342 231,1342 262,1343 292,1343 323,1344 354,1344 385,1345 415,1345 446,1346 477,1346 508,1347 538,1348 569,1348 600,1349 631,1349 661,1350 692,1350 723,1350 754,1350 754,1316 723,1316 692,1316 661,1316 631,1315 600,1315 569,1314 538,1314 508,1313 477,1312 446,1312 415,1311 385,1311 354,1310 323,1310 292,1309 262,1309 231,1308 200,1308 169,1308 139,1308"/>
                <Baseline points="139,1331 169,1331 200,1331 231,1331 262,1332 292,1332 323,1333 354,1333 385,1334 415,1334 446,1335 477,1335 508,1336 538,1337 569,1337 600,1338 631,1338 661,1339 692,1339 723,1339 754,1339"/>
                <TextEquiv>
                    <Unicode>mi sombrero.? Sab. Mentecato</Unicode>
                </TextEquiv>
            </TextLine>
            <TextLine id="r1l45" custom="readingOrder {index:22;}">
                <Coords points="140,1392 165,1392 191,1392 217,1392 243,1392 269,1393 295,1393 321,1393 347,1393 373,1394 398,1394 424,1394 450,1394 476,1395 502,1395 528,1396 554,1396 580,1397 606,1397 606,1363 580,1363 554,1362 528,1362 502,1361 476,1361 450,1360 424,1360 398,1360 373,1360 347,1359 321,1359 295,1359 269,1359 243,1358 217,1358 191,1358 165,1358 140,1358"/>
                <Baseline points="140,1381 165,1381 191,1381 217,1381 243,1381 269,1382 295,1382 321,1382 347,1382 373,1383 398,1383 424,1383 450,1383 476,1384 502,1384 528,1385 554,1385 580,1386 606,1386"/>
                <TextEquiv>
                    <Unicode>al punto que tu saliste</Unicode>
                </TextEquiv>
            </TextLine>
            <TextLine id="r1l47" custom="readingOrder {index:23;}">
                <Coords points="139,1442 166,1442 193,1442 220,1442 247,1442 274,1442 301,1442 328,1442 355,1442 382,1442 410,1442 437,1443 464,1443 491,1443 518,1444 545,1444 572,1444 599,1445 626,1445 653,1445 681,1446 681,1413 653,1412 626,1412 599,1412 572,1411 545,1411 518,1411 491,1410 464,1410 437,1410 410,1409 382,1409 355,1409 328,1409 301,1409 274,1409 247,1409 220,1409 193,1409 166,1409 139,1409"/>
                <Baseline points="139,1431 166,1431 193,1431 220,1431 247,1431 274,1431 301,1431 328,1431 355,1431 382,1431 410,1431 437,1432 464,1432 491,1432 518,1433 545,1433 572,1433 599,1434 626,1434 653,1434 681,1435"/>
                <TextEquiv>
                    <Unicode>yo propia se lo he embiado</Unicode>
                </TextEquiv>
            </TextLine>
            <TextLine id="r1l49" custom="readingOrder {index:24;}">
                <Coords points="145,1488 172,1488 199,1488 226,1488 253,1488 280,1489 307,1489 334,1489 361,1490 388,1490 416,1491 443,1491 470,1492 497,1492 524,1493 551,1493 578,1493 605,1494 632,1494 659,1495 687,1495 687,1462 659,1462 632,1461 605,1461 578,1460 551,1460 524,1460 497,1459 470,1459 443,1458 416,1458 388,1457 361,1457 334,1456 307,1456 280,1456 253,1455 226,1455 199,1455 172,1455 145,1455"/>
                <Baseline points="145,1477 172,1477 199,1477 226,1477 253,1477 280,1478 307,1478 334,1478 361,1479 388,1479 416,1480 443,1480 470,1481 497,1481 524,1482 551,1482 578,1482 605,1483 632,1483 659,1484 687,1484"/>
                <TextEquiv>
                    <Unicode>con la moza Joaq. Catalina?</Unicode>
                </TextEquiv>
            </TextLine>
            <TextLine id="r1l51" custom="readingOrder {index:25;}">
                <Coords points="280,1538 305,1539 330,1539 355,1538 381,1538 406,1538 431,1538 456,1539 482,1539 507,1539 532,1540 557,1541 583,1543 583,1509 557,1507 532,1506 507,1505 482,1505 456,1505 431,1504 406,1504 381,1504 355,1504 330,1505 305,1505 280,1504"/>
                <Baseline points="280,1527 305,1528 330,1528 355,1527 381,1527 406,1527 431,1527 456,1528 482,1528 507,1528 532,1529 557,1530 583,1532"/>
                <TextEquiv>
                    <Unicode>Sale Calalina.</Unicode>
                </TextEquiv>
            </TextLine>
            <TextLine id="r1l53" custom="readingOrder {index:26;}">
                <Coords points="93,1584 125,1584 158,1584 191,1585 224,1585 257,1585 290,1586 323,1586 356,1586 389,1587 422,1587 454,1587 487,1588 520,1588 553,1589 586,1590 619,1590 652,1591 685,1591 718,1592 751,1593 751,1559 718,1558 685,1557 652,1557 619,1556 586,1556 553,1555 520,1554 487,1554 454,1553 422,1553 389,1553 356,1552 323,1552 290,1552 257,1551 224,1551 191,1551 158,1550 125,1550 93,1550"/>
                <Baseline points="93,1573 125,1573 158,1573 191,1574 224,1574 257,1574 290,1575 323,1575 356,1575 389,1576 422,1576 454,1576 487,1577 520,1577 553,1578 586,1579 619,1579 652,1580 685,1580 718,1581 751,1582"/>
                <TextEquiv>
                    <Unicode>Cat. Ya voy, que estaba doblando</Unicode>
                </TextEquiv>
            </TextLine>
            <TextLine id="r1l55" custom="readingOrder {index:27;}">
                <Coords points="144,1632 175,1633 206,1633 237,1633 268,1633 300,1634 331,1634 362,1634 393,1635 424,1635 456,1635 487,1636 518,1636 549,1637 580,1637 612,1638 643,1639 674,1639 705,1640 736,1641 768,1642 768,1608 736,1607 705,1606 674,1605 643,1605 612,1604 580,1603 549,1603 518,1602 487,1602 456,1601 424,1601 393,1601 362,1600 331,1600 300,1600 268,1599 237,1599 206,1599 175,1599 144,1598"/>
                <Baseline points="144,1621 175,1622 206,1622 237,1622 268,1622 300,1623 331,1623 362,1623 393,1624 424,1624 456,1624 487,1625 518,1625 549,1626 580,1626 612,1627 643,1628 674,1628 705,1629 736,1630 768,1631"/>
                <TextEquiv>
                    <Unicode>la mantilla. Joag. Pues de donde</Unicode>
                </TextEquiv>
            </TextLine>
            <TextLine id="r1l57" custom="readingOrder {index:28;}">
                <Coords points="152,1680 183,1680 214,1681 245,1681 276,1681 307,1682 338,1682 369,1683 400,1683 431,1684 462,1684 493,1685 524,1686 555,1686 586,1687 617,1688 648,1689 679,1689 710,1690 741,1691 773,1692 773,1658 741,1657 710,1656 679,1655 648,1655 617,1654 586,1653 555,1652 524,1652 493,1651 462,1650 431,1650 400,1649 369,1649 338,1648 307,1648 276,1647 245,1647 214,1647 183,1646 152,1646"/>
                <Baseline points="152,1669 183,1669 214,1670 245,1670 276,1670 307,1671 338,1671 369,1672 400,1672 431,1673 462,1673 493,1674 524,1675 555,1675 586,1676 617,1677 648,1678 679,1678 710,1679 741,1680 773,1681"/>
                <TextEquiv>
                    <Unicode>vienes ahora? Cat. De un recado</Unicode>
                </TextEquiv>
            </TextLine>
            <TextLine id="r1l59" custom="readingOrder {index:29;}">
                <Coords points="150,1729 175,1730 201,1730 227,1731 253,1731 279,1732 304,1732 330,1733 356,1733 382,1733 408,1733 433,1734 459,1734 485,1734 511,1735 537,1735 562,1736 588,1737 614,1737 640,1738 666,1739 666,1703 640,1702 614,1701 588,1701 562,1700 537,1699 511,1699 485,1698 459,1698 433,1698 408,1697 382,1697 356,1697 330,1697 304,1696 279,1696 253,1695 227,1695 201,1694 175,1694 150,1693"/>
                <Baseline points="150,1717 175,1718 201,1718 227,1719 253,1719 279,1720 304,1720 330,1721 356,1721 382,1721 408,1721 433,1722 459,1722 485,1722 511,1723 537,1723 562,1724 588,1725 614,1725 640,1726 666,1727"/>
                <TextEquiv>
                    <Unicode>de mi ama; bien lo puede</Unicode>
                </TextEquiv>
            </TextLine>
            <TextLine id="r1l61" custom="readingOrder {index:30;}">
                <Coords points="140,1777 165,1779 190,1780 215,1780 241,1781 266,1782 291,1782 317,1783 342,1783 367,1783 393,1783 418,1784 443,1784 468,1784 494,1784 519,1785 544,1785 570,1786 595,1786 620,1787 646,1788 646,1752 620,1751 595,1750 570,1750 544,1749 519,1749 494,1748 468,1748 443,1748 418,1748 393,1747 367,1747 342,1747 317,1747 291,1746 266,1746 241,1745 215,1744 190,1744 165,1743 140,1741"/>
                <Baseline points="140,1765 165,1767 190,1768 215,1768 241,1769 266,1770 291,1770 317,1771 342,1771 367,1771 393,1771 418,1772 443,1772 468,1772 494,1772 519,1773 544,1773 570,1774 595,1774 620,1775 646,1776"/>
                <TextEquiv>
                    <Unicode>decir usted don Leandro.</Unicode>
                </TextEquiv>
            </TextLine>
            <TextLine id="r1l3" custom="readingOrder {index:31;}">
                <Coords points="832,386 863,386 894,386 925,386 956,386 987,387 1018,387 1049,388 1080,388 1111,389 1143,389 1174,390 1205,391 1236,392 1267,392 1298,393 1329,394 1360,395 1391,396 1422,397 1454,398 1454,364 1422,363 1391,362 1360,361 1329,360 1298,359 1267,358 1236,358 1205,357 1174,356 1143,355 1111,355 1080,354 1049,354 1018,353 987,353 956,352 925,352 894,352 863,352 832,352"/>
                <Baseline points="832,375 863,375 894,375 925,375 956,375 987,376 1018,376 1049,377 1080,377 1111,378 1143,378 1174,379 1205,380 1236,381 1267,381 1298,382 1329,383 1360,384 1391,385 1422,386 1454,387"/>
                <TextEquiv>
                    <Unicode>Patr. Amigo queda usted bién.</Unicode>
                </TextEquiv>
            </TextLine>
            <TextLine id="r1l5" custom="readingOrder {index:32;}">
                <Coords points="826,434 859,434 893,434 927,434 960,434 994,435 1028,435 1061,436 1095,437 1129,438 1163,438 1196,439 1230,440 1264,441 1297,442 1331,443 1365,444 1398,445 1432,446 1466,446 1500,447 1500,413 1466,412 1432,412 1398,411 1365,410 1331,409 1297,408 1264,407 1230,406 1196,405 1163,404 1129,404 1095,403 1061,402 1028,401 994,401 960,400 927,400 893,400 859,400 826,400"/>
                <Baseline points="826,423 859,423 893,423 927,423 960,423 994,424 1028,424 1061,425 1095,426 1129,427 1163,427 1196,428 1230,429 1264,430 1297,431 1331,432 1365,433 1398,434 1432,435 1466,435 1500,436"/>
                <TextEquiv>
                    <Unicode>Marc. Aunque fuera cierto el caso,</Unicode>
                </TextEquiv>
            </TextLine>
            <TextLine id="r1l7" custom="readingOrder {index:33;}">
                <Coords points="874,486 904,485 935,484 966,484 996,484 1027,484 1058,485 1088,485 1119,486 1150,487 1181,488 1211,489 1242,490 1273,491 1303,491 1334,492 1365,493 1395,493 1426,493 1457,493 1488,493 1488,460 1457,460 1426,460 1395,460 1365,460 1334,459 1303,458 1273,458 1242,457 1211,456 1181,455 1150,454 1119,453 1088,452 1058,452 1027,451 996,451 966,451 935,451 904,452 874,453"/>
                <Baseline points="874,475 904,474 935,473 966,473 996,473 1027,473 1058,474 1088,474 1119,475 1150,476 1181,477 1211,478 1242,479 1273,480 1303,480 1334,481 1365,482 1395,482 1426,482 1457,482 1488,482"/>
                <TextEquiv>
                    <Unicode>quien no disimula? Joag. Como</Unicode>
                </TextEquiv>
            </TextLine>
            <TextLine id="r1l9" custom="readingOrder {index:34;}">
                <Coords points="882,531 908,532 934,532 961,532 987,532 1014,532 1040,532 1067,533 1093,533 1120,534 1146,535 1173,537 1199,537 1226,540 1226,507 1199,504 1173,504 1146,502 1120,501 1093,500 1067,500 1040,499 1014,499 987,499 961,499 934,499 908,499 882,498"/>
                <Baseline points="882,520 908,521 934,521 961,521 987,521 1014,521 1040,521 1067,522 1093,522 1120,523 1146,524 1173,526 1199,526 1226,529"/>
                <TextEquiv>
                    <Unicode>podia disimularle, </Unicode>
                </TextEquiv>
            </TextLine>
            <TextLine id="r1l11" custom="readingOrder {index:35;}">
                <Coords points="877,579 902,580 928,580 954,580 980,581 1006,581 1032,581 1057,582 1083,582 1109,582 1135,583 1161,584 1187,584 1212,585 1238,586 1264,586 1290,587 1316,588 1342,589 1368,590 1368,556 1342,555 1316,554 1290,553 1264,552 1238,552 1212,551 1187,550 1161,550 1135,549 1109,548 1083,548 1057,548 1032,547 1006,547 980,547 954,546 928,546 902,546 877,545"/>
                <Baseline points="877,568 902,569 928,569 954,569 980,570 1006,570 1032,570 1057,571 1083,571 1109,571 1135,572 1161,573 1187,573 1212,574 1238,575 1264,575 1290,576 1316,577 1342,578 1368,579"/>
                <TextEquiv>
                    <Unicode>si yo iba por mi camino,</Unicode>
                </TextEquiv>
            </TextLine>
            <TextLine id="r1l14" custom="readingOrder {index:36;}">
                <Coords points="876,630 901,629 926,629 952,628 977,628 1002,629 1028,629 1053,629 1078,630 1104,630 1129,631 1155,632 1180,633 1205,634 1231,634 1256,635 1281,636 1307,637 1332,637 1358,637 1358,604 1332,604 1307,604 1281,603 1256,602 1231,601 1205,601 1180,600 1155,599 1129,598 1104,597 1078,597 1053,596 1028,596 1002,596 977,595 952,595 926,596 901,596 876,597"/>
                <Baseline points="876,619 901,618 926,618 952,617 977,617 1002,618 1028,618 1053,618 1078,619 1104,619 1129,620 1155,621 1180,622 1205,623 1231,623 1256,624 1281,625 1307,626 1332,626 1358,626"/>
                <TextEquiv>
                    <Unicode>y haciendo todos reparo</Unicode>
                </TextEquiv>
            </TextLine>
            <TextLine id="r1l16" custom="readingOrder {index:37;}">
                <Coords points="878,676 903,676 929,677 955,677 980,677 1006,677 1032,678 1058,678 1083,678 1109,678 1135,679 1161,679 1186,680 1212,681 1238,682 1264,683 1264,650 1238,649 1212,648 1186,647 1161,646 1135,646 1109,645 1083,645 1058,645 1032,645 1006,644 980,644 955,644 929,644 903,643 878,643"/>
                <Baseline points="878,665 903,665 929,666 955,666 980,666 1006,666 1032,667 1058,667 1083,667 1109,667 1135,668 1161,668 1186,669 1212,670 1238,671 1264,672"/>
                <TextEquiv>
                    <Unicode>en mi cabeza, miré,</Unicode>
                </TextEquiv>
            </TextLine>
            <TextLine id="r1l18" custom="readingOrder {index:38;}">
                <Coords points="880,725 905,725 930,725 955,725 980,725 1005,725 1030,726 1055,726 1080,726 1105,727 1131,727 1156,727 1181,728 1206,728 1231,729 1256,730 1281,730 1306,731 1331,732 1356,732 1382,734 1382,700 1356,698 1331,698 1306,697 1281,696 1256,696 1231,695 1206,694 1181,694 1156,693 1131,693 1105,693 1080,692 1055,692 1030,692 1005,691 980,691 955,691 930,691 905,691 880,691"/>
                <Baseline points="880,714 905,714 930,714 955,714 980,714 1005,714 1030,715 1055,715 1080,715 1105,716 1131,716 1156,716 1181,717 1206,717 1231,718 1256,719 1281,719 1306,720 1331,721 1356,721 1382,723"/>
                <TextEquiv>
                    <Unicode>y viendo este sombrerazo,</Unicode>
                </TextEquiv>
            </TextLine>
            <TextLine id="r1l20" custom="readingOrder {index:39;}">
                <Coords points="874,776 900,775 926,775 953,775 979,774 1006,774 1032,774 1058,775 1085,775 1111,775 1138,776 1164,776 1190,777 1217,778 1243,778 1270,779 1296,780 1322,782 1349,783 1375,784 1402,786 1402,752 1375,750 1349,749 1322,748 1296,746 1270,745 1243,744 1217,744 1190,743 1164,742 1138,742 1111,741 1085,741 1058,741 1032,740 1006,740 979,740 953,741 926,741 900,741 874,742"/>
                <Baseline points="874,765 900,764 926,764 953,764 979,763 1006,763 1032,763 1058,764 1085,764 1111,764 1138,765 1164,765 1190,766 1217,767 1243,767 1270,768 1296,769 1322,771 1349,772 1375,773 1402,775"/>
                <TextEquiv>
                    <Unicode>perdí la paciencia: amigos,</Unicode>
                </TextEquiv>
            </TextLine>
            <TextLine id="r1l22" custom="readingOrder {index:40;}">
                <Coords points="880,822 905,822 930,822 956,822 981,822 1006,822 1032,822 1057,823 1082,823 1108,823 1133,824 1158,824 1184,825 1209,825 1234,826 1260,826 1285,827 1310,828 1336,828 1336,795 1310,795 1285,794 1260,793 1234,793 1209,792 1184,792 1158,791 1133,791 1108,790 1082,790 1057,790 1032,789 1006,789 981,789 956,789 930,789 905,789 880,789"/>
                <Baseline points="880,811 905,811 930,811 956,811 981,811 1006,811 1032,811 1057,812 1082,812 1108,812 1133,813 1158,813 1184,814 1209,814 1234,815 1260,815 1285,816 1310,817 1336,817"/>
                <TextEquiv>
                    <Unicode>yo confieso mi pecado.</Unicode>
                </TextEquiv>
            </TextLine>
            <TextLine id="r1l24" custom="readingOrder {index:41;}">
                <Coords points="817,871 850,871 883,871 916,871 949,871 982,871 1015,871 1049,871 1082,872 1115,872 1148,873 1181,873 1214,874 1247,874 1281,875 1314,876 1347,876 1380,877 1413,878 1446,879 1480,879 1480,845 1446,845 1413,844 1380,843 1347,842 1314,842 1281,841 1247,840 1214,840 1181,839 1148,839 1115,838 1082,838 1049,837 1015,837 982,837 949,837 916,837 883,837 850,837 817,837"/>
                <Baseline points="817,860 850,860 883,860 916,860 949,860 982,860 1015,860 1049,860 1082,861 1115,861 1148,862 1181,862 1214,863 1247,863 1281,864 1314,865 1347,865 1380,866 1413,867 1446,868 1480,868"/>
                <TextEquiv>
                    <Unicode>Aboy. Visto todo cuanto esponen</Unicode>
                </TextEquiv>
            </TextLine>
            <TextLine id="r1l26" custom="readingOrder {index:42;}">
                <Coords points="872,920 898,919 924,919 950,919 977,919 1003,920 1029,920 1056,920 1082,920 1108,921 1135,921 1161,922 1187,922 1213,923 1240,923 1266,924 1292,924 1319,925 1345,925 1371,926 1398,927 1398,894 1371,893 1345,892 1319,892 1292,891 1266,891 1240,890 1213,890 1187,889 1161,889 1135,888 1108,888 1082,887 1056,887 1029,887 1003,887 977,886 950,886 924,886 898,886 872,887"/>
                <Baseline points="872,909 898,908 924,908 950,908 977,908 1003,909 1029,909 1056,909 1082,909 1108,910 1135,910 1161,911 1187,911 1213,912 1240,912 1266,913 1292,913 1319,914 1345,914 1371,915 1398,916"/>
                <TextEquiv>
                    <Unicode>las partes contrarias, fallo,</Unicode>
                </TextEquiv>
            </TextLine>
            <TextLine id="r1l28" custom="readingOrder {index:43;}">
                <Coords points="872,966 901,967 931,967 961,968 991,968 1021,968 1051,968 1081,969 1111,969 1141,969 1171,970 1200,970 1230,971 1260,971 1290,972 1320,973 1350,974 1380,975 1410,976 1440,978 1470,980 1470,947 1440,945 1410,943 1380,942 1350,941 1320,940 1290,939 1260,938 1230,938 1200,937 1171,937 1141,936 1111,936 1081,936 1051,935 1021,935 991,935 961,935 931,934 901,934 872,933"/>
                <Baseline points="872,955 901,956 931,956 961,957 991,957 1021,957 1051,957 1081,958 1111,958 1141,958 1171,959 1200,959 1230,960 1260,960 1290,961 1320,962 1350,963 1380,964 1410,965 1440,967 1470,969"/>
                <TextEquiv>
                    <Unicode>que usté engañó á su muger,</Unicode>
                </TextEquiv>
            </TextLine>
            <TextLine id="r1l30" custom="readingOrder {index:44;}">
                <Coords points="872,1013 897,1014 922,1015 947,1016 972,1016 997,1017 1022,1018 1047,1018 1072,1018 1097,1019 1123,1019 1148,1019 1173,1019 1198,1020 1223,1020 1248,1020 1273,1020 1298,1021 1323,1021 1348,1021 1374,1022 1374,988 1348,987 1323,987 1298,987 1273,986 1248,986 1223,986 1198,986 1173,985 1148,985 1123,985 1097,985 1072,984 1047,984 1022,984 997,983 972,982 947,982 922,981 897,980 872,979"/>
                <Baseline points="872,1002 897,1003 922,1004 947,1005 972,1005 997,1006 1022,1007 1047,1007 1072,1007 1097,1008 1123,1008 1148,1008 1173,1008 1198,1009 1223,1009 1248,1009 1273,1009 1298,1010 1323,1010 1348,1010 1374,1011"/>
                <TextEquiv>
                    <Unicode>porque no es para casado.</Unicode>
                </TextEquiv>
            </TextLine>
            <TextLine id="r1l32" custom="readingOrder {index:45;}">
                <Coords points="813,1063 846,1064 880,1065 913,1065 947,1065 981,1066 1014,1066 1048,1066 1082,1067 1115,1067 1149,1067 1183,1068 1216,1068 1250,1068 1284,1069 1317,1069 1351,1070 1385,1071 1418,1072 1452,1073 1486,1074 1486,1041 1452,1040 1418,1039 1385,1038 1351,1037 1317,1036 1284,1036 1250,1035 1216,1035 1183,1035 1149,1034 1115,1034 1082,1034 1048,1033 1014,1033 981,1033 947,1032 913,1032 880,1032 846,1031 813,1030"/>
                <Baseline points="813,1052 846,1053 880,1054 913,1054 947,1054 981,1055 1014,1055 1048,1055 1082,1056 1115,1056 1149,1056 1183,1057 1216,1057 1250,1057 1284,1058 1317,1058 1351,1059 1385,1060 1418,1061 1452,1062 1486,1063"/>
                <TextEquiv>
                    <Unicode>Sab. Mas yo sí, pues con mi maña,</Unicode>
                </TextEquiv>
            </TextLine>
            <TextLine id="r1l34" custom="readingOrder {index:46;}">
                <Coords points="872,1110 902,1112 933,1113 964,1114 995,1115 1026,1115 1057,1116 1088,1116 1119,1116 1150,1116 1181,1116 1211,1116 1242,1117 1273,1117 1304,1117 1335,1118 1366,1118 1397,1119 1428,1120 1459,1122 1490,1124 1490,1091 1459,1089 1428,1087 1397,1086 1366,1085 1335,1085 1304,1084 1273,1084 1242,1084 1211,1083 1181,1083 1150,1083 1119,1083 1088,1083 1057,1083 1026,1082 995,1082 964,1081 933,1080 902,1079 872,1077"/>
                <Baseline points="872,1099 902,1101 933,1102 964,1103 995,1104 1026,1104 1057,1105 1088,1105 1119,1105 1150,1105 1181,1105 1211,1105 1242,1106 1273,1106 1304,1106 1335,1107 1366,1107 1397,1108 1428,1109 1459,1111 1490,1113"/>
                <TextEquiv>
                    <Unicode>mi paciencia, y este emplastro,</Unicode>
                </TextEquiv>
            </TextLine>
            <TextLine id="r1l36" custom="readingOrder {index:47;}">
                <Coords points="864,1160 892,1161 921,1162 949,1163 978,1163 1006,1163 1035,1163 1063,1164 1092,1164 1120,1164 1149,1164 1177,1164 1206,1164 1234,1164 1263,1164 1291,1165 1320,1166 1348,1166 1377,1168 1405,1169 1434,1171 1434,1137 1405,1135 1377,1134 1348,1132 1320,1132 1291,1131 1263,1130 1234,1130 1206,1130 1177,1130 1149,1130 1120,1130 1092,1130 1063,1130 1035,1129 1006,1129 978,1129 949,1129 921,1128 892,1127 864,1126"/>
                <Baseline points="864,1149 892,1150 921,1151 949,1152 978,1152 1006,1152 1035,1152 1063,1153 1092,1153 1120,1153 1149,1153 1177,1153 1206,1153 1234,1153 1263,1153 1291,1154 1320,1155 1348,1155 1377,1157 1405,1158 1434,1160"/>
                <TextEquiv>
                    <Unicode>él, y otros mas locos que él,</Unicode>
                </TextEquiv>
            </TextLine>
            <TextLine id="r1l38" custom="readingOrder {index:48;}">
                <Coords points="872,1208 897,1208 922,1209 947,1210 972,1210 997,1211 1022,1211 1047,1211 1072,1212 1097,1212 1123,1212 1148,1212 1173,1212 1198,1213 1223,1213 1248,1213 1273,1214 1298,1214 1323,1215 1348,1216 1374,1217 1374,1183 1348,1182 1323,1181 1298,1180 1273,1180 1248,1179 1223,1179 1198,1179 1173,1178 1148,1178 1123,1178 1097,1178 1072,1178 1047,1177 1022,1177 997,1177 972,1176 947,1176 922,1175 897,1174 872,1174"/>
                <Baseline points="872,1197 897,1197 922,1198 947,1199 972,1199 997,1200 1022,1200 1047,1200 1072,1201 1097,1201 1123,1201 1148,1201 1173,1201 1198,1202 1223,1202 1248,1202 1273,1203 1298,1203 1323,1204 1348,1205 1374,1206"/>
                <TextEquiv>
                    <Unicode>creo que queden curados;</Unicode>
                </TextEquiv>
            </TextLine>
            <TextLine id="r1l40" custom="readingOrder {index:49;}">
                <Coords points="868,1258 896,1258 924,1258 952,1258 980,1258 1008,1258 1036,1259 1064,1259 1092,1259 1120,1259 1148,1260 1176,1260 1204,1260 1232,1261 1260,1262 1288,1262 1316,1262 1344,1263 1372,1264 1400,1264 1428,1265 1428,1231 1400,1230 1372,1230 1344,1229 1316,1228 1288,1228 1260,1228 1232,1227 1204,1226 1176,1226 1148,1226 1120,1225 1092,1225 1064,1225 1036,1225 1008,1224 980,1224 952,1224 924,1224 896,1224 868,1224"/>
                <Baseline points="868,1247 896,1247 924,1247 952,1247 980,1247 1008,1247 1036,1248 1064,1248 1092,1248 1120,1248 1148,1249 1176,1249 1204,1249 1232,1250 1260,1251 1288,1251 1316,1251 1344,1252 1372,1253 1400,1253 1428,1254"/>
                <TextEquiv>
                    <Unicode>pues zelos sin causa, á veces</Unicode>
                </TextEquiv>
            </TextLine>
            <TextLine id="r1l42" custom="readingOrder {index:50;}">
                <Coords points="862,1306 887,1306 912,1306 937,1306 962,1306 987,1306 1012,1306 1037,1306 1062,1306 1087,1306 1112,1307 1137,1307 1162,1308 1187,1308 1212,1309 1237,1309 1262,1309 1287,1310 1312,1310 1337,1311 1362,1311 1362,1277 1337,1277 1312,1276 1287,1276 1262,1275 1237,1275 1212,1275 1187,1274 1162,1274 1137,1273 1112,1273 1087,1272 1062,1272 1037,1272 1012,1272 987,1272 962,1272 937,1272 912,1272 887,1272 862,1272"/>
                <Baseline points="862,1295 887,1295 912,1295 937,1295 962,1295 987,1295 1012,1295 1037,1295 1062,1295 1087,1295 1112,1296 1137,1296 1162,1297 1187,1297 1212,1298 1237,1298 1262,1298 1287,1299 1312,1299 1337,1300 1362,1300"/>
                <TextEquiv>
                    <Unicode>producen zelos fundados.</Unicode>
                </TextEquiv>
            </TextLine>
            <TextLine id="r1l44" custom="readingOrder {index:51;}">
                <Coords points="870,1352 900,1352 931,1353 962,1353 993,1354 1024,1354 1055,1355 1086,1355 1117,1355 1148,1356 1179,1356 1209,1357 1240,1358 1271,1358 1302,1359 1333,1360 1364,1360 1395,1361 1426,1362 1457,1363 1488,1364 1488,1331 1457,1330 1426,1329 1395,1328 1364,1327 1333,1327 1302,1326 1271,1325 1240,1325 1209,1324 1179,1323 1148,1323 1117,1322 1086,1322 1055,1322 1024,1321 993,1321 962,1320 931,1320 900,1319 870,1319"/>
                <Baseline points="870,1341 900,1341 931,1342 962,1342 993,1343 1024,1343 1055,1344 1086,1344 1117,1344 1148,1345 1179,1345 1209,1346 1240,1347 1271,1347 1302,1348 1333,1349 1364,1349 1395,1350 1426,1351 1457,1352 1488,1353"/>
                <TextEquiv>
                    <Unicode>Me entiendes? Joag Creo que sí,</Unicode>
                </TextEquiv>
            </TextLine>
            <TextLine id="r1l46" custom="readingOrder {index:52;}">
                <Coords points="866,1401 896,1402 926,1402 956,1403 986,1404 1016,1404 1046,1404 1076,1404 1106,1404 1136,1405 1167,1405 1197,1405 1227,1405 1257,1406 1287,1406 1317,1407 1347,1408 1377,1409 1407,1410 1437,1411 1468,1413 1468,1379 1437,1377 1407,1376 1377,1375 1347,1374 1317,1373 1287,1372 1257,1372 1227,1371 1197,1371 1167,1371 1136,1371 1106,1370 1076,1370 1046,1370 1016,1370 986,1370 956,1369 926,1368 896,1368 866,1367"/>
                <Baseline points="866,1390 896,1391 926,1391 956,1392 986,1393 1016,1393 1046,1393 1076,1393 1106,1393 1136,1394 1167,1394 1197,1394 1227,1394 1257,1395 1287,1395 1317,1396 1347,1397 1377,1398 1407,1399 1437,1400 1468,1402"/>
                <TextEquiv>
                    <Unicode>troquemos pues, don Leandro,</Unicode>
                </TextEquiv>
            </TextLine>
            <TextLine id="r1l48" custom="readingOrder {index:53;}">
                <Coords points="860,1449 890,1449 920,1450 951,1450 981,1451 1012,1451 1042,1451 1072,1452 1103,1452 1133,1452 1164,1453 1194,1453 1224,1453 1255,1454 1285,1455 1316,1455 1346,1456 1376,1457 1407,1458 1437,1459 1468,1461 1468,1427 1437,1425 1407,1424 1376,1423 1346,1422 1316,1421 1285,1421 1255,1420 1224,1419 1194,1419 1164,1419 1133,1418 1103,1418 1072,1418 1042,1417 1012,1417 981,1417 951,1416 920,1416 890,1415 860,1415"/>
                <Baseline points="860,1438 890,1438 920,1439 951,1439 981,1440 1012,1440 1042,1440 1072,1441 1103,1441 1133,1441 1164,1442 1194,1442 1224,1442 1255,1443 1285,1444 1316,1444 1346,1445 1376,1446 1407,1447 1437,1448 1468,1450"/>
                <TextEquiv>
                    <Unicode>y seamos amigos.Sab. De eso,</Unicode>
                </TextEquiv>
            </TextLine>
            <TextLine id="r1l50" custom="readingOrder {index:54;}">
                <Coords points="864,1498 892,1498 921,1498 950,1498 979,1499 1008,1499 1036,1499 1065,1499 1094,1499 1123,1500 1152,1500 1180,1501 1209,1501 1238,1502 1267,1503 1296,1504 1324,1504 1353,1505 1382,1506 1411,1507 1440,1509 1440,1475 1411,1473 1382,1472 1353,1471 1324,1470 1296,1470 1267,1469 1238,1468 1209,1467 1180,1467 1152,1466 1123,1466 1094,1465 1065,1465 1036,1465 1008,1465 979,1465 950,1464 921,1464 892,1464 864,1464"/>
                <Baseline points="864,1487 892,1487 921,1487 950,1487 979,1488 1008,1488 1036,1488 1065,1488 1094,1488 1123,1489 1152,1489 1180,1490 1209,1490 1238,1491 1267,1492 1296,1493 1324,1493 1353,1494 1382,1495 1411,1496 1440,1498"/>
                <TextEquiv>
                    <Unicode>luego hablaremos de espacio,</Unicode>
                </TextEquiv>
            </TextLine>
            <TextLine id="r1l52" custom="readingOrder {index:55;}">
                <Coords points="866,1546 892,1546 919,1547 946,1547 973,1548 1000,1548 1026,1548 1053,1549 1080,1549 1107,1549 1134,1550 1160,1550 1187,1550 1214,1551 1241,1552 1268,1552 1294,1553 1321,1553 1348,1554 1375,1555 1402,1556 1402,1522 1375,1521 1348,1520 1321,1519 1294,1519 1268,1518 1241,1518 1214,1517 1187,1516 1160,1516 1134,1516 1107,1515 1080,1515 1053,1515 1026,1514 1000,1514 973,1514 946,1513 919,1513 892,1512 866,1512"/>
                <Baseline points="866,1535 892,1535 919,1536 946,1536 973,1537 1000,1537 1026,1537 1053,1538 1080,1538 1107,1538 1134,1539 1160,1539 1187,1539 1214,1540 1241,1541 1268,1541 1294,1542 1321,1542 1348,1543 1375,1544 1402,1545"/>
                <TextEquiv>
                    <Unicode>que ahora, ya que le dimos</Unicode>
                </TextEquiv>
            </TextLine>
            <TextLine id="r1l54" custom="readingOrder {index:56;}">
                <Coords points="862,1594 887,1594 912,1595 937,1595 962,1595 987,1595 1013,1596 1038,1596 1063,1596 1088,1596 1113,1597 1138,1597 1164,1598 1189,1598 1214,1599 1239,1600 1264,1601 1290,1602 1290,1568 1264,1567 1239,1566 1214,1565 1189,1564 1164,1564 1138,1563 1113,1563 1088,1562 1063,1562 1038,1562 1013,1562 987,1561 962,1561 937,1561 912,1561 887,1560 862,1560"/>
                <Baseline points="862,1583 887,1583 912,1584 937,1584 962,1584 987,1584 1013,1585 1038,1585 1063,1585 1088,1585 1113,1586 1138,1586 1164,1587 1189,1587 1214,1588 1239,1589 1264,1590 1290,1591"/>
                <TextEquiv>
                    <Unicode>al auditorio mal rato,</Unicode>
                </TextEquiv>
            </TextLine>
            <TextLine id="r1l56" custom="readingOrder {index:57;}">
                <Coords points="867,1643 894,1643 921,1644 948,1644 975,1644 1002,1645 1029,1645 1056,1645 1083,1646 1110,1646 1138,1647 1165,1648 1192,1648 1219,1648 1246,1649 1273,1650 1300,1650 1327,1651 1354,1652 1381,1652 1409,1653 1409,1619 1381,1618 1354,1618 1327,1617 1300,1616 1273,1616 1246,1615 1219,1614 1192,1614 1165,1614 1138,1613 1110,1612 1083,1612 1056,1611 1029,1611 1002,1611 975,1610 948,1610 921,1610 894,1609 867,1609"/>
                <Baseline points="867,1632 894,1632 921,1633 948,1633 975,1633 1002,1634 1029,1634 1056,1634 1083,1635 1110,1635 1138,1636 1165,1637 1192,1637 1219,1637 1246,1638 1273,1639 1300,1639 1327,1640 1354,1641 1381,1641 1409,1642"/>
                <TextEquiv>
                    <Unicode>es muy justo que el perdon</Unicode>
                </TextEquiv>
            </TextLine>
            <TextLine id="r1l58" custom="readingOrder {index:58;}">
                <Coords points="867,1691 893,1691 919,1692 945,1692 972,1692 998,1692 1024,1693 1050,1693 1077,1694 1103,1694 1129,1695 1156,1695 1182,1696 1208,1696 1234,1697 1261,1697 1287,1698 1313,1699 1340,1699 1340,1665 1313,1665 1287,1664 1261,1663 1234,1663 1208,1662 1182,1662 1156,1661 1129,1661 1103,1660 1077,1660 1050,1659 1024,1659 998,1658 972,1658 945,1658 919,1658 893,1657 867,1657"/>
                <Baseline points="867,1680 893,1680 919,1681 945,1681 972,1681 998,1681 1024,1682 1050,1682 1077,1683 1103,1683 1129,1684 1156,1684 1182,1685 1208,1685 1234,1686 1261,1686 1287,1687 1313,1688 1340,1688"/>
                <TextEquiv>
                    <Unicode>de los defectos pidamos.</Unicode>
                </TextEquiv>
            </TextLine>
            <TextLine id="r1l60" custom="readingOrder {index:59;}">
                <Coords points="821,1739 855,1740 890,1740 925,1741 959,1741 994,1742 1029,1742 1063,1742 1098,1743 1133,1743 1167,1744 1202,1744 1237,1745 1271,1746 1306,1746 1341,1747 1375,1748 1410,1749 1445,1750 1480,1752 1480,1718 1445,1716 1410,1715 1375,1714 1341,1713 1306,1712 1271,1712 1237,1711 1202,1710 1167,1710 1133,1709 1098,1709 1063,1708 1029,1708 994,1708 959,1707 925,1707 890,1706 855,1706 821,1705"/>
                <Baseline points="821,1728 855,1729 890,1729 925,1730 959,1730 994,1731 1029,1731 1063,1731 1098,1732 1133,1732 1167,1733 1202,1733 1237,1734 1271,1735 1306,1735 1341,1736 1375,1737 1410,1738 1445,1739 1480,1741"/>
                <TextEquiv>
                    <Unicode>Tod. Y que de los dos sombreros,</Unicode>
                </TextEquiv>
            </TextLine>
            <TextLine id="r1l62" custom="readingOrder {index:60;}">
                <Coords points="852,1790 878,1791 904,1791 930,1792 957,1792 983,1792 1009,1793 1036,1793 1062,1794 1088,1794 1115,1794 1141,1795 1167,1795 1193,1796 1220,1796 1246,1797 1272,1797 1299,1798 1325,1798 1351,1799 1378,1799 1378,1763 1351,1763 1325,1762 1299,1762 1272,1761 1246,1761 1220,1760 1193,1760 1167,1759 1141,1759 1115,1758 1088,1758 1062,1758 1036,1757 1009,1757 983,1756 957,1756 930,1756 904,1755 878,1755 852,1754"/>
                <Baseline points="852,1778 878,1779 904,1779 930,1780 957,1780 983,1780 1009,1781 1036,1781 1062,1782 1088,1782 1115,1782 1141,1783 1167,1783 1193,1784 1220,1784 1246,1785 1272,1785 1299,1786 1325,1786 1351,1787 1378,1787"/>
                <TextEquiv>
                    <Unicode>concluya el capricho raro.</Unicode>
                </TextEquiv>
            </TextLine>
            <TextLine id="r1l63" custom="readingOrder {index:61;}">
                <Coords points="717,2022 745,2020 774,2019 803,2020 832,2022 861,2026 861,1989 832,1985 803,1983 774,1982 745,1983 717,1985"/>
                <Baseline points="717,2010 745,2008 774,2007 803,2008 832,2010 861,2014"/>
                <TextEquiv>
                    <Unicode>FIN.</Unicode>
                </TextEquiv>
            </TextLine>
            <TextLine id="r1l65" custom="readingOrder {index:62;}">
                <Coords points="584,2207 610,2207 636,2207 663,2208 689,2208 716,2208 742,2209 768,2209 795,2210 821,2211 848,2211 874,2212 900,2213 927,2214 953,2214 980,2215 980,2178 953,2177 927,2177 900,2176 874,2175 848,2174 821,2174 795,2173 768,2172 742,2172 716,2171 689,2171 663,2171 636,2170 610,2170 584,2170"/>
                <Baseline points="584,2195 610,2195 636,2195 663,2196 689,2196 716,2196 742,2197 768,2197 795,2198 821,2199 848,2199 874,2200 900,2201 927,2202 953,2202 980,2203"/>
                <TextEquiv>
                    <Unicode>CARMONA:—1859.</Unicode>
                </TextEquiv>
            </TextLine>
            <TextLine id="r1l66" custom="readingOrder {index:63;}">
                <Coords points="127,2251 192,2252 258,2252 324,2253 390,2255 456,2256 522,2257 587,2258 653,2259 719,2261 785,2262 851,2263 917,2264 983,2266 1048,2267 1114,2268 1180,2269 1246,2269 1312,2270 1378,2270 1444,2270 1444,2233 1378,2233 1312,2233 1246,2232 1180,2232 1114,2231 1048,2230 983,2229 917,2227 851,2226 785,2225 719,2224 653,2222 587,2221 522,2220 456,2219 390,2218 324,2216 258,2215 192,2215 127,2214"/>
                <Baseline points="127,2239 192,2240 258,2240 324,2241 390,2243 456,2244 522,2245 587,2246 653,2247 719,2249 785,2250 851,2251 917,2252 983,2254 1048,2255 1114,2256 1180,2257 1246,2257 1312,2258 1378,2258 1444,2258"/>
                <TextEquiv>
                    <Unicode>Imp. de D. José María. Moreno, calle de Madre de Dios. Núm. 1.</Unicode>
                </TextEquiv>
            </TextLine>
            <TextEquiv>
                <Unicode>8
Sab. No replicaba yo á usted
que era tan zeloso y raro,
de tan ruines pensamientos,
que hasta la sombra del gato
le espantaba, y que si viera
algun hombre por acaso
en la casa, era capaz
de alborotar todo el barrio?
Leand. Es verdad.
Sab. No pedí á usted
este sobrero prestado,
para dárselo al descuido,
y hacer un juego de manos,
que sirviera de esperiencia
á la porfia, apostando
que descubriria toda
su ridiculez de plano?
Leand. Todo es al pie de la letra.
Sab. Pues ya lo ha visto ustedclaro.
Joag. Yo no, quien dió al señor
mi sombrero.? Sab. Mentecato
al punto que tu saliste
yo propia se lo he embiado
con la moza Joaq. Catalina?
Sale Calalina.
Cat. Ya voy, que estaba doblando
la mantilla. Joag. Pues de donde
vienes ahora? Cat. De un recado
de mi ama; bien lo puede
decir usted don Leandro.
Patr. Amigo queda usted bién.
Marc. Aunque fuera cierto el caso,
quien no disimula? Joag. Como
podia disimularle, 
si yo iba por mi camino,
y haciendo todos reparo
en mi cabeza, miré,
y viendo este sombrerazo,
perdí la paciencia: amigos,
yo confieso mi pecado.
Aboy. Visto todo cuanto esponen
las partes contrarias, fallo,
que usté engañó á su muger,
porque no es para casado.
Sab. Mas yo sí, pues con mi maña,
mi paciencia, y este emplastro,
él, y otros mas locos que él,
creo que queden curados;
pues zelos sin causa, á veces
producen zelos fundados.
Me entiendes? Joag Creo que sí,
troquemos pues, don Leandro,
y seamos amigos.Sab. De eso,
luego hablaremos de espacio,
que ahora, ya que le dimos
al auditorio mal rato,
es muy justo que el perdon
de los defectos pidamos.
Tod. Y que de los dos sombreros,
concluya el capricho raro.
FIN.
CARMONA:—1859.
Imp. de D. José María. Moreno, calle de Madre de Dios. Núm. 1.</Unicode>
            </TextEquiv>
        </TextRegion>
    </Page>
</PcGts>
