1765 2512
255 365 803 407 por eso desde el principio
256 412 739 455 es preciso enderezarlo.
199 462 800 504 Patr. Y tiene de buena cara
255 511 797 550 lo que basta para el gasto
255 562 433 600 de casa?
207 610 600 651 Joaq, Eso si señor,
259 658 839 703 y aunque vengan cohvidados.
210 709 592 749 Marc. Y el genio?
211 755 721 797 Joag. Como un demonio.
219 803 869 843 Marc. Pues amigo mucho palo.
219 854 494 892 Joaq. Donde?
219 900 747 942 Marc. Sobre sus costillas.
220 949 853 991 Joaó. Es el consejo arriesgado,
271 996 797 1041 que el garrote que sacude
261 1046 793 1087 no suele enmendar el daño
271 1093 769 1134 de la muger, y al marido
273 1142 763 1183 suelo encajar de rechazo
274 1191 769 1232 en la cabeza una astilla,
277 1239 801 1282 que le levanta los cascos.
229 1287 836 1329 Abog. Amigo y señor Joaquin,
279 1338 727 1380 por eso dijo el adagio,
273 1387 759 1425 antes que te cases, mira
273 1435 565 1475 lo que haces.
236 1482 644 1525 Joag. Yo he mirado
274 1531 778 1573 antes bien Valencia, casa
283 1579 833 1620 por casa, barrio por barrio,
280 1628 770 1668 viuda por viuda, soltera
284 1676 800 1717 por soltera, he consultado
284 1726 729 1765 antes de elejir muger,
290 1774 756 1813 á Teólogos y Letrados,
284 1824 798 1862 á mi tia la Comadre
287 1871 801 1911 á mi primo el Boticario,
285 1916 863 1962 y á cuantas personas doctas
285 1964 851 2011 pudieran darme en el caso
295 2016 909 2057 consejo, y con tantas pruebas,
296 2063 847 2105 me engañé de oreja á rabo.
247 2114 812 2154 Abog. Hubiéralo consultado;
291 2163 833 2203 con los maridos ancianos,
293 2211 895 2254 que sin la esperiencia, nadie
289 2262 823 2300 sabe lo que son trabajos.
860 312 944 350 2
924 360 1529 399 Joag. Yo tengo poca, y ya sé
979 407 1531 444 bastante, mas no perdamos
975 458 1524 496 tiempo, ya sabeis que yo
976 505 1447 543 soy un oficial honrado,
977 553 1515 589 me casé como ya he dicho
977 603 1505 640 para vivir como un santo;
977 650 1487 691 y á dos dias de la boda
975 697 1585 736 se metió en mi casa el diablo
984 747 1528 784 en forma de un petimetre,
979 795 1457 833 sobrino carnal del amo
983 844 1482 881 á quien mi muger servia.
944 891 1582 931 Abog. Y que tiene eso de malo?
935 940 1591 980 Joag. No lo sé, y pretendo antes
990 989 1450 1026 de saberlo, remediarlo.
937 1038 1205 1075 Abog. Como?
943 1084 1515 1125 Joay. Con mucha prudencia,
991 1133 1489 1176 y dictámen de Abogado,
1004 1181 1525 1220 vean ustedes lo que dicen
996 1229 1523 1269 los autores sobre el caso.
947 1278 1545 1319 Patr Voy al instante á traer
999 1325 1491 1366 celso de ritu nuptiarum.
942 1373 1628 1416 Aboy.No esmenester,queen la uña
999 1424 1517 1462 tengo yo lo necesario...
948 1472 1481 1513 Joag. Pues diga usted.
953 1522 1319 1561 Abog. De manera
1005 1569 1521 1610 que por principio sentado,
1005 1619 1430 1657 el daño no perjudica
1007 1665 1627 1704 mientras no es espreso el daño,
1009 1715 1583 1754 que daño hay aqui? ninguno,
1010 1763 1583 1803 que es lo que hay? un temor
1065 1815 1145 1850 vano
1016 1859 1539 1899 de que le suceda á usted
1008 1908 1541 1949 lo que les sucede á tantos,
1011 1958 1519 1999 y que por esto, señores,
1009 2006 1525 2044 se ha de poner colorado
1015 2053 1459 2093 aun hombre de bien,
1021 2100 1617 2144 que va á veros de cuando en
1060 2158 1227 2193 cuando,
1013 2201 1532 2240 (ó á ver á vuestra muger,
1013 2245 1643 2292 que es lo mismo para el caso)
