1737 2508
846 263 991 305 3
283 322 756 360 no señor espresamente
283 371 814 406 lo previene el libro octavo
281 418 819 454 del digesto, non est vani
287 468 754 502 timoris justa escusatio.
292 514 914 551 Demas que hay ciertos sugetos
289 564 756 600 que nacen privilegiados
285 612 779 649 en tales y tales causas,
291 660 776 696 ibí in libris regularum,
293 708 849 745 pues que sacamos de aquí?
287 756 842 792 lo que dice un testo claro
296 802 921 841 de las Pandectas, que hay gentes
294 852 812 888 á quien debe el ordinarío
300 903 848 938 proptener diversas razones,
301 950 797 988 prohibirlas los contratos
293 999 759 1034 matrimoniales, y usted
299 1047 831 1083 no debio casarse, estando
295 1095 756 1131 tocado de la epidemia
303 1143 778 1180 de los zelosos espantos.
312 1189 879 1250 Vaya, y que son zelos? si.
299 1241 739 1276 de la Teórica bajamos
300 1287 834 1325 á la practica, una sombra,
304 1337 859 1373 lo propio que los encantos
298 1384 905 1421 de los cuentos, que las viejas
308 1434 866 1473 contaban á los muchachos,
303 1482 779 1518 y en este siglo de ahora,
309 1530 862 1567 desprecian hasta los payos.
306 1578 926 1615 No esmas, créame buen hombre,
304 1627 900 1664 coma y duerma con déscanso,
309 1676 873 1713 y no se espante de sombras,
311 1726 847 1763 porque tendrá malos ratos,
307 1772 790 1811 y puede tenerlos lindos
305 1821 885 1861 quizas silo hace al contrario,
312 1869 943 1909 que yo se sombras que han hecho
316 1917 827 1957 felices á mas de cuatro.
311 1967 758 2004 Conclui, salvo meliori
308 2014 929 2053 juditio, esto es lo que alcanzo
266 2063 859 2103 Los 2. Vivad, Mágister, vivad.
268 2113 945 2151 Joay. Muy bien estoy hecho cargo.
315 2161 948 2197 Conqüe el dictámen de ustedes
310 2211 897 2248 es, que se cierren los labios,
1001 315 1549 351 y los ojos, y se ensanchen
999 365 1549 400 Bien la cabeza y el cuajo,
1009 412 1640 451 para que á un hombre le quepa
1013 461 1517 496 cuanto le vayan echando?
962 510 1288 546 Aboy. Distingo.
959 556 1460 594 Joad. No hay distincion
1015 605 1612 642 que valga en lo que tratamos,
1007 652 1531 690 no tienen dominio sobre
1012 702 1510 738 sus mugeres los casados?
963 749 1591 788 Aboy. Distingo, eso fué segun
1019 799 1507 836 las leyes de los romanos;
1017 848 1494 884 pero según las de toro,
1012 896 1501 932 se practica lo contrario.
964 944 1574 981 Joaq. Finalmente los maridos
1011 994 1515 1028 no son en casa los amos?
971 1041 1285 1078 Abog. Distingo.
969 1091 1467 1128 Joag. Diga de embrollo,
1018 1138 1650 1176 que es lo que hace á cada paso,
1023 1187 1493 1223 queriéndonos persuadir
1018 1236 1648 1271 á que es negro lo que es blanco,
1019 1283 1634 1321 y á abur, que yo no pretendo
1025 1333 1547 1368 hacer un pleyto ordinario,
1031 1383 1608 1417 pudiéndole hacer mas breve,
1021 1428 1548 1467 y egecutivo mi mano. Vase.
978 1476 1645 1514 Patr El es hombre muy formal
982 1523 1657 1564 Aboy. No he visto hasta ahora majo
1026 1576 1366 1612 tan escrupuloso.
984 1625 1212 1661 Marc, Esto
1037 1671 1621 1709 prúeba que en todos estados
1035 1721 1467 1777 cabe la honra.....
987 1771 1272 1806 Patr. Que yá
1029 1819 1553 1854 que él hace desesperado
1039 1868 1332 1904 algun desatino.
983 1916 1221 1952 Abog. Vaya
1040 1964 1590 2000 uno corriendo á alcanzarlo,
1036 2014 1618 2050 y diga que vuelva á verme
1038 2065 1511 2105 dirijiremos el caso..
1033 2112 1672 2145 de otro modo, aunque es preciso
1039 2158 1480 2195 antes de determinarlo
1040 2207 1318 2244 ver la novia.
