1765 2512
814 254 920 296 4
158 307 608 344 Patr Voy corriendo, Vase,
168 356 835 397 Abog. Y yo me retiro á mi cuarto
206 404 776 443 que tengo que hacer, usted
208 451 689 491 deje por hoy el trabajo,
205 500 829 539 y vaya á que le dé elayre Vanse.
212 548 780 587 en las sienes y en los cascos.
160 595 838 636 Diferente casá, y sale Catalina
300 643 696 681 barriendo, y canta,
158 693 728 731 Cat. ,,Aunque soy pobrecita
257 741 565 781 ,,vivo contenta,
258 790 752 828 ,,pues salud no me falta,
255 837 697 877 ,,ni quien me quiera.
300 885 616 925 ,,Pesares huyo,
253 935 734 974 ,,pues de todos me rio
258 982 645 1021 ,,con mucho gusto
298 1030 698 1069 Sale Doña Sabina.
160 1076 807 1117 Sab. Deja el cantico y despacha.
160 1125 808 1166 Cat. Por mi ya está despachado
208 1174 484 1212 este negocio.
156 1222 510 1260 Sab Pues cierra
201 1271 405 1309 la puerta.
162 1318 658 1357 Cat. Voy, don Leandro
288 1369 702 1407 Sale Don Leandro.
149 1418 736 1454 Sab. Como señor, esto no es
207 1464 768 1504 en lo que á noche quedamos.
153 1513 736 1552 Leand. Querida doña Sabina
198 1560 662 1601 yo vengo desesperado.
155 1608 440 1646 Sab. Por que?
156 1658 727 1697 Leand. Porque ya he sabido
202 1706 693 1745 el motivo de empeñaros
202 1754 730 1799 en que yas no venga aquí,
202 1804 682 1842 por mas que disimularlo
200 1852 354 1888 querais.
154 1898 644 1938 Sab. Y cual puede ser?
148 1947 824 1989 Leand.Que Joaquin hasospechado,
201 1998 717 2037 que yo os quiero cortejar.
152 2046 828 2085 Sab. Pues si es eso, ya veis cuanto
192 2095 728 2133 me importa que mi marido
194 2139 720 2181 vea que su juicio es vano.
142 2190 752 2233 Leand. La maldita doña Clara
936 309 1472 348 le contó que os he tratado
938 357 1473 397 siempre en casa de mi tio
928 406 1424 445 con distincion y agasajo;
926 455 1470 493 picada (de gusanos sea ella
936 502 1508 546 de que siempre que la hallo;
927 552 1504 591 la digo, que es maldiciente,
927 604 1445 638 y que no quiero su trato.
886 649 1553 684 Sab. Haceis mal, que es muy bo:
984 696 1068 732 nita.
883 744 1556 783 Leand. Ya sabeis que yo soy raro,
934 794 1370 830 para sujetarme á una
928 843 1436 880 petimetra como un palo,
929 892 1435 925 que crea por ser quien es
937 939 1485 974 que todo el género humano
936 984 1404 1024 debe darla adoraciones,
932 1035 1366 1072 asistencias y regalos,
924 1083 1479 1123 y ella volver pesadumbres,
928 1132 1398 1172 desayres y malos ratos,
928 1181 1452 1213 sin merecer nada de esto
926 1226 1506 1263 por quien es, si lo miramos
924 1273 1550 1311 á buena luz: porque en muchas
930 1323 1536 1362 la hermosura es contrabando,
927 1371 1360 1412 la clase muy regular;
928 1421 1326 1461 el ingenio limitado,
932 1468 1344 1507 el aseo por defuera,
930 1515 1430 1557 todo afectacion el garbo,
928 1564 1404 1603 la conversacion grosera,
930 1617 1450 1651 y cada palabra un gancho
924 1662 1436 1701 que sacará un peso duro
921 1709 1410 1752 del cofre de un itáliano,
915 1761 1323 1800 y dos pesetas a un
928 1806 1390 1847 gallego de los ancajos.
869 1855 1530 1895 Sab. Esas son las mas queridas.
878 1903 1513 1950 Cat. Parece que esto bá largo,
920 1956 1434 1992 yo voy á cerrar la puerta
924 2004 1472 2047 no venga el ayre contrario,
920 2052 1398 2090 y despues á la cocina,
912 2098 1550 2139 no se pegue el estofado. Vase.
863 2147 1476 2189 Sab. Usted se vaya con Dios,
906 2198 1442 2240 y solo el favor le encar go
