<?xml version="1.0" encoding="UTF-8" standalone="yes"?>
<PcGts xmlns="http://schema.primaresearch.org/PAGE/gts/pagecontent/2013-07-15" xmlns:xsi="http://www.w3.org/2001/XMLSchema-instance" xsi:schemaLocation="http://schema.primaresearch.org/PAGE/gts/pagecontent/2013-07-15 http://schema.primaresearch.org/PAGE/gts/pagecontent/2013-07-15/pagecontent.xsd">
    <Metadata>
        <Creator>prov=University of Rostock/Institute of Mathematics/CITlab|PLANET AI GmbH/Gundram Leifert/gundram.leifert@planet-ai.de:name=Pliegos de Cordel (XIXe) - v3(htr_id=26984)::::v=2.6.7
prov=University of Rostock/Institute of Mathematics/CITlab|PLANET AI GmbH/Tobias Gruening/tobias.gruening@planet-ai.de:name=de.uros.citlab.module.baseline2polygon.B2PSeamMultiOriented:v=2.6.7
prov=University of Rostock/Institute of Mathematics/CITlab|PLANET AI GmbH/Tobias Gruening/tobias.gruening@planet-ai.de:name=/net_tf/LA73_249_0mod360.pb:de.uros.citlab.segmentation.CITlab_LA_ML:v=2.6.7
Transkribus</Creator>
        <Created>2020-10-22T17:41:03.520+02:00</Created>
        <LastChange>2020-10-23T17:23:06.592+02:00</LastChange>
        <TranskribusMetadata docId="523582" pageId="22274723" pageNr="55" tsid="46650863" status="DONE" userId="66244" imgUrl="https://files.transkribus.eu/Get?id=QHKJKBYRSQWIOKRMHLWNHRKC&amp;fileType=view" xmlUrl="https://files.transkribus.eu/Get?id=DRHIQBHRQJZXOSSKCZBLTOSE" imageId="17350943"/>
    </Metadata>
    <Page imageFilename="Moreno_047_3.jpg" imageWidth="1737" imageHeight="2508">
        <ReadingOrder>
            <OrderedGroup id="ro_1606489617453" caption="Regions reading order">
                <RegionRefIndexed index="0" regionRef="r1"/>
                <RegionRefIndexed index="1" regionRef="r3"/>
            </OrderedGroup>
        </ReadingOrder>
        <TextRegion orientation="0.0" id="r1" custom="readingOrder {index:0;}">
            <Coords points="178,131 178,2279 778,2279 778,131"/>
            <TextLine id="r1l1" custom="readingOrder {index:0;}">
                <Coords points="252,165 278,165 304,166 330,166 356,166 382,167 408,168 434,168 460,169 486,170 512,171 538,171 564,172 591,173 591,139 564,138 538,137 512,137 486,136 460,135 434,134 408,134 382,133 356,132 330,132 304,132 278,131 252,131"/>
                <Baseline points="252,154 278,154 304,155 330,155 356,155 382,156 408,157 434,157 460,158 486,159 512,160 538,160 564,161 591,162"/>
                <TextEquiv>
                    <Unicode>es preciso vomitar.</Unicode>
                </TextEquiv>
            </TextLine>
            <TextLine id="r1l2" custom="readingOrder {index:1;}">
                <Coords points="250,214 275,214 300,215 325,216 350,216 375,217 400,217 425,218 450,218 475,218 500,219 525,219 550,219 575,220 600,221 625,221 650,222 676,222 676,188 650,188 625,187 600,187 575,186 550,185 525,185 500,185 475,184 450,184 425,184 400,183 375,183 350,182 325,182 300,181 275,180 250,180"/>
                <Baseline points="250,203 275,203 300,204 325,205 350,205 375,206 400,206 425,207 450,207 475,207 500,208 525,208 550,208 575,209 600,210 625,210 650,211 676,211"/>
                <TextEquiv>
                    <Unicode>Y asi lo que Vd. padece</Unicode>
                </TextEquiv>
            </TextLine>
            <TextLine id="r1l3" custom="readingOrder {index:2;}">
                <Coords points="250,262 275,263 300,264 325,264 351,264 376,265 401,265 426,265 452,266 477,266 502,267 527,267 553,268 578,268 603,269 628,269 654,270 654,236 628,235 603,235 578,234 553,234 527,233 502,233 477,232 452,232 426,231 401,231 376,231 351,230 325,230 300,230 275,229 250,228"/>
                <Baseline points="250,251 275,252 300,253 325,253 351,253 376,254 401,254 426,254 452,255 477,255 502,256 527,256 553,257 578,257 603,258 628,258 654,259"/>
                <TextEquiv>
                    <Unicode>es un mal de madre tal,</Unicode>
                </TextEquiv>
            </TextLine>
            <TextLine id="r1l4" custom="readingOrder {index:3;}">
                <Coords points="247,309 272,310 297,311 322,311 347,312 372,312 397,313 422,313 447,314 473,314 498,314 523,315 548,315 573,315 598,316 623,316 648,317 674,318 674,284 648,283 623,282 598,282 573,281 548,281 523,281 498,280 473,280 447,280 422,279 397,279 372,278 347,278 322,277 297,277 272,276 247,275"/>
                <Baseline points="247,298 272,299 297,300 322,300 347,301 372,301 397,302 422,302 447,303 473,303 498,303 523,304 548,304 573,304 598,305 623,305 648,306 674,307"/>
                <TextEquiv>
                    <Unicode>que habiendo rapto á las sienes,</Unicode>
                </TextEquiv>
            </TextLine>
            <TextLine id="r1l5" custom="readingOrder {index:4;}">
                <Coords points="251,359 277,359 304,359 331,359 358,359 384,360 411,360 438,361 465,361 491,362 518,363 545,364 572,364 572,330 545,330 518,329 491,328 465,327 438,327 411,326 384,326 358,325 331,325 304,325 277,325 251,325"/>
                <Baseline points="251,348 277,348 304,348 331,348 358,348 384,349 411,349 438,350 465,350 491,351 518,352 545,353 572,353"/>
                <TextEquiv>
                    <Unicode>no la deja respirar,</Unicode>
                </TextEquiv>
            </TextLine>
            <TextLine id="r1l6" custom="readingOrder {index:5;}">
                <Coords points="241,407 266,407 292,407 317,408 343,408 368,408 394,408 419,409 445,409 470,410 496,410 521,411 547,411 572,412 598,412 623,412 649,413 675,413 675,379 649,379 623,378 598,378 572,378 547,377 521,377 496,376 470,376 445,375 419,375 394,374 368,374 343,374 317,374 292,373 266,373 241,373"/>
                <Baseline points="241,396 266,396 292,396 317,397 343,397 368,397 394,397 419,398 445,398 470,399 496,399 521,400 547,400 572,401 598,401 623,401 649,402 675,402"/>
                <TextEquiv>
                    <Unicode>y será mucho mas fuerte</Unicode>
                </TextEquiv>
            </TextLine>
            <TextLine id="r1l7" custom="readingOrder {index:6;}">
                <Coords points="239,453 264,454 289,454 314,454 340,454 365,455 390,456 416,456 441,457 466,458 491,458 517,459 542,459 567,460 593,460 618,461 643,461 669,461 669,428 643,428 618,428 593,427 567,427 542,426 517,426 491,425 466,425 441,424 416,423 390,423 365,422 340,421 314,421 289,421 264,421 239,420"/>
                <Baseline points="239,442 264,443 289,443 314,443 340,443 365,444 390,445 416,445 441,446 466,447 491,447 517,448 542,448 567,449 593,449 618,450 643,450 669,450"/>
                <TextEquiv>
                    <Unicode>al tiempo de ir á mascar.</Unicode>
                </TextEquiv>
            </TextLine>
            <TextLine id="r1l8" custom="readingOrder {index:7;}">
                <Coords points="243,499 268,500 293,502 319,502 344,503 369,504 395,504 420,505 445,505 471,505 496,506 521,506 547,506 572,507 597,507 623,507 648,508 673,509 699,509 699,476 673,476 648,475 623,474 597,474 572,474 547,473 521,473 496,473 471,472 445,472 420,472 395,471 369,471 344,470 319,469 293,469 268,467 243,466"/>
                <Baseline points="243,488 268,489 293,491 319,491 344,492 369,493 395,493 420,494 445,494 471,494 496,495 521,495 547,495 572,496 597,496 623,496 648,497 673,498 699,498"/>
                <TextEquiv>
                    <Unicode>En la pantorrilla izquierda</Unicode>
                </TextEquiv>
            </TextLine>
            <TextLine id="r1l9" custom="readingOrder {index:8;}">
                <Coords points="244,548 269,549 294,549 319,549 344,550 369,550 395,551 420,551 445,552 470,552 495,553 521,554 546,554 571,555 596,556 621,556 647,557 647,524 621,523 596,523 571,522 546,521 521,521 495,520 470,519 445,519 420,518 395,518 369,517 344,517 319,516 294,516 269,516 244,515"/>
                <Baseline points="244,537 269,538 294,538 319,538 344,539 369,539 395,540 420,540 445,541 470,541 495,542 521,543 546,543 571,544 596,545 621,545 647,546"/>
                <TextEquiv>
                    <Unicode>tendrá como un alacran, </Unicode>
                </TextEquiv>
            </TextLine>
            <TextLine id="r1l10" custom="readingOrder {index:9;}">
                <Coords points="240,594 265,595 290,597 316,598 341,599 366,600 392,600 417,600 443,601 468,601 493,601 519,602 544,602 569,602 595,603 620,603 646,604 646,570 620,569 595,569 569,568 544,568 519,568 493,567 468,567 443,567 417,566 392,566 366,566 341,565 316,564 290,563 265,561 240,560"/>
                <Baseline points="240,583 265,584 290,586 316,587 341,588 366,589 392,589 417,589 443,590 468,590 493,590 519,591 544,591 569,591 595,592 620,592 646,593"/>
                <TextEquiv>
                    <Unicode>pero no me dá cuidado,</Unicode>
                </TextEquiv>
            </TextLine>
            <TextLine id="r1l11" custom="readingOrder {index:10;}">
                <Coords points="237,643 263,644 289,645 315,646 341,646 367,647 393,647 419,647 445,648 472,648 498,648 524,649 550,649 576,650 602,651 628,651 654,653 681,655 681,622 654,620 628,618 602,618 576,617 550,616 524,616 498,615 472,615 445,615 419,614 393,614 367,614 341,613 315,613 289,612 263,611 237,610"/>
                <Baseline points="237,632 263,633 289,634 315,635 341,635 367,636 393,636 419,636 445,637 472,637 498,637 524,638 550,638 576,639 602,640 628,640 654,642 681,644"/>
                <TextEquiv>
                    <Unicode>que es muy fácil de curar;</Unicode>
                </TextEquiv>
            </TextLine>
            <TextLine id="r1l12" custom="readingOrder {index:11;}">
                <Coords points="244,692 269,693 295,694 321,694 346,695 372,695 398,695 424,696 449,696 475,696 501,697 526,697 552,697 578,698 604,699 629,699 655,700 681,701 707,703 707,670 681,668 655,667 629,666 604,666 578,665 552,664 526,664 501,664 475,663 449,663 424,663 398,662 372,662 346,662 321,661 295,661 269,660 244,659"/>
                <Baseline points="244,681 269,682 295,683 321,683 346,684 372,684 398,684 424,685 449,685 475,685 501,686 526,686 552,686 578,687 604,688 629,688 655,689 681,690 707,692"/>
                <TextEquiv>
                    <Unicode>traigan un gato y un perro,</Unicode>
                </TextEquiv>
            </TextLine>
            <TextLine id="r1l13" custom="readingOrder {index:12;}">
                <Coords points="235,737 260,739 285,740 310,741 336,742 361,743 386,743 411,744 437,744 462,744 487,744 513,745 538,745 563,745 588,746 614,746 639,747 664,749 690,750 690,717 664,716 639,714 614,713 588,713 563,712 538,712 513,712 487,711 462,711 437,711 411,711 386,710 361,710 336,709 310,708 285,707 260,706 235,704"/>
                <Baseline points="235,726 260,728 285,729 310,730 336,731 361,732 386,732 411,733 437,733 462,733 487,733 513,734 538,734 563,734 588,735 614,735 639,736 664,738 690,739"/>
                <TextEquiv>
                    <Unicode>y encima los dos pondrán,</Unicode>
                </TextEquiv>
            </TextLine>
            <TextLine id="r1l14" custom="readingOrder {index:13;}">
                <Coords points="232,789 257,789 283,789 309,789 335,789 361,790 387,790 413,790 439,791 465,791 490,792 516,792 542,793 568,794 594,794 620,795 646,795 672,796 698,796 698,763 672,763 646,762 620,762 594,761 568,761 542,760 516,759 490,759 465,758 439,758 413,757 387,757 361,757 335,756 309,756 283,756 257,756 232,756"/>
                <Baseline points="232,778 257,778 283,778 309,778 335,778 361,779 387,779 413,779 439,780 465,780 490,781 516,781 542,782 568,783 594,783 620,784 646,784 672,785 698,785"/>
                <TextEquiv>
                    <Unicode>y luego que estén furiosos</Unicode>
                </TextEquiv>
            </TextLine>
            <TextLine id="r1l15" custom="readingOrder {index:14;}">
                <Coords points="235,835 260,835 285,836 310,836 335,837 360,838 385,838 410,838 435,839 460,840 485,840 510,841 535,841 560,842 585,842 611,843 611,810 585,809 560,809 535,808 510,808 485,807 460,807 435,806 410,805 385,805 360,805 335,804 310,803 285,803 260,802 235,802"/>
                <Baseline points="235,824 260,824 285,825 310,825 335,826 360,827 385,827 410,827 435,828 460,829 485,829 510,830 535,830 560,831 585,831 611,832"/>
                <TextEquiv>
                    <Unicode>ambos se le aplicarán,</Unicode>
                </TextEquiv>
            </TextLine>
            <TextLine id="r1l16" custom="readingOrder {index:15;}">
                <Coords points="238,882 263,883 288,883 313,884 338,885 363,885 388,886 413,886 438,887 463,888 488,888 513,889 538,889 563,890 588,891 613,891 638,892 663,893 689,893 689,859 663,859 638,858 613,857 588,857 563,856 538,855 513,855 488,854 463,854 438,853 413,852 388,852 363,851 338,851 313,850 288,849 263,849 238,848"/>
                <Baseline points="238,871 263,872 288,872 313,873 338,874 363,874 388,875 413,875 438,876 463,877 488,877 513,878 538,878 563,879 588,880 613,880 638,881 663,882 689,882"/>
                <TextEquiv>
                    <Unicode>que es el modo mas seguro</Unicode>
                </TextEquiv>
            </TextLine>
            <TextLine id="r1l17" custom="readingOrder {index:16;}">
                <Coords points="239,929 264,930 290,931 316,932 342,933 368,933 394,934 420,934 446,935 472,936 498,936 524,937 550,937 576,938 602,939 628,940 654,942 680,943 680,909 654,908 628,906 602,905 576,904 550,903 524,903 498,902 472,902 446,901 420,900 394,900 368,899 342,899 316,898 290,897 264,896 239,895"/>
                <Baseline points="239,918 264,919 290,920 316,921 342,922 368,922 394,923 420,923 446,924 472,925 498,925 524,926 550,926 576,927 602,928 628,929 654,931 680,932"/>
                <TextEquiv>
                    <Unicode>de que no prosiga el mal;</Unicode>
                </TextEquiv>
            </TextLine>
            <TextLine id="r1l18" custom="readingOrder {index:17;}">
                <Coords points="231,975 257,977 283,978 309,979 335,981 361,982 387,982 413,983 440,983 466,984 492,984 518,984 544,985 570,985 596,986 623,987 623,953 596,952 570,951 544,951 518,950 492,950 466,950 440,949 413,949 387,948 361,948 335,947 309,945 283,944 257,943 231,941"/>
                <Baseline points="231,964 257,966 283,967 309,968 335,970 361,971 387,971 413,972 440,972 466,973 492,973 518,973 544,974 570,974 596,975 623,976"/>
                <TextEquiv>
                    <Unicode>y si acaso no se alivia,</Unicode>
                </TextEquiv>
            </TextLine>
            <TextLine id="r1l19" custom="readingOrder {index:18;}">
                <Coords points="232,1024 257,1025 282,1026 307,1027 332,1028 357,1028 382,1029 407,1030 433,1030 458,1031 483,1031 508,1032 533,1032 558,1033 583,1034 609,1035 609,1002 583,1001 558,1000 533,999 508,999 483,998 458,998 433,997 407,997 382,996 357,995 332,995 307,994 282,993 257,992 232,991"/>
                <Baseline points="232,1013 257,1014 282,1015 307,1016 332,1017 357,1017 382,1018 407,1019 433,1019 458,1020 483,1020 508,1021 533,1021 558,1022 583,1023 609,1024"/>
                <TextEquiv>
                    <Unicode>al punto puede tomar</Unicode>
                </TextEquiv>
            </TextLine>
            <TextLine id="r1l20" custom="readingOrder {index:19;}">
                <Coords points="235,1073 260,1073 285,1075 310,1075 335,1076 360,1076 385,1077 410,1077 435,1078 460,1078 485,1079 510,1079 535,1080 560,1080 585,1081 610,1081 635,1082 660,1082 685,1083 685,1050 660,1049 635,1049 610,1048 585,1048 560,1047 535,1047 510,1046 485,1046 460,1045 435,1045 410,1044 385,1044 360,1043 335,1043 310,1042 285,1042 260,1040 235,1040"/>
                <Baseline points="235,1062 260,1062 285,1064 310,1064 335,1065 360,1065 385,1066 410,1066 435,1067 460,1067 485,1068 510,1068 535,1069 560,1069 585,1070 610,1070 635,1071 660,1071 685,1072"/>
                <TextEquiv>
                    <Unicode>un pollino á soplo, y sorb</Unicode>
                </TextEquiv>
            </TextLine>
            <TextLine id="r1l21" custom="readingOrder {index:20;}">
                <Coords points="231,1121 256,1121 282,1122 307,1122 333,1123 358,1124 384,1124 410,1125 435,1126 461,1127 486,1127 512,1128 537,1128 563,1129 589,1129 589,1095 563,1095 537,1094 512,1094 486,1093 461,1093 435,1092 410,1091 384,1090 358,1090 333,1089 307,1088 282,1088 256,1087 231,1087"/>
                <Baseline points="231,1110 256,1110 282,1111 307,1111 333,1112 358,1113 384,1113 410,1114 435,1115 461,1116 486,1116 512,1117 537,1117 563,1118 589,1118"/>
                <TextEquiv>
                    <Unicode>con lo que mejorará.</Unicode>
                </TextEquiv>
            </TextLine>
            <TextLine id="r1l22" custom="readingOrder {index:21;}">
                <Coords points="229,1167 255,1168 281,1169 307,1169 333,1170 359,1171 385,1172 411,1173 437,1174 463,1174 489,1175 515,1176 541,1176 567,1176 593,1177 619,1177 646,1177 646,1144 619,1144 593,1144 567,1143 541,1143 515,1143 489,1142 463,1141 437,1141 411,1140 385,1139 359,1138 333,1137 307,1136 281,1136 255,1135 229,1134"/>
                <Baseline points="229,1156 255,1157 281,1158 307,1158 333,1159 359,1160 385,1161 411,1162 437,1163 463,1163 489,1164 515,1165 541,1165 567,1165 593,1166 619,1166 646,1166"/>
                <TextEquiv>
                    <Unicode>Pasadlo bien, amiguito.</Unicode>
                </TextEquiv>
            </TextLine>
            <TextLine id="r1l23" custom="readingOrder {index:22;}">
                <Coords points="229,1212 254,1214 279,1216 304,1217 330,1218 355,1219 380,1220 405,1220 431,1221 456,1221 481,1222 506,1222 532,1222 557,1223 582,1223 607,1224 633,1224 658,1225 683,1226 708,1227 734,1227 734,1194 708,1194 683,1193 658,1192 633,1191 607,1191 582,1190 557,1190 532,1189 506,1189 481,1189 456,1188 431,1188 405,1187 380,1187 355,1186 330,1185 304,1184 279,1183 254,1181 229,1179"/>
                <Baseline points="229,1201 254,1203 279,1205 304,1206 330,1207 355,1208 380,1209 405,1209 431,1210 456,1210 481,1211 506,1211 532,1211 557,1212 582,1212 607,1213 633,1213 658,1214 683,1215 708,1216 734,1216"/>
                <TextEquiv>
                    <Unicode>¡Lo que hay en este hospital</Unicode>
                </TextEquiv>
            </TextLine>
            <TextLine id="r1l24" custom="readingOrder {index:23;}">
                <Coords points="236,1262 261,1263 286,1264 311,1265 336,1266 362,1267 387,1267 412,1268 437,1269 462,1269 488,1270 513,1270 538,1271 563,1271 588,1272 614,1272 639,1273 664,1273 689,1274 714,1275 740,1276 740,1242 714,1241 689,1240 664,1239 639,1239 614,1238 588,1238 563,1237 538,1237 513,1236 488,1236 462,1235 437,1235 412,1234 387,1233 362,1233 336,1232 311,1231 286,1230 261,1229 236,1228"/>
                <Baseline points="236,1251 261,1252 286,1253 311,1254 336,1255 362,1256 387,1256 412,1257 437,1258 462,1258 488,1259 513,1259 538,1260 563,1260 588,1261 614,1261 639,1262 664,1262 689,1263 714,1264 740,1265"/>
                <TextEquiv>
                    <Unicode>de males, y á lo que alcanza</Unicode>
                </TextEquiv>
            </TextLine>
            <TextLine id="r1l25" custom="readingOrder {index:24;}">
                <Coords points="225,1309 251,1310 278,1312 304,1313 331,1314 357,1315 384,1316 410,1316 437,1317 463,1317 490,1318 516,1318 543,1318 569,1319 596,1319 623,1319 623,1286 596,1286 569,1286 543,1285 516,1285 490,1285 463,1284 437,1284 410,1283 384,1283 357,1282 331,1281 304,1280 278,1279 251,1277 225,1276"/>
                <Baseline points="225,1298 251,1299 278,1301 304,1302 331,1303 357,1304 384,1305 410,1305 437,1306 463,1306 490,1307 516,1307 543,1307 569,1308 596,1308 623,1308"/>
                <TextEquiv>
                    <Unicode>una aplicacion formal !</Unicode>
                </TextEquiv>
            </TextLine>
            <TextLine id="r1l26" custom="readingOrder {index:25;}">
                <Coords points="348,1360 373,1362 398,1363 423,1364 448,1364 473,1365 498,1365 523,1366 548,1366 573,1367 598,1368 623,1369 648,1370 648,1337 623,1336 598,1335 573,1334 548,1333 523,1333 498,1332 473,1332 448,1331 423,1331 398,1330 373,1329 348,1327"/>
                <Baseline points="348,1349 373,1351 398,1352 423,1353 448,1353 473,1354 498,1354 523,1355 548,1355 573,1356 598,1357 623,1358 648,1359"/>
                <TextEquiv>
                    <Unicode>Se acerca á otra.</Unicode>
                </TextEquiv>
            </TextLine>
            <TextLine id="r1l27" custom="readingOrder {index:26;}">
                <Coords points="228,1412 254,1411 280,1410 306,1409 332,1409 358,1409 384,1409 410,1410 437,1411 463,1412 489,1413 515,1414 541,1414 567,1415 593,1416 620,1416 620,1386 593,1386 567,1385 541,1384 515,1384 489,1383 463,1382 437,1381 410,1380 384,1379 358,1379 332,1379 306,1379 280,1380 254,1381 228,1382"/>
                <Baseline points="228,1402 254,1401 280,1400 306,1399 332,1399 358,1399 384,1399 410,1400 437,1401 463,1402 489,1403 515,1404 541,1404 567,1405 593,1406 620,1406"/>
                <TextEquiv>
                    <Unicode>¿Quién es esa señorita</Unicode>
                </TextEquiv>
            </TextLine>
            <TextLine id="r1l28" custom="readingOrder {index:27;}">
                <Coords points="225,1452 251,1453 278,1454 305,1455 332,1456 359,1457 386,1457 413,1458 440,1459 467,1459 494,1460 520,1460 547,1461 574,1462 601,1462 628,1462 655,1463 682,1463 709,1464 736,1465 763,1465 763,1435 736,1435 709,1434 682,1433 655,1433 628,1432 601,1432 574,1432 547,1431 520,1430 494,1430 467,1429 440,1429 413,1428 386,1427 359,1427 332,1426 305,1425 278,1424 251,1423 225,1422"/>
                <Baseline points="225,1442 251,1443 278,1444 305,1445 332,1446 359,1447 386,1447 413,1448 440,1449 467,1449 494,1450 520,1450 547,1451 574,1452 601,1452 628,1452 655,1453 682,1453 709,1454 736,1455 763,1455"/>
                <TextEquiv>
                    <Unicode>que está en la flor de su edad?</Unicode>
                </TextEquiv>
            </TextLine>
            <TextLine id="r1l29" custom="readingOrder {index:28;}">
                <Coords points="220,1501 246,1502 272,1503 298,1504 324,1505 350,1506 376,1507 402,1507 428,1508 454,1508 480,1509 506,1509 532,1510 558,1510 584,1510 610,1511 636,1512 662,1512 688,1513 714,1514 740,1514 740,1480 714,1480 688,1479 662,1478 636,1478 610,1477 584,1476 558,1476 532,1476 506,1475 480,1475 454,1474 428,1474 402,1473 376,1473 350,1472 324,1471 298,1470 272,1469 246,1468 220,1467"/>
                <Baseline points="220,1490 246,1491 272,1492 298,1493 324,1494 350,1495 376,1496 402,1496 428,1497 454,1497 480,1498 506,1498 532,1499 558,1499 584,1499 610,1500 636,1501 662,1501 688,1502 714,1503 740,1503"/>
                <TextEquiv>
                    <Unicode>¿ Viene enferma por ventura ?</Unicode>
                </TextEquiv>
            </TextLine>
            <TextLine id="r1l30" custom="readingOrder {index:29;}">
                <Coords points="182,1546 209,1549 236,1551 263,1552 290,1553 317,1553 344,1554 371,1555 398,1555 425,1557 425,1523 398,1521 371,1521 344,1520 317,1519 290,1519 263,1518 236,1517 209,1515 182,1512"/>
                <Baseline points="182,1535 209,1538 236,1540 263,1541 290,1542 317,1542 344,1543 371,1544 398,1544 425,1546"/>
                <TextEquiv>
                    <Unicode>Enf. Si señor.</Unicode>
                </TextEquiv>
            </TextLine>
            <TextLine id="r1l31" custom="readingOrder {index:30;}">
                <Coords points="178,1594 203,1596 228,1597 253,1599 279,1600 304,1601 329,1602 355,1603 380,1603 405,1604 431,1604 456,1605 481,1605 507,1606 532,1606 557,1606 583,1607 608,1607 633,1608 659,1609 659,1575 633,1574 608,1573 583,1573 557,1572 532,1572 507,1572 481,1571 456,1571 431,1570 405,1570 380,1569 355,1569 329,1568 304,1567 279,1566 253,1565 228,1563 203,1562 178,1560"/>
                <Baseline points="178,1583 203,1585 228,1586 253,1588 279,1589 304,1590 329,1591 355,1592 380,1592 405,1593 431,1593 456,1594 481,1594 507,1595 532,1595 557,1595 583,1596 608,1596 633,1597 659,1598"/>
                <TextEquiv>
                    <Unicode>Méd. ¿Y se sabe ya su mal?</Unicode>
                </TextEquiv>
            </TextLine>
            <TextLine id="r1l32" custom="readingOrder {index:31;}">
                <Coords points="183,1643 209,1645 235,1647 261,1647 287,1648 313,1648 339,1649 365,1649 391,1650 417,1651 444,1652 444,1618 417,1617 391,1616 365,1615 339,1615 313,1614 287,1614 261,1613 235,1613 209,1611 183,1609"/>
                <Baseline points="183,1632 209,1634 235,1636 261,1636 287,1637 313,1637 339,1638 365,1638 391,1639 417,1640 444,1641"/>
                <TextEquiv>
                    <Unicode>En(. No señor.</Unicode>
                </TextEquiv>
            </TextLine>
            <TextLine id="r1l33" custom="readingOrder {index:32;}">
                <Coords points="180,1692 205,1693 230,1694 255,1695 281,1696 306,1697 331,1697 357,1698 382,1699 407,1700 433,1700 458,1701 483,1701 508,1702 534,1702 559,1702 584,1703 610,1703 635,1704 660,1704 686,1704 686,1671 660,1671 635,1671 610,1670 584,1670 559,1669 534,1669 508,1669 483,1668 458,1668 433,1667 407,1667 382,1666 357,1665 331,1664 306,1664 281,1663 255,1662 230,1661 205,1660 180,1659"/>
                <Baseline points="180,1681 205,1682 230,1683 255,1684 281,1685 306,1686 331,1686 357,1687 382,1688 407,1689 433,1689 458,1690 483,1690 508,1691 534,1691 559,1691 584,1692 610,1692 635,1693 660,1693 686,1693"/>
                <TextEquiv>
                    <Unicode>Méd. Señorita, Vd. perdone,</Unicode>
                </TextEquiv>
            </TextLine>
            <TextLine id="r1l34" custom="readingOrder {index:33;}">
                <Coords points="221,1743 246,1743 272,1744 298,1744 324,1745 350,1746 376,1746 402,1747 428,1747 454,1748 480,1748 506,1749 532,1749 558,1750 584,1750 610,1750 636,1750 636,1717 610,1717 584,1717 558,1717 532,1716 506,1716 480,1715 454,1715 428,1714 402,1714 376,1713 350,1713 324,1712 298,1711 272,1711 246,1710 221,1710"/>
                <Baseline points="221,1732 246,1732 272,1733 298,1733 324,1734 350,1735 376,1735 402,1736 428,1736 454,1737 480,1737 506,1738 532,1738 558,1739 584,1739 610,1739 636,1739"/>
                <TextEquiv>
                    <Unicode>solo el pulso es la señal</Unicode>
                </TextEquiv>
            </TextLine>
            <TextLine id="r1l35" custom="readingOrder {index:34;}">
                <Coords points="226,1792 252,1793 278,1793 304,1793 330,1794 357,1794 383,1794 409,1795 435,1795 461,1796 488,1796 514,1797 540,1797 566,1798 592,1798 619,1799 645,1799 671,1799 697,1799 724,1800 724,1766 697,1765 671,1765 645,1765 619,1765 592,1764 566,1764 540,1763 514,1763 488,1762 461,1762 435,1761 409,1761 383,1760 357,1760 330,1760 304,1759 278,1759 252,1759 226,1758"/>
                <Baseline points="226,1781 252,1782 278,1782 304,1782 330,1783 357,1783 383,1783 409,1784 435,1784 461,1785 488,1785 514,1786 540,1786 566,1787 592,1787 619,1788 645,1788 671,1788 697,1788 724,1789"/>
                <TextEquiv>
                    <Unicode>que nos demuestra los males,</Unicode>
                </TextEquiv>
            </TextLine>
            <TextLine id="r1l36" custom="readingOrder {index:35;}">
                <Coords points="219,1840 244,1841 269,1841 294,1842 319,1842 345,1843 370,1843 395,1843 420,1844 445,1844 471,1844 496,1845 521,1845 546,1846 571,1847 597,1848 597,1814 571,1813 546,1812 521,1811 496,1811 471,1810 445,1810 420,1810 395,1809 370,1809 345,1809 319,1808 294,1808 269,1807 244,1807 219,1806"/>
                <Baseline points="219,1829 244,1830 269,1830 294,1831 319,1831 345,1832 370,1832 395,1832 420,1833 445,1833 471,1833 496,1834 521,1834 546,1835 571,1836 597,1837"/>
                <TextEquiv>
                    <Unicode>y nos dá idea cabal. La pulsa.</Unicode>
                </TextEquiv>
            </TextLine>
            <TextLine id="r1l38" custom="readingOrder {index:36;}">
                <Coords points="226,1890 251,1889 277,1889 302,1889 328,1889 353,1890 379,1890 405,1891 430,1891 456,1892 481,1893 507,1893 532,1894 558,1894 584,1894 584,1860 558,1860 532,1860 507,1859 481,1859 456,1858 430,1857 405,1857 379,1856 353,1856 328,1855 302,1855 277,1855 251,1855 226,1856"/>
                <Baseline points="226,1879 251,1878 277,1878 302,1878 328,1878 353,1879 379,1879 405,1880 430,1880 456,1881 481,1882 507,1882 532,1883 558,1883 584,1883"/>
                <TextEquiv>
                    <Unicode>Sosiéguese, señorita,</Unicode>
                </TextEquiv>
            </TextLine>
            <TextLine id="r1l39" custom="readingOrder {index:37;}">
                <Coords points="219,1937 244,1937 269,1937 294,1937 320,1937 345,1937 370,1938 396,1938 421,1939 446,1939 472,1939 497,1940 522,1940 548,1941 573,1941 598,1942 624,1942 624,1908 598,1908 573,1907 548,1907 522,1906 497,1906 472,1905 446,1905 421,1905 396,1904 370,1904 345,1903 320,1903 294,1903 269,1903 244,1903 219,1903"/>
                <Baseline points="219,1926 244,1926 269,1926 294,1926 320,1926 345,1926 370,1927 396,1927 421,1928 446,1928 472,1928 497,1929 522,1929 548,1930 573,1930 598,1931 624,1931"/>
                <TextEquiv>
                    <Unicode>que todo se compondrá,</Unicode>
                </TextEquiv>
            </TextLine>
            <TextLine id="r1l40" custom="readingOrder {index:38;}">
                <Coords points="223,1983 249,1984 275,1986 301,1986 327,1987 353,1987 379,1987 405,1987 432,1987 458,1988 484,1988 510,1988 536,1988 562,1989 588,1989 614,1990 641,1991 641,1958 614,1957 588,1956 562,1956 536,1955 510,1955 484,1955 458,1955 432,1954 405,1954 379,1954 353,1954 327,1954 301,1953 275,1953 249,1951 223,1950"/>
                <Baseline points="223,1972 249,1973 275,1975 301,1975 327,1976 353,1976 379,1976 405,1976 432,1976 458,1977 484,1977 510,1977 536,1977 562,1978 588,1978 614,1979 641,1980"/>
                <TextEquiv>
                    <Unicode>y lo que Vd. hacer debe</Unicode>
                </TextEquiv>
            </TextLine>
            <TextLine id="r1l41" custom="readingOrder {index:39;}">
                <Coords points="215,2031 240,2032 265,2033 290,2034 315,2034 340,2035 365,2035 391,2035 416,2035 441,2036 466,2036 491,2036 516,2036 541,2037 567,2037 567,2003 541,2003 516,2002 491,2002 466,2002 441,2002 416,2001 391,2001 365,2001 340,2001 315,2000 290,2000 265,1999 240,1998 215,1997"/>
                <Baseline points="215,2020 240,2021 265,2022 290,2023 315,2023 340,2024 365,2024 391,2024 416,2024 441,2025 466,2025 491,2025 516,2025 541,2026 567,2026"/>
                <TextEquiv>
                    <Unicode>es tomar y no soltar,</Unicode>
                </TextEquiv>
            </TextLine>
            <TextLine id="r1l42" custom="readingOrder {index:40;}">
                <Coords points="224,2080 250,2081 276,2081 302,2082 328,2082 354,2082 381,2082 407,2083 433,2083 459,2083 485,2084 511,2084 538,2084 564,2085 590,2085 616,2086 642,2086 669,2087 669,2053 642,2052 616,2052 590,2051 564,2051 538,2050 511,2050 485,2050 459,2049 433,2049 407,2049 381,2048 354,2048 328,2048 302,2048 276,2047 250,2047 224,2046"/>
                <Baseline points="224,2069 250,2070 276,2070 302,2071 328,2071 354,2071 381,2071 407,2072 433,2072 459,2072 485,2073 511,2073 538,2073 564,2074 590,2074 616,2075 642,2075 669,2076"/>
                <TextEquiv>
                    <Unicode>pues la que así no lo hace</Unicode>
                </TextEquiv>
            </TextLine>
            <TextLine id="r1l43" custom="readingOrder {index:41;}">
                <Coords points="216,2128 241,2128 267,2129 293,2129 318,2130 344,2130 370,2130 395,2130 421,2131 447,2131 472,2131 498,2131 524,2132 549,2132 575,2133 601,2133 626,2134 652,2135 678,2136 704,2137 704,2103 678,2102 652,2101 626,2100 601,2099 575,2099 549,2098 524,2098 498,2097 472,2097 447,2097 421,2097 395,2096 370,2096 344,2096 318,2096 293,2095 267,2095 241,2094 216,2094"/>
                <Baseline points="216,2117 241,2117 267,2118 293,2118 318,2119 344,2119 370,2119 395,2119 421,2120 447,2120 472,2120 498,2120 524,2121 549,2121 575,2122 601,2122 626,2123 652,2124 678,2125 704,2126"/>
                <TextEquiv>
                    <Unicode>sin remedio ha de enfermar,</Unicode>
                </TextEquiv>
            </TextLine>
            <TextLine id="r1l44" custom="readingOrder {index:42;}">
                <Coords points="223,2176 248,2176 274,2177 300,2177 326,2177 351,2178 377,2178 403,2178 429,2178 454,2179 480,2179 506,2179 532,2180 557,2180 583,2181 609,2181 635,2182 661,2183 661,2149 635,2148 609,2147 583,2147 557,2146 532,2146 506,2145 480,2145 454,2145 429,2144 403,2144 377,2144 351,2144 326,2143 300,2143 274,2143 248,2142 223,2142"/>
                <Baseline points="223,2165 248,2165 274,2166 300,2166 326,2166 351,2167 377,2167 403,2167 429,2167 454,2168 480,2168 506,2168 532,2169 557,2169 583,2170 609,2170 635,2171 661,2172"/>
                <TextEquiv>
                    <Unicode>procurar que el peritoneo</Unicode>
                </TextEquiv>
            </TextLine>
            <TextLine id="r1l45" custom="readingOrder {index:43;}">
                <Coords points="220,2224 246,2225 272,2225 298,2226 324,2226 350,2226 376,2226 402,2226 428,2226 454,2227 480,2227 506,2227 532,2228 558,2229 584,2230 584,2196 558,2195 532,2194 506,2193 480,2193 454,2193 428,2192 402,2192 376,2192 350,2192 324,2192 298,2192 272,2191 246,2191 220,2190"/>
                <Baseline points="220,2213 246,2214 272,2214 298,2215 324,2215 350,2215 376,2215 402,2215 428,2215 454,2216 480,2216 506,2216 532,2217 558,2218 584,2219"/>
                <TextEquiv>
                    <Unicode>se mantenga circular,</Unicode>
                </TextEquiv>
            </TextLine>
            <TextLine id="r1l46" custom="readingOrder {index:44;}">
                <Coords points="210,2272 235,2274 261,2275 287,2275 313,2276 339,2276 365,2275 391,2275 417,2275 443,2275 469,2275 495,2275 521,2275 547,2276 573,2278 599,2279 599,2245 573,2244 547,2242 521,2241 495,2241 469,2241 443,2241 417,2241 391,2241 365,2241 339,2242 313,2242 287,2241 261,2241 235,2240 210,2238"/>
                <Baseline points="210,2261 235,2263 261,2264 287,2264 313,2265 339,2265 365,2264 391,2264 417,2264 443,2264 469,2264 495,2264 521,2264 547,2265 573,2267 599,2268"/>
                <TextEquiv>
                    <Unicode>no sea que sobrevenga</Unicode>
                </TextEquiv>
            </TextLine>
            <TextEquiv>
                <Unicode>es preciso vomitar.
Y asi lo que Vd. padece
es un mal de madre tal,
que habiendo rapto á las sienes,
no la deja respirar,
y será mucho mas fuerte
al tiempo de ir á mascar.
En la pantorrilla izquierda
tendrá como un alacran, 
pero no me dá cuidado,
que es muy fácil de curar;
traigan un gato y un perro,
y encima los dos pondrán,
y luego que estén furiosos
ambos se le aplicarán,
que es el modo mas seguro
de que no prosiga el mal;
y si acaso no se alivia,
al punto puede tomar
un pollino á soplo, y sorb
con lo que mejorará.
Pasadlo bien, amiguito.
¡Lo que hay en este hospital
de males, y á lo que alcanza
una aplicacion formal !
Se acerca á otra.
¿Quién es esa señorita
que está en la flor de su edad?
¿ Viene enferma por ventura ?
Enf. Si señor.
Méd. ¿Y se sabe ya su mal?
En(. No señor.
Méd. Señorita, Vd. perdone,
solo el pulso es la señal
que nos demuestra los males,
y nos dá idea cabal. La pulsa.
Sosiéguese, señorita,
que todo se compondrá,
y lo que Vd. hacer debe
es tomar y no soltar,
pues la que así no lo hace
sin remedio ha de enfermar,
procurar que el peritoneo
se mantenga circular,
no sea que sobrevenga</Unicode>
            </TextEquiv>
        </TextRegion>
        <TextRegion orientation="0.0" id="r3" custom="readingOrder {index:1;}">
            <Coords points="903,143 903,2284 1529,2284 1529,143"/>
            <TextLine id="r3l1" custom="readingOrder {index:0;}">
                <Coords points="974,176 1000,176 1027,177 1053,177 1080,177 1107,177 1133,177 1160,177 1186,178 1213,178 1240,179 1266,180 1293,181 1320,182 1320,149 1293,148 1266,147 1240,146 1213,145 1186,145 1160,144 1133,144 1107,144 1080,144 1053,144 1027,144 1000,143 974,143"/>
                <Baseline points="974,165 1000,165 1027,166 1053,166 1080,166 1107,166 1133,166 1160,166 1186,167 1213,167 1240,168 1266,169 1293,170 1320,171"/>
                <TextEquiv>
                    <Unicode>sin poderlo remediar</Unicode>
                </TextEquiv>
            </TextLine>
            <TextLine id="r3l2" custom="readingOrder {index:1;}">
                <Coords points="972,222 997,223 1022,224 1048,225 1073,226 1098,226 1124,226 1149,227 1175,227 1200,227 1225,228 1251,228 1276,229 1301,229 1327,230 1352,231 1378,232 1378,199 1352,198 1327,197 1301,196 1276,196 1251,195 1225,195 1200,194 1175,194 1149,194 1124,193 1098,193 1073,193 1048,192 1022,191 997,190 972,189"/>
                <Baseline points="972,211 997,212 1022,213 1048,214 1073,215 1098,215 1124,215 1149,216 1175,216 1200,216 1225,217 1251,217 1276,218 1301,218 1327,219 1352,220 1378,221"/>
                <TextEquiv>
                    <Unicode>una inflamacion interna, </Unicode>
                </TextEquiv>
            </TextLine>
            <TextLine id="r3l3" custom="readingOrder {index:2;}">
                <Coords points="965,269 990,269 1016,270 1041,271 1067,272 1093,272 1118,273 1144,274 1169,274 1195,275 1221,276 1246,276 1272,277 1297,277 1323,278 1349,278 1374,279 1400,279 1426,280 1426,247 1400,246 1374,246 1349,245 1323,245 1297,244 1272,244 1246,243 1221,243 1195,242 1169,241 1144,241 1118,240 1093,239 1067,239 1041,238 1016,237 990,236 965,236"/>
                <Baseline points="965,258 990,258 1016,259 1041,260 1067,261 1093,261 1118,262 1144,263 1169,263 1195,264 1221,265 1246,265 1272,266 1297,266 1323,267 1349,267 1374,268 1400,268 1426,269"/>
                <TextEquiv>
                    <Unicode>que es muy mala de curar:</Unicode>
                </TextEquiv>
            </TextLine>
            <TextLine id="r3l4" custom="readingOrder {index:3;}">
                <Coords points="961,320 987,319 1013,319 1040,319 1066,319 1093,319 1119,319 1146,320 1172,320 1198,321 1225,322 1251,323 1278,323 1304,324 1331,324 1357,324 1384,324 1384,293 1357,293 1331,293 1304,293 1278,292 1251,292 1225,291 1198,290 1172,289 1146,289 1119,288 1093,288 1066,288 1040,288 1013,288 987,288 961,289"/>
                <Baseline points="961,310 987,309 1013,309 1040,309 1066,309 1093,309 1119,309 1146,310 1172,310 1198,311 1225,312 1251,313 1278,313 1304,314 1331,314 1357,314 1384,314"/>
                <TextEquiv>
                    <Unicode>y para limpiar el vientre</Unicode>
                </TextEquiv>
            </TextLine>
            <TextLine id="r3l5" custom="readingOrder {index:4;}">
                <Coords points="968,363 994,364 1020,365 1046,365 1072,366 1099,367 1125,367 1151,368 1177,369 1204,369 1230,370 1256,371 1282,371 1309,372 1309,341 1282,340 1256,340 1230,339 1204,338 1177,338 1151,337 1125,336 1099,336 1072,335 1046,334 1020,334 994,333 968,332"/>
                <Baseline points="968,353 994,354 1020,355 1046,355 1072,356 1099,357 1125,357 1151,358 1177,359 1204,359 1230,360 1256,361 1282,361 1309,362"/>
                <TextEquiv>
                    <Unicode>de toda superfluidad</Unicode>
                </TextEquiv>
            </TextLine>
            <TextLine id="r3l6" custom="readingOrder {index:5;}">
                <Coords points="968,412 993,413 1019,414 1045,415 1071,416 1096,416 1122,417 1148,417 1174,417 1199,418 1225,418 1251,419 1277,419 1302,420 1328,421 1354,422 1380,423 1380,390 1354,389 1328,388 1302,387 1277,386 1251,386 1225,385 1199,385 1174,384 1148,384 1122,384 1096,383 1071,383 1045,382 1019,381 993,380 968,379"/>
                <Baseline points="968,401 993,402 1019,403 1045,404 1071,405 1096,405 1122,406 1148,406 1174,406 1199,407 1225,407 1251,408 1277,408 1302,409 1328,410 1354,411 1380,412"/>
                <TextEquiv>
                    <Unicode>le recetaré unos polvos,</Unicode>
                </TextEquiv>
            </TextLine>
            <TextLine id="r3l7" custom="readingOrder {index:6;}">
                <Coords points="967,461 992,462 1017,462 1043,463 1068,464 1094,464 1119,465 1145,465 1170,466 1196,466 1221,467 1247,468 1272,468 1298,468 1323,469 1349,470 1374,470 1400,470 1400,437 1374,437 1349,437 1323,436 1298,435 1272,435 1247,435 1221,434 1196,433 1170,433 1145,432 1119,432 1094,431 1068,431 1043,430 1017,429 992,429 967,428"/>
                <Baseline points="967,450 992,451 1017,451 1043,452 1068,453 1094,453 1119,454 1145,454 1170,455 1196,455 1221,456 1247,457 1272,457 1298,457 1323,458 1349,459 1374,459 1400,459"/>
                <TextEquiv>
                    <Unicode>que no le estarán de mas.</Unicode>
                </TextEquiv>
            </TextLine>
            <TextLine id="r3l8" custom="readingOrder {index:7;}">
                <Coords points="965,511 990,510 1016,510 1042,510 1067,510 1093,511 1119,511 1144,512 1170,512 1196,513 1221,514 1247,515 1273,515 1298,516 1324,517 1350,517 1376,517 1376,484 1350,484 1324,484 1298,483 1273,482 1247,482 1221,481 1196,480 1170,479 1144,479 1119,478 1093,478 1067,477 1042,477 1016,477 990,477 965,478"/>
                <Baseline points="965,500 990,499 1016,499 1042,499 1067,499 1093,500 1119,500 1144,501 1170,501 1196,502 1221,503 1247,504 1273,504 1298,505 1324,506 1350,506 1376,506"/>
                <TextEquiv>
                    <Unicode>Que traigan de la botica</Unicode>
                </TextEquiv>
            </TextLine>
            <TextLine id="r3l9" custom="readingOrder {index:8;}">
                <Coords points="964,556 990,556 1016,557 1043,557 1069,557 1096,558 1122,559 1149,560 1175,560 1202,561 1228,562 1255,562 1281,563 1308,563 1308,530 1281,530 1255,529 1228,529 1202,528 1175,527 1149,527 1122,526 1096,525 1069,524 1043,524 1016,524 990,523 964,523"/>
                <Baseline points="964,545 990,545 1016,546 1043,546 1069,546 1096,547 1122,548 1149,549 1175,549 1202,550 1228,551 1255,551 1281,552 1308,552"/>
                <TextEquiv>
                    <Unicode>bien pulverizadas ya </Unicode>
                </TextEquiv>
            </TextLine>
            <TextLine id="r3l10" custom="readingOrder {index:9;}">
                <Coords points="962,604 987,605 1012,605 1038,606 1063,606 1088,607 1114,607 1139,607 1165,608 1190,608 1215,609 1241,609 1266,610 1291,611 1317,611 1342,612 1368,613 1368,580 1342,579 1317,578 1291,578 1266,577 1241,576 1215,576 1190,575 1165,575 1139,574 1114,574 1088,574 1063,573 1038,573 1012,572 987,572 962,571"/>
                <Baseline points="962,593 987,594 1012,594 1038,595 1063,595 1088,596 1114,596 1139,596 1165,597 1190,597 1215,598 1241,598 1266,599 1291,600 1317,600 1342,601 1368,602"/>
                <TextEquiv>
                    <Unicode>las nalgas de una beata,</Unicode>
                </TextEquiv>
            </TextLine>
            <TextLine id="r3l11" custom="readingOrder {index:10;}">
                <Coords points="957,651 982,652 1008,653 1034,654 1060,654 1086,655 1112,655 1137,655 1163,656 1189,656 1215,656 1241,657 1267,657 1292,658 1318,658 1344,659 1370,660 1396,661 1422,662 1422,629 1396,628 1370,627 1344,626 1318,625 1292,625 1267,624 1241,624 1215,623 1189,623 1163,623 1137,622 1112,622 1086,622 1060,621 1034,621 1008,620 982,619 957,618"/>
                <Baseline points="957,640 982,641 1008,642 1034,643 1060,643 1086,644 1112,644 1137,644 1163,645 1189,645 1215,645 1241,646 1267,646 1292,647 1318,647 1344,648 1370,649 1396,650 1422,651"/>
                <TextEquiv>
                    <Unicode>que antes se debe quemar,</Unicode>
                </TextEquiv>
            </TextLine>
            <TextLine id="r3l12" custom="readingOrder {index:11;}">
                <Coords points="961,699 986,699 1012,700 1038,701 1063,701 1089,702 1115,702 1140,703 1166,703 1192,704 1217,704 1243,705 1269,706 1294,706 1320,707 1346,708 1371,709 1397,709 1423,711 1423,678 1397,676 1371,676 1346,675 1320,674 1294,673 1269,673 1243,672 1217,671 1192,671 1166,670 1140,670 1115,669 1089,669 1063,668 1038,668 1012,667 986,666 961,666"/>
                <Baseline points="961,688 986,688 1012,689 1038,690 1063,690 1089,691 1115,691 1140,692 1166,692 1192,693 1217,693 1243,694 1269,695 1294,695 1320,696 1346,697 1371,698 1397,698 1423,700"/>
                <TextEquiv>
                    <Unicode>y en dos cuartillos de agua, </Unicode>
                </TextEquiv>
            </TextLine>
            <TextLine id="r3l13" custom="readingOrder {index:12;}">
                <Coords points="956,745 981,747 1006,747 1032,748 1057,748 1083,749 1108,749 1134,750 1159,750 1185,751 1210,751 1236,752 1261,753 1287,754 1312,755 1338,756 1338,723 1312,722 1287,721 1261,720 1236,719 1210,718 1185,718 1159,717 1134,717 1108,716 1083,716 1057,715 1032,715 1006,714 981,714 956,712"/>
                <Baseline points="956,734 981,736 1006,736 1032,737 1057,737 1083,738 1108,738 1134,739 1159,739 1185,740 1210,740 1236,741 1261,742 1287,743 1312,744 1338,745"/>
                <TextEquiv>
                    <Unicode>se pueden administrar,</Unicode>
                </TextEquiv>
            </TextLine>
            <TextLine id="r3l14" custom="readingOrder {index:13;}">
                <Coords points="956,794 981,795 1006,795 1031,795 1056,796 1081,796 1106,797 1131,797 1156,798 1181,799 1206,800 1231,800 1256,801 1281,801 1306,802 1332,802 1332,769 1306,769 1281,768 1256,768 1231,767 1206,767 1181,766 1156,765 1131,764 1106,764 1081,763 1056,763 1031,762 1006,762 981,762 956,761"/>
                <Baseline points="956,783 981,784 1006,784 1031,784 1056,785 1081,785 1106,786 1131,786 1156,787 1181,788 1206,789 1231,789 1256,790 1281,790 1306,791 1332,791"/>
                <TextEquiv>
                    <Unicode>el uno por la mañana, </Unicode>
                </TextEquiv>
            </TextLine>
            <TextLine id="r3l15" custom="readingOrder {index:14;}">
                <Coords points="951,841 976,842 1001,843 1027,844 1052,845 1077,845 1103,845 1128,845 1154,846 1179,846 1204,846 1230,847 1255,848 1280,848 1306,850 1331,851 1357,853 1357,820 1331,818 1306,817 1280,815 1255,815 1230,814 1204,813 1179,813 1154,813 1128,812 1103,812 1077,812 1052,812 1027,811 1001,810 976,809 951,808"/>
                <Baseline points="951,830 976,831 1001,832 1027,833 1052,834 1077,834 1103,834 1128,834 1154,835 1179,835 1204,835 1230,836 1255,837 1280,837 1306,839 1331,840 1357,842"/>
                <TextEquiv>
                    <Unicode>y el otro al irse á costar</Unicode>
                </TextEquiv>
            </TextLine>
            <TextLine id="r3l16" custom="readingOrder {index:15;}">
                <Coords points="961,889 986,890 1011,891 1036,891 1061,892 1087,893 1112,893 1137,894 1162,894 1187,895 1213,896 1238,896 1263,897 1288,898 1314,899 1314,866 1288,865 1263,864 1238,863 1213,863 1187,862 1162,861 1137,861 1112,860 1087,860 1061,859 1036,858 1011,858 986,857 961,856"/>
                <Baseline points="961,878 986,879 1011,880 1036,880 1061,881 1087,882 1112,882 1137,883 1162,883 1187,884 1213,885 1238,885 1263,886 1288,887 1314,888"/>
                <TextEquiv>
                    <Unicode>Con eso sudará Vd.,</Unicode>
                </TextEquiv>
            </TextLine>
            <TextLine id="r3l17" custom="readingOrder {index:16;}">
                <Coords points="958,938 983,939 1009,939 1034,940 1060,940 1085,941 1111,941 1136,941 1162,941 1187,941 1213,942 1238,942 1264,943 1290,944 1290,911 1264,910 1238,909 1213,909 1187,908 1162,908 1136,908 1111,908 1085,908 1060,907 1034,907 1009,906 983,906 958,905"/>
                <Baseline points="958,927 983,928 1009,928 1034,929 1060,929 1085,930 1111,930 1136,930 1162,930 1187,930 1213,931 1238,931 1264,932 1290,933"/>
                <TextEquiv>
                    <Unicode>el mal se corregirá, </Unicode>
                </TextEquiv>
            </TextLine>
            <TextLine id="r3l18" custom="readingOrder {index:17;}">
                <Coords points="956,986 981,987 1007,987 1033,987 1059,988 1084,988 1110,988 1136,988 1162,989 1188,989 1213,989 1239,990 1265,991 1291,992 1317,993 1317,960 1291,959 1265,958 1239,957 1213,956 1188,956 1162,956 1136,955 1110,955 1084,955 1059,955 1033,954 1007,954 981,954 956,953"/>
                <Baseline points="956,975 981,976 1007,976 1033,976 1059,977 1084,977 1110,977 1136,977 1162,978 1188,978 1213,978 1239,979 1265,980 1291,981 1317,982"/>
                <TextEquiv>
                    <Unicode>se quitará la opresion</Unicode>
                </TextEquiv>
            </TextLine>
            <TextLine id="r3l19" custom="readingOrder {index:18;}">
                <Coords points="949,1033 975,1034 1001,1034 1027,1035 1053,1035 1080,1036 1106,1036 1132,1037 1158,1037 1184,1038 1211,1038 1237,1039 1263,1040 1289,1040 1315,1041 1342,1042 1342,1009 1315,1008 1289,1007 1263,1007 1237,1006 1211,1005 1184,1005 1158,1004 1132,1004 1106,1003 1080,1003 1053,1002 1027,1002 1001,1001 975,1001 949,1000"/>
                <Baseline points="949,1022 975,1023 1001,1023 1027,1024 1053,1024 1080,1025 1106,1025 1132,1026 1158,1026 1184,1027 1211,1027 1237,1028 1263,1029 1289,1029 1315,1030 1342,1031"/>
                <TextEquiv>
                    <Unicode>que impide la facultad,</Unicode>
                </TextEquiv>
            </TextLine>
            <TextLine id="r3l20" custom="readingOrder {index:19;}">
                <Coords points="955,1082 980,1082 1005,1082 1030,1082 1055,1083 1080,1083 1105,1083 1130,1083 1156,1084 1181,1084 1206,1084 1231,1084 1256,1085 1281,1086 1306,1087 1331,1088 1357,1089 1357,1056 1331,1055 1306,1054 1281,1053 1256,1052 1231,1051 1206,1051 1181,1051 1156,1051 1130,1050 1105,1050 1080,1050 1055,1050 1030,1049 1005,1049 980,1049 955,1049"/>
                <Baseline points="955,1071 980,1071 1005,1071 1030,1071 1055,1072 1080,1072 1105,1072 1130,1072 1156,1073 1181,1073 1206,1073 1231,1073 1256,1074 1281,1075 1306,1076 1331,1077 1357,1078"/>
                <TextEquiv>
                    <Unicode>tanquam convulsionem magnan</Unicode>
                </TextEquiv>
            </TextLine>
            <TextLine id="r3l22" custom="readingOrder {index:20;}">
                <Coords points="946,1129 971,1130 997,1130 1023,1130 1049,1131 1075,1131 1101,1131 1126,1132 1152,1132 1178,1133 1204,1133 1230,1134 1256,1134 1281,1135 1307,1136 1333,1136 1359,1137 1385,1138 1411,1139 1411,1106 1385,1105 1359,1104 1333,1103 1307,1103 1281,1102 1256,1101 1230,1101 1204,1100 1178,1100 1152,1099 1126,1099 1101,1098 1075,1098 1049,1098 1023,1097 997,1097 971,1097 946,1096"/>
                <Baseline points="946,1118 971,1119 997,1119 1023,1119 1049,1120 1075,1120 1101,1120 1126,1121 1152,1121 1178,1122 1204,1122 1230,1123 1256,1123 1281,1124 1307,1125 1333,1125 1359,1126 1385,1127 1411,1128"/>
                <TextEquiv>
                    <Unicode>y el vientre se ensanchará.</Unicode>
                </TextEquiv>
            </TextLine>
            <TextLine id="r3l23" custom="readingOrder {index:21;}">
                <Coords points="959,1179 985,1178 1011,1178 1038,1178 1064,1179 1090,1179 1117,1179 1143,1180 1169,1181 1196,1181 1222,1182 1248,1183 1275,1184 1301,1185 1327,1185 1354,1186 1354,1153 1327,1152 1301,1152 1275,1151 1248,1150 1222,1149 1196,1148 1169,1148 1143,1147 1117,1146 1090,1146 1064,1146 1038,1145 1011,1145 985,1145 959,1146"/>
                <Baseline points="959,1168 985,1167 1011,1167 1038,1167 1064,1168 1090,1168 1117,1168 1143,1169 1169,1170 1196,1170 1222,1171 1248,1172 1275,1173 1301,1174 1327,1174 1354,1175"/>
                <TextEquiv>
                    <Unicode>Pasadlo bien, señorita.</Unicode>
                </TextEquiv>
            </TextLine>
            <TextLine id="r3l24" custom="readingOrder {index:22;}">
                <Coords points="1092,1226 1118,1227 1145,1227 1171,1228 1198,1228 1224,1229 1251,1229 1277,1229 1304,1230 1330,1231 1357,1232 1384,1234 1384,1201 1357,1199 1330,1198 1304,1197 1277,1196 1251,1196 1224,1196 1198,1195 1171,1195 1145,1194 1118,1194 1092,1193"/>
                <Baseline points="1092,1215 1118,1216 1145,1216 1171,1217 1198,1217 1224,1218 1251,1218 1277,1218 1304,1219 1330,1220 1357,1221 1384,1223"/>
                <TextEquiv>
                    <Unicode>Se acerca á otro.</Unicode>
                </TextEquiv>
            </TextLine>
            <TextLine id="r3l25" custom="readingOrder {index:23;}">
                <Coords points="944,1280 970,1278 997,1277 1024,1276 1051,1275 1078,1275 1104,1275 1131,1275 1158,1276 1185,1276 1212,1277 1238,1277 1265,1278 1292,1279 1319,1280 1346,1280 1372,1281 1399,1281 1426,1282 1453,1282 1480,1282 1480,1249 1453,1249 1426,1249 1399,1248 1372,1248 1346,1247 1319,1247 1292,1246 1265,1245 1238,1244 1212,1244 1185,1243 1158,1243 1131,1242 1104,1242 1078,1242 1051,1242 1024,1243 997,1244 970,1245 944,1247"/>
                <Baseline points="944,1269 970,1267 997,1266 1024,1265 1051,1264 1078,1264 1104,1264 1131,1264 1158,1265 1185,1265 1212,1266 1238,1266 1265,1267 1292,1268 1319,1269 1346,1269 1372,1270 1399,1270 1426,1271 1453,1271 1480,1271"/>
                <TextEquiv>
                    <Unicode>¿Quién es este que aquí está?</Unicode>
                </TextEquiv>
            </TextLine>
            <TextLine id="r3l26" custom="readingOrder {index:24;}">
                <Coords points="948,1325 973,1324 998,1323 1024,1322 1049,1322 1075,1321 1100,1322 1126,1322 1151,1322 1177,1323 1202,1324 1228,1324 1253,1325 1279,1326 1304,1327 1330,1327 1355,1328 1381,1328 1406,1328 1432,1327 1432,1296 1406,1297 1381,1297 1355,1297 1330,1296 1304,1296 1279,1295 1253,1294 1228,1293 1202,1293 1177,1292 1151,1291 1126,1291 1100,1291 1075,1290 1049,1291 1024,1291 998,1292 973,1293 948,1294"/>
                <Baseline points="948,1315 973,1314 998,1313 1024,1312 1049,1312 1075,1311 1100,1312 1126,1312 1151,1312 1177,1313 1202,1314 1228,1314 1253,1315 1279,1316 1304,1317 1330,1317 1355,1318 1381,1318 1406,1318 1432,1317"/>
                <TextEquiv>
                    <Unicode>¡Qué color tan moribundo!</Unicode>
                </TextEquiv>
            </TextLine>
            <TextLine id="r3l27" custom="readingOrder {index:25;}">
                <Coords points="955,1366 980,1367 1005,1367 1030,1368 1055,1368 1081,1369 1106,1369 1131,1370 1156,1370 1182,1371 1207,1371 1232,1372 1257,1372 1283,1373 1308,1374 1333,1375 1358,1375 1384,1376 1384,1346 1358,1345 1333,1345 1308,1344 1283,1343 1257,1342 1232,1342 1207,1341 1182,1341 1156,1340 1131,1340 1106,1339 1081,1339 1055,1338 1030,1338 1005,1337 980,1337 955,1336"/>
                <Baseline points="955,1356 980,1357 1005,1357 1030,1358 1055,1358 1081,1359 1106,1359 1131,1360 1156,1360 1182,1361 1207,1361 1232,1362 1257,1362 1283,1363 1308,1364 1333,1365 1358,1365 1384,1366"/>
                <TextEquiv>
                    <Unicode>mucho dá que sospechar.</Unicode>
                </TextEquiv>
            </TextLine>
            <TextLine id="r3l28" custom="readingOrder {index:26;}">
                <Coords points="942,1412 967,1413 993,1415 1019,1416 1045,1418 1070,1418 1096,1419 1122,1420 1148,1420 1174,1421 1199,1421 1225,1422 1251,1422 1277,1423 1303,1423 1328,1423 1354,1424 1380,1424 1406,1425 1432,1425 1432,1392 1406,1392 1380,1391 1354,1391 1328,1390 1303,1390 1277,1390 1251,1389 1225,1389 1199,1388 1174,1388 1148,1387 1122,1387 1096,1386 1070,1385 1045,1385 1019,1383 993,1382 967,1380 942,1379"/>
                <Baseline points="942,1401 967,1402 993,1404 1019,1405 1045,1407 1070,1407 1096,1408 1122,1409 1148,1409 1174,1410 1199,1410 1225,1411 1251,1411 1277,1412 1303,1412 1328,1412 1354,1413 1380,1413 1406,1414 1432,1414"/>
                <TextEquiv>
                    <Unicode>¿Este enfermo ha vomitado?</Unicode>
                </TextEquiv>
            </TextLine>
            <TextLine id="r3l29" custom="readingOrder {index:27;}">
                <Coords points="907,1464 933,1464 960,1464 987,1464 1014,1465 1041,1465 1068,1466 1095,1466 1122,1467 1149,1469 1149,1436 1122,1434 1095,1433 1068,1433 1041,1432 1014,1432 987,1431 960,1431 933,1431 907,1431"/>
                <Baseline points="907,1453 933,1453 960,1453 987,1453 1014,1454 1041,1454 1068,1455 1095,1455 1122,1456 1149,1458"/>
                <TextEquiv>
                    <Unicode>Enf. Sí señor.</Unicode>
                </TextEquiv>
            </TextLine>
            <TextLine id="r3l30" custom="readingOrder {index:28;}">
                <Coords points="907,1511 933,1512 959,1512 986,1513 1012,1514 1038,1514 1065,1515 1091,1516 1117,1516 1144,1517 1170,1517 1196,1518 1223,1518 1249,1518 1275,1519 1302,1519 1328,1519 1354,1520 1381,1520 1407,1520 1434,1520 1434,1487 1407,1487 1381,1487 1354,1487 1328,1486 1302,1486 1275,1486 1249,1485 1223,1485 1196,1485 1170,1484 1144,1484 1117,1483 1091,1483 1065,1482 1038,1481 1012,1481 986,1480 959,1479 933,1479 907,1478"/>
                <Baseline points="907,1500 933,1501 959,1501 986,1502 1012,1503 1038,1503 1065,1504 1091,1505 1117,1505 1144,1506 1170,1506 1196,1507 1223,1507 1249,1507 1275,1508 1302,1508 1328,1508 1354,1509 1381,1509 1407,1509 1434,1509"/>
                <TextEquiv>
                    <Unicode>Méd. ¿Y le sigue la ansiedad?</Unicode>
                </TextEquiv>
            </TextLine>
            <TextLine id="r3l31" custom="readingOrder {index:29;}">
                <Coords points="909,1560 935,1560 961,1560 988,1560 1014,1561 1041,1561 1067,1561 1093,1562 1120,1562 1146,1564 1173,1565 1173,1532 1146,1531 1120,1529 1093,1529 1067,1528 1041,1528 1014,1528 988,1527 961,1527 935,1527 909,1527"/>
                <Baseline points="909,1549 935,1549 961,1549 988,1549 1014,1550 1041,1550 1067,1550 1093,1551 1120,1551 1146,1553 1173,1554"/>
                <TextEquiv>
                    <Unicode>Enf. No señor.</Unicode>
                </TextEquiv>
            </TextLine>
            <TextLine id="r3l32" custom="readingOrder {index:30;}">
                <Coords points="903,1607 928,1608 954,1608 979,1608 1005,1609 1030,1609 1056,1610 1081,1610 1107,1611 1132,1611 1158,1611 1183,1612 1209,1613 1234,1613 1260,1614 1285,1614 1311,1614 1336,1615 1362,1615 1387,1615 1413,1615 1413,1582 1387,1582 1362,1582 1336,1582 1311,1581 1285,1581 1260,1581 1234,1580 1209,1580 1183,1579 1158,1578 1132,1578 1107,1578 1081,1577 1056,1577 1030,1576 1005,1576 979,1575 954,1575 928,1575 903,1574"/>
                <Baseline points="903,1596 928,1597 954,1597 979,1597 1005,1598 1030,1598 1056,1599 1081,1599 1107,1600 1132,1600 1158,1600 1183,1601 1209,1602 1234,1602 1260,1603 1285,1603 1311,1603 1336,1604 1362,1604 1387,1604 1413,1604"/>
                <TextEquiv>
                    <Unicode>Méd. En tantas implicaciones</Unicode>
                </TextEquiv>
            </TextLine>
            <TextLine id="r3l33" custom="readingOrder {index:31;}">
                <Coords points="943,1657 968,1657 993,1657 1018,1657 1043,1657 1068,1657 1093,1658 1118,1658 1143,1658 1169,1659 1194,1659 1219,1659 1244,1660 1269,1661 1294,1661 1319,1662 1344,1663 1370,1663 1370,1630 1344,1630 1319,1629 1294,1628 1269,1628 1244,1627 1219,1626 1194,1626 1169,1626 1143,1625 1118,1625 1093,1625 1068,1624 1043,1624 1018,1624 993,1624 968,1624 943,1624"/>
                <Baseline points="943,1646 968,1646 993,1646 1018,1646 1043,1646 1068,1646 1093,1647 1118,1647 1143,1647 1169,1648 1194,1648 1219,1648 1244,1649 1269,1650 1294,1650 1319,1651 1344,1652 1370,1652"/>
                <TextEquiv>
                    <Unicode>mucho tengo que dudar;</Unicode>
                </TextEquiv>
            </TextLine>
            <TextLine id="r3l34" custom="readingOrder {index:32;}">
                <Coords points="949,1703 977,1703 1005,1704 1033,1705 1061,1705 1089,1705 1117,1706 1146,1706 1174,1706 1202,1707 1230,1707 1258,1707 1286,1708 1314,1708 1343,1709 1371,1709 1399,1710 1427,1710 1455,1711 1483,1712 1512,1713 1512,1680 1483,1679 1455,1678 1427,1677 1399,1677 1371,1676 1343,1676 1314,1675 1286,1675 1258,1674 1230,1674 1202,1674 1174,1673 1146,1673 1117,1673 1089,1672 1061,1672 1033,1672 1005,1671 977,1670 949,1670"/>
                <Baseline points="949,1692 977,1692 1005,1693 1033,1694 1061,1694 1089,1694 1117,1695 1146,1695 1174,1695 1202,1696 1230,1696 1258,1696 1286,1697 1314,1697 1343,1698 1371,1698 1399,1699 1427,1699 1455,1700 1483,1701 1512,1702"/>
                <TextEquiv>
                    <Unicode>pero veamos ese pulso. Le pulsa.</Unicode>
                </TextEquiv>
            </TextLine>
            <TextLine id="r3l35" custom="readingOrder {index:33;}">
                <Coords points="954,1750 979,1751 1005,1752 1031,1752 1057,1753 1083,1753 1109,1754 1134,1754 1160,1754 1186,1754 1212,1754 1238,1755 1264,1755 1289,1755 1315,1756 1341,1756 1367,1757 1393,1758 1419,1759 1445,1761 1445,1728 1419,1726 1393,1725 1367,1724 1341,1723 1315,1723 1289,1722 1264,1722 1238,1722 1212,1721 1186,1721 1160,1721 1134,1721 1109,1721 1083,1720 1057,1720 1031,1719 1005,1719 979,1718 954,1717"/>
                <Baseline points="954,1739 979,1740 1005,1741 1031,1741 1057,1742 1083,1742 1109,1743 1134,1743 1160,1743 1186,1743 1212,1743 1238,1744 1264,1744 1289,1744 1315,1745 1341,1745 1367,1746 1393,1747 1419,1748 1445,1750"/>
                <TextEquiv>
                    <Unicode>que es modo de nunca errar.</Unicode>
                </TextEquiv>
            </TextLine>
            <TextLine id="r3l36" custom="readingOrder {index:34;}">
                <Coords points="952,1800 978,1800 1004,1800 1031,1800 1057,1800 1083,1801 1110,1801 1136,1801 1162,1802 1189,1802 1215,1803 1241,1803 1268,1803 1294,1803 1320,1803 1347,1803 1347,1770 1320,1770 1294,1770 1268,1770 1241,1770 1215,1770 1189,1769 1162,1769 1136,1768 1110,1768 1083,1768 1057,1767 1031,1767 1004,1767 978,1767 952,1767"/>
                <Baseline points="952,1789 978,1789 1004,1789 1031,1789 1057,1789 1083,1790 1110,1790 1136,1790 1162,1791 1189,1791 1215,1792 1241,1792 1268,1792 1294,1792 1320,1792 1347,1792"/>
                <TextEquiv>
                    <Unicode>Malorum, dijo Galeno</Unicode>
                </TextEquiv>
            </TextLine>
            <TextLine id="r3l37" custom="readingOrder {index:35;}">
                <Coords points="950,1848 975,1849 1000,1849 1026,1849 1051,1849 1076,1849 1102,1849 1127,1849 1152,1849 1178,1849 1203,1850 1229,1850 1254,1850 1279,1851 1305,1851 1330,1852 1355,1853 1381,1854 1406,1856 1432,1858 1432,1825 1406,1823 1381,1821 1355,1820 1330,1819 1305,1818 1279,1818 1254,1817 1229,1817 1203,1817 1178,1816 1152,1816 1127,1816 1102,1816 1076,1816 1051,1816 1026,1816 1000,1816 975,1816 950,1815"/>
                <Baseline points="950,1837 975,1838 1000,1838 1026,1838 1051,1838 1076,1838 1102,1838 1127,1838 1152,1838 1178,1838 1203,1839 1229,1839 1254,1839 1279,1840 1305,1840 1330,1841 1355,1842 1381,1843 1406,1845 1432,1847"/>
                <TextEquiv>
                    <Unicode>cuando se vió en caso igual,</Unicode>
                </TextEquiv>
            </TextLine>
            <TextLine id="r3l38" custom="readingOrder {index:36;}">
                <Coords points="943,1896 968,1896 993,1896 1019,1896 1044,1896 1069,1896 1095,1896 1120,1896 1146,1896 1171,1897 1196,1897 1222,1897 1247,1898 1273,1898 1298,1899 1323,1899 1349,1900 1374,1901 1400,1902 1400,1869 1374,1868 1349,1867 1323,1866 1298,1866 1273,1865 1247,1865 1222,1864 1196,1864 1171,1864 1146,1863 1120,1863 1095,1863 1069,1863 1044,1863 1019,1863 993,1863 968,1863 943,1863"/>
                <Baseline points="943,1885 968,1885 993,1885 1019,1885 1044,1885 1069,1885 1095,1885 1120,1885 1146,1885 1171,1886 1196,1886 1222,1886 1247,1887 1273,1887 1298,1888 1323,1888 1349,1889 1374,1890 1400,1891"/>
                <TextEquiv>
                    <Unicode>non vidi facturum tantum.</Unicode>
                </TextEquiv>
            </TextLine>
            <TextLine id="r3l39" custom="readingOrder {index:37;}">
                <Coords points="948,1944 975,1945 1002,1945 1029,1946 1056,1946 1083,1946 1110,1946 1137,1946 1164,1946 1191,1946 1218,1947 1245,1947 1272,1948 1272,1915 1245,1914 1218,1914 1191,1913 1164,1913 1137,1913 1110,1913 1083,1913 1056,1913 1029,1913 1002,1912 975,1912 948,1911"/>
                <Baseline points="948,1933 975,1934 1002,1934 1029,1935 1056,1935 1083,1935 1110,1935 1137,1935 1164,1935 1191,1935 1218,1936 1245,1936 1272,1937"/>
                <TextEquiv>
                    <Unicode>afecta terrible mal.</Unicode>
                </TextEquiv>
            </TextLine>
            <TextLine id="r3l40" custom="readingOrder {index:38;}">
                <Coords points="948,1994 973,1994 999,1994 1024,1994 1050,1994 1076,1994 1101,1994 1127,1994 1153,1994 1178,1995 1204,1995 1230,1995 1255,1996 1281,1996 1307,1996 1332,1997 1358,1998 1384,1998 1384,1965 1358,1965 1332,1964 1307,1963 1281,1963 1255,1963 1230,1962 1204,1962 1178,1962 1153,1961 1127,1961 1101,1961 1076,1961 1050,1961 1024,1961 999,1961 973,1961 948,1961"/>
                <Baseline points="948,1983 973,1983 999,1983 1024,1983 1050,1983 1076,1983 1101,1983 1127,1983 1153,1983 1178,1984 1204,1984 1230,1984 1255,1985 1281,1985 1307,1985 1332,1986 1358,1987 1384,1987"/>
                <TextEquiv>
                    <Unicode>A Vd. se le ha congelado</Unicode>
                </TextEquiv>
            </TextLine>
            <TextLine id="r3l41" custom="readingOrder {index:39;}">
                <Coords points="944,2040 970,2041 997,2042 1023,2043 1050,2043 1076,2043 1103,2043 1130,2043 1156,2042 1183,2042 1209,2043 1236,2043 1262,2043 1289,2044 1316,2046 1316,2013 1289,2011 1262,2010 1236,2010 1209,2010 1183,2009 1156,2009 1130,2010 1103,2010 1076,2010 1050,2010 1023,2010 997,2009 970,2008 944,2007"/>
                <Baseline points="944,2029 970,2030 997,2031 1023,2032 1050,2032 1076,2032 1103,2032 1130,2032 1156,2031 1183,2031 1209,2032 1236,2032 1262,2032 1289,2033 1316,2035"/>
                <TextEquiv>
                    <Unicode>una hernia intestinal,</Unicode>
                </TextEquiv>
            </TextLine>
            <TextLine id="r3l42" custom="readingOrder {index:40;}">
                <Coords points="943,2088 968,2088 993,2089 1018,2090 1043,2090 1069,2090 1094,2091 1119,2091 1144,2091 1170,2091 1195,2091 1220,2091 1245,2091 1271,2092 1296,2092 1321,2093 1346,2094 1372,2096 1372,2063 1346,2061 1321,2060 1296,2059 1271,2059 1245,2058 1220,2058 1195,2058 1170,2058 1144,2058 1119,2058 1094,2058 1069,2057 1043,2057 1018,2057 993,2056 968,2055 943,2055"/>
                <Baseline points="943,2077 968,2077 993,2078 1018,2079 1043,2079 1069,2079 1094,2080 1119,2080 1144,2080 1170,2080 1195,2080 1220,2080 1245,2080 1271,2081 1296,2081 1321,2082 1346,2083 1372,2085"/>
                <TextEquiv>
                    <Unicode>esta pasará á almorranas;</Unicode>
                </TextEquiv>
            </TextLine>
            <TextLine id="r3l43" custom="readingOrder {index:41;}">
                <Coords points="943,2136 968,2136 994,2136 1020,2137 1045,2137 1071,2137 1097,2137 1122,2137 1148,2137 1174,2137 1200,2138 1225,2138 1251,2138 1277,2139 1302,2139 1328,2140 1354,2141 1380,2142 1380,2109 1354,2108 1328,2107 1302,2106 1277,2106 1251,2105 1225,2105 1200,2105 1174,2104 1148,2104 1122,2104 1097,2104 1071,2104 1045,2104 1020,2104 994,2103 968,2103 943,2103"/>
                <Baseline points="943,2125 968,2125 994,2125 1020,2126 1045,2126 1071,2126 1097,2126 1122,2126 1148,2126 1174,2126 1200,2127 1225,2127 1251,2127 1277,2128 1302,2128 1328,2129 1354,2130 1380,2131"/>
                <TextEquiv>
                    <Unicode>despues se engangrenará; </Unicode>
                </TextEquiv>
            </TextLine>
            <TextLine id="r3l44" custom="readingOrder {index:42;}">
                <Coords points="945,2183 970,2184 995,2184 1020,2184 1045,2185 1070,2185 1096,2185 1121,2185 1146,2185 1171,2185 1196,2185 1221,2185 1247,2186 1272,2186 1297,2187 1322,2188 1347,2189 1372,2191 1398,2192 1398,2159 1372,2158 1347,2156 1322,2155 1297,2154 1272,2153 1247,2153 1221,2152 1196,2152 1171,2152 1146,2152 1121,2152 1096,2152 1070,2152 1045,2152 1020,2151 995,2151 970,2151 945,2150"/>
                <Baseline points="945,2172 970,2173 995,2173 1020,2173 1045,2174 1070,2174 1096,2174 1121,2174 1146,2174 1171,2174 1196,2174 1221,2174 1247,2175 1272,2175 1297,2176 1322,2177 1347,2178 1372,2180 1398,2181"/>
                <TextEquiv>
                    <Unicode>una accesion espasmódica,</Unicode>
                </TextEquiv>
            </TextLine>
            <TextLine id="r3l45" custom="readingOrder {index:43;}">
                <Coords points="949,2231 975,2232 1001,2233 1027,2233 1053,2233 1080,2233 1106,2233 1132,2233 1158,2232 1184,2232 1211,2233 1237,2233 1263,2234 1289,2236 1316,2238 1316,2205 1289,2203 1263,2201 1237,2200 1211,2200 1184,2199 1158,2199 1132,2200 1106,2200 1080,2200 1053,2200 1027,2200 1001,2200 975,2199 949,2198"/>
                <Baseline points="949,2220 975,2221 1001,2222 1027,2222 1053,2222 1080,2222 1106,2222 1132,2222 1158,2221 1184,2221 1211,2222 1237,2222 1263,2223 1289,2225 1316,2227"/>
                <TextEquiv>
                    <Unicode>se seguirá al nausear,</Unicode>
                </TextEquiv>
            </TextLine>
            <TextLine id="r3l46" custom="readingOrder {index:44;}">
                <Coords points="947,2278 972,2279 997,2280 1023,2280 1048,2281 1074,2281 1099,2281 1125,2281 1150,2281 1176,2281 1201,2281 1227,2282 1252,2282 1278,2282 1303,2283 1329,2284 1329,2251 1303,2250 1278,2249 1252,2249 1227,2249 1201,2248 1176,2248 1150,2248 1125,2248 1099,2248 1074,2248 1048,2248 1023,2247 997,2247 972,2246 947,2245"/>
                <Baseline points="947,2267 972,2268 997,2269 1023,2269 1048,2270 1074,2270 1099,2270 1125,2270 1150,2270 1176,2270 1201,2270 1227,2271 1252,2271 1278,2271 1303,2272 1329,2273"/>
                <TextEquiv>
                    <Unicode>igitur semper morieris</Unicode>
                </TextEquiv>
            </TextLine>
            <TextEquiv>
                <Unicode>sin poderlo remediar
una inflamacion interna, 
que es muy mala de curar:
y para limpiar el vientre
de toda superfluidad
le recetaré unos polvos,
que no le estarán de mas.
Que traigan de la botica
bien pulverizadas ya 
las nalgas de una beata,
que antes se debe quemar,
y en dos cuartillos de agua, 
se pueden administrar,
el uno por la mañana, 
y el otro al irse á costar
Con eso sudará Vd.,
el mal se corregirá, 
se quitará la opresion
que impide la facultad,
tanquam convulsionem magnan
y el vientre se ensanchará.
Pasadlo bien, señorita.
Se acerca á otro.
¿Quién es este que aquí está?
¡Qué color tan moribundo!
mucho dá que sospechar.
¿Este enfermo ha vomitado?
Enf. Sí señor.
Méd. ¿Y le sigue la ansiedad?
Enf. No señor.
Méd. En tantas implicaciones
mucho tengo que dudar;
pero veamos ese pulso. Le pulsa.
que es modo de nunca errar.
Malorum, dijo Galeno
cuando se vió en caso igual,
non vidi facturum tantum.
afecta terrible mal.
A Vd. se le ha congelado
una hernia intestinal,
esta pasará á almorranas;
despues se engangrenará; 
una accesion espasmódica,
se seguirá al nausear,
igitur semper morieris</Unicode>
            </TextEquiv>
        </TextRegion>
    </Page>
</PcGts>
