<?xml version="1.0" encoding="UTF-8" standalone="yes"?>
<PcGts xmlns="http://schema.primaresearch.org/PAGE/gts/pagecontent/2013-07-15" xmlns:xsi="http://www.w3.org/2001/XMLSchema-instance" xsi:schemaLocation="http://schema.primaresearch.org/PAGE/gts/pagecontent/2013-07-15 http://schema.primaresearch.org/PAGE/gts/pagecontent/2013-07-15/pagecontent.xsd">
    <Metadata>
        <Creator>prov=University of Rostock/Institute of Mathematics/CITlab|PLANET AI GmbH/Tobias Gruening/tobias.gruening@planet-ai.de:name=/net_tf/LA73_249_0mod360.pb:de.uros.citlab.segmentation.CITlab_LA_ML:v=2.6.6
Transkribus</Creator>
        <Created>2020-09-18T15:05:53.713+02:00</Created>
        <LastChange>2020-10-06T13:57:02.335+02:00</LastChange>
        <Comments>
                Measurement unit: pixel
                PrimaryLanguage: English
                Language: SpanishTraditionalSort
                Producer: Transkribus
            </Comments>
        <TranskribusMetadata docId="482203" pageId="19836115" pageNr="2" tsid="42981494" status="IN_PROGRESS" userId="66244" imgUrl="https://files.transkribus.eu/Get?id=VQTFSYGNIIEPJQBDSUVKBLRY&amp;fileType=view" xmlUrl="https://files.transkribus.eu/Get?id=AATREZELXUOJXFIUCFWJWRDI" imageId="15368338"/>
    </Metadata>
    <Page imageFilename="Moreno_005_2.jpg" imageWidth="1765" imageHeight="2512">
        <PrintSpace>
            <Coords points="0,205 1764,205 1764,2512 0,2512"/>
        </PrintSpace>
        <ReadingOrder>
            <OrderedGroup id="ro_1601985581992" caption="Regions reading order">
                <RegionRefIndexed index="0" regionRef="r1"/>
                <RegionRefIndexed index="1" regionRef="r2"/>
            </OrderedGroup>
        </ReadingOrder>
        <TextRegion orientation="0.0" id="r1" custom="readingOrder {index:0;}">
            <Coords points="173,253 173,2421 801,2421 801,253"/>
            <TextLine id="r1l1" custom="readingOrder {index:0;}">
                <Coords points="284,287 308,287 308,253 284,253"/>
                <Baseline points="284,276 308,276"/>
                <TextEquiv>
                    <Unicode>2</Unicode>
                </TextEquiv>
            </TextLine>
            <TextLine id="r1l2" custom="readingOrder {index:1;}">
                <Coords points="224,338 249,337 275,336 301,334 326,333 352,333 378,332 403,331 429,331 455,330 481,329 506,329 532,328 558,328 583,327 609,327 635,326 660,326 686,325 712,324 738,323 738,289 712,290 686,291 660,292 635,292 609,293 583,293 558,294 532,294 506,295 481,295 455,296 429,297 403,297 378,298 352,299 326,299 301,300 275,302 249,303 224,304"/>
                <Baseline points="224,327 249,326 275,325 301,323 326,322 352,322 378,321 403,320 429,320 455,319 481,318 506,318 532,317 558,317 583,316 609,316 635,315 660,315 686,314 712,313 738,312"/>
                <TextEquiv>
                    <Unicode>San Josè dice á su esposa</Unicode>
                </TextEquiv>
            </TextLine>
            <TextLine id="r1l3" custom="readingOrder {index:2;}">
                <Coords points="180,400 205,399 231,399 257,398 282,398 308,397 334,396 360,395 385,394 411,393 437,393 463,392 488,391 514,391 540,390 566,390 591,390 617,390 643,391 669,392 669,350 643,349 617,348 591,348 566,348 540,348 514,349 488,349 463,350 437,351 411,351 385,352 360,353 334,354 308,355 282,356 257,356 231,357 205,357 180,358"/>
                <Baseline points="180,386 205,385 231,385 257,384 282,384 308,383 334,382 360,381 385,380 411,379 437,379 463,378 488,377 514,377 540,376 566,376 591,376 617,376 643,377 669,378"/>
                <TextEquiv>
                    <Unicode>si sufre martirio grande,</Unicode>
                </TextEquiv>
            </TextLine>
            <TextLine id="r1l4" custom="readingOrder {index:3;}">
                <Coords points="173,457 198,458 224,457 249,457 275,457 300,456 326,455 351,454 377,453 402,452 428,451 453,450 479,450 504,449 530,449 555,449 581,449 606,449 632,450 632,408 606,407 581,407 555,407 530,407 504,407 479,408 453,408 428,409 402,410 377,411 351,412 326,413 300,414 275,415 249,415 224,415 198,416 173,415"/>
                <Baseline points="173,443 198,444 224,443 249,443 275,443 300,442 326,441 351,440 377,439 402,438 428,437 453,436 479,436 504,435 530,435 555,435 581,435 606,435 632,436"/>
                <TextEquiv>
                    <Unicode>si se apoca ó se fatiga,</Unicode>
                </TextEquiv>
            </TextLine>
            <TextLine id="r1l5" custom="readingOrder {index:4;}">
                <Coords points="179,521 204,520 230,518 255,517 281,515 306,514 332,513 357,512 383,511 409,510 434,509 460,508 485,507 511,507 536,507 562,507 587,507 613,507 639,508 639,466 613,465 587,465 562,465 536,465 511,465 485,465 460,466 434,467 409,468 383,469 357,470 332,471 306,472 281,473 255,475 230,476 204,478 179,479"/>
                <Baseline points="179,507 204,506 230,504 255,503 281,501 306,500 332,499 357,498 383,497 409,496 434,495 460,494 485,493 511,493 536,493 562,493 587,493 613,493 639,494"/>
                <TextEquiv>
                    <Unicode>para algun alivio darle.</Unicode>
                </TextEquiv>
            </TextLine>
            <TextLine id="r1l6" custom="readingOrder {index:5;}">
                <Coords points="236,660 261,659 287,659 312,658 338,658 364,657 389,656 415,656 440,655 466,654 492,653 517,653 543,652 568,652 594,651 620,651 645,651 671,650 697,650 697,608 671,608 645,609 620,609 594,609 568,610 543,610 517,611 492,611 466,612 440,613 415,614 389,614 364,615 338,616 312,616 287,617 261,617 236,618"/>
                <Baseline points="236,646 261,645 287,645 312,644 338,644 364,643 389,642 415,642 440,641 466,640 492,639 517,639 543,638 568,638 594,637 620,637 645,637 671,636 697,636"/>
                <TextEquiv>
                    <Unicode>Por lo alto de la sierra</Unicode>
                </TextEquiv>
            </TextLine>
            <TextLine id="r1l7" custom="readingOrder {index:6;}">
                <Coords points="189,721 218,720 248,718 278,716 308,715 338,714 368,713 398,713 428,712 458,711 488,711 517,710 547,710 577,709 607,708 637,708 667,707 697,707 727,706 757,705 787,704 787,664 757,665 727,666 697,667 667,667 637,668 607,668 577,669 547,670 517,670 488,671 458,671 428,672 398,673 368,673 338,674 308,675 278,676 248,678 218,680 189,681"/>
                <Baseline points="189,708 218,707 248,705 278,703 308,702 338,701 368,700 398,700 428,699 458,698 488,698 517,697 547,697 577,696 607,695 637,695 667,694 697,694 727,693 757,692 787,691"/>
                <TextEquiv>
                    <Unicode>y de aquel monte encumbrado</Unicode>
                </TextEquiv>
            </TextLine>
            <TextLine id="r1l8" custom="readingOrder {index:7;}">
                <Coords points="189,776 215,776 241,776 267,776 294,775 320,775 346,774 372,773 399,773 425,772 451,771 477,770 504,770 530,768 556,767 583,766 583,726 556,727 530,728 504,730 477,730 451,731 425,732 399,733 372,733 346,734 320,735 294,735 267,736 241,736 215,736 189,736"/>
                <Baseline points="189,763 215,763 241,763 267,763 294,762 320,762 346,761 372,760 399,760 425,759 451,758 477,757 504,757 530,755 556,754 583,753"/>
                <TextEquiv>
                    <Unicode>va la Virgen, y José</Unicode>
                </TextEquiv>
            </TextLine>
            <TextLine id="r1l9" custom="readingOrder {index:8;}">
                <Coords points="185,838 210,838 235,838 260,837 285,837 310,836 335,835 360,834 385,833 410,832 435,831 460,831 485,830 510,830 535,829 560,829 585,828 610,828 635,828 661,828 661,786 635,786 610,786 585,786 560,787 535,787 510,788 485,788 460,789 435,789 410,790 385,791 360,792 335,793 310,794 285,795 260,795 235,796 210,796 185,796"/>
                <Baseline points="185,824 210,824 235,824 260,823 285,823 310,822 335,821 360,820 385,819 410,818 435,817 460,817 485,816 510,816 535,815 560,815 585,814 610,814 635,814 661,814"/>
                <TextEquiv>
                    <Unicode>no se aparta de su lado.</Unicode>
                </TextEquiv>
            </TextLine>
            <TextLine id="r1l10" custom="readingOrder {index:9;}">
                <Coords points="238,986 264,984 290,982 317,982 343,981 370,980 396,979 423,978 449,978 476,977 502,977 528,977 555,976 581,976 608,976 634,975 661,974 687,974 714,973 740,972 767,970 767,928 740,930 714,931 687,932 661,932 634,933 608,934 581,934 555,934 528,935 502,935 476,935 449,936 423,936 396,937 370,938 343,939 317,940 290,940 264,942 238,944"/>
                <Baseline points="238,972 264,970 290,968 317,968 343,967 370,966 396,965 423,964 449,964 476,963 502,963 528,963 555,962 581,962 608,962 634,961 661,960 687,960 714,959 740,958 767,956"/>
                <TextEquiv>
                    <Unicode>San José mira á su esposa</Unicode>
                </TextEquiv>
            </TextLine>
            <TextLine id="r1l11" custom="readingOrder {index:10;}">
                <Coords points="191,1047 216,1046 242,1045 268,1043 294,1043 320,1041 346,1040 372,1039 398,1038 424,1037 450,1036 475,1036 501,1035 527,1034 553,1034 579,1033 605,1032 631,1032 657,1032 683,1031 709,1031 709,991 683,991 657,992 631,992 605,992 579,993 553,994 527,994 501,995 475,996 450,996 424,997 398,998 372,999 346,1000 320,1001 294,1003 268,1003 242,1005 216,1006 191,1007"/>
                <Baseline points="191,1034 216,1033 242,1032 268,1030 294,1030 320,1028 346,1027 372,1026 398,1025 424,1024 450,1023 475,1023 501,1022 527,1021 553,1021 579,1020 605,1019 631,1019 657,1019 683,1018 709,1018"/>
                <TextEquiv>
                    <Unicode>y al bajar por la aspereza,</Unicode>
                </TextEquiv>
            </TextLine>
            <TextLine id="r1l12" custom="readingOrder {index:11;}">
                <Coords points="202,1101 228,1101 254,1100 280,1099 306,1099 332,1098 358,1097 384,1096 410,1094 436,1093 462,1093 488,1092 514,1090 540,1090 566,1089 592,1088 618,1087 644,1087 644,1047 618,1047 592,1048 566,1049 540,1050 514,1050 488,1052 462,1053 436,1053 410,1054 384,1056 358,1057 332,1058 306,1059 280,1059 254,1060 228,1061 202,1061"/>
                <Baseline points="202,1088 228,1088 254,1087 280,1086 306,1086 332,1085 358,1084 384,1083 410,1081 436,1080 462,1080 488,1079 514,1077 540,1077 566,1076 592,1075 618,1074 644,1074"/>
                <TextEquiv>
                    <Unicode>le pregunta si va bien</Unicode>
                </TextEquiv>
            </TextLine>
            <TextLine id="r1l13" custom="readingOrder {index:12;}">
                <Coords points="195,1163 220,1163 246,1162 272,1161 297,1160 323,1159 349,1158 374,1156 400,1155 426,1154 451,1154 477,1153 503,1152 528,1151 554,1150 580,1149 605,1149 631,1148 657,1148 657,1106 631,1106 605,1107 580,1107 554,1108 528,1109 503,1110 477,1111 451,1112 426,1112 400,1113 374,1114 349,1116 323,1117 297,1118 272,1119 246,1120 220,1121 195,1121"/>
                <Baseline points="195,1149 220,1149 246,1148 272,1147 297,1146 323,1145 349,1144 374,1142 400,1141 426,1140 451,1140 477,1139 503,1138 528,1137 554,1136 580,1135 605,1135 631,1134 657,1134"/>
                <TextEquiv>
                    <Unicode>con estremada terneza.</Unicode>
                </TextEquiv>
            </TextLine>
            <TextLine id="r1l14" custom="readingOrder {index:13;}">
                <Coords points="247,1301 274,1300 302,1298 330,1297 357,1296 385,1295 413,1294 440,1293 468,1292 496,1291 524,1290 551,1289 579,1289 607,1288 634,1287 662,1286 690,1285 717,1284 745,1283 773,1282 801,1281 801,1239 773,1240 745,1241 717,1242 690,1243 662,1244 634,1245 607,1246 579,1247 551,1247 524,1248 496,1249 468,1250 440,1251 413,1252 385,1253 357,1254 330,1255 302,1256 274,1258 247,1259"/>
                <Baseline points="247,1287 274,1286 302,1284 330,1283 357,1282 385,1281 413,1280 440,1279 468,1278 496,1277 524,1276 551,1275 579,1275 607,1274 634,1273 662,1272 690,1271 717,1270 745,1269 773,1268 801,1267"/>
                <TextEquiv>
                    <Unicode>La Virgen le ha respondido</Unicode>
                </TextEquiv>
            </TextLine>
            <TextLine id="r1l15" custom="readingOrder {index:14;}">
                <Coords points="201,1360 227,1359 253,1358 279,1357 305,1356 331,1355 357,1353 383,1353 409,1351 435,1351 461,1350 487,1349 513,1348 539,1348 565,1347 591,1347 617,1347 617,1307 591,1307 565,1307 539,1308 513,1308 487,1309 461,1310 435,1311 409,1311 383,1313 357,1313 331,1315 305,1316 279,1317 253,1318 227,1319 201,1320"/>
                <Baseline points="201,1347 227,1346 253,1345 279,1344 305,1343 331,1342 357,1340 383,1340 409,1338 435,1338 461,1337 487,1336 513,1335 539,1335 565,1334 591,1334 617,1334"/>
                <TextEquiv>
                    <Unicode>con indecible placer,</Unicode>
                </TextEquiv>
            </TextLine>
            <TextLine id="r1l16" custom="readingOrder {index:15;}">
                <Coords points="199,1418 225,1417 251,1416 277,1415 303,1414 329,1413 355,1412 382,1411 408,1410 434,1409 460,1408 486,1407 512,1406 539,1405 565,1404 591,1403 617,1403 643,1402 669,1401 696,1401 696,1361 669,1361 643,1362 617,1363 591,1363 565,1364 539,1365 512,1366 486,1367 460,1368 434,1369 408,1370 382,1371 355,1372 329,1373 303,1374 277,1375 251,1376 225,1377 199,1378"/>
                <Baseline points="199,1405 225,1404 251,1403 277,1402 303,1401 329,1400 355,1399 382,1398 408,1397 434,1396 460,1395 486,1394 512,1393 539,1392 565,1391 591,1390 617,1390 643,1389 669,1388 696,1388"/>
                <TextEquiv>
                    <Unicode>no me acivára el trabajo</Unicode>
                </TextEquiv>
            </TextLine>
            <TextLine id="r1l17" custom="readingOrder {index:16;}">
                <Coords points="210,1476 235,1475 260,1474 286,1474 311,1473 336,1472 362,1471 387,1470 412,1470 438,1468 463,1467 488,1466 514,1465 539,1465 564,1464 590,1463 615,1463 641,1462 641,1420 615,1421 590,1421 564,1422 539,1423 514,1423 488,1424 463,1425 438,1426 412,1428 387,1428 362,1429 336,1430 311,1431 286,1432 260,1432 235,1433 210,1434"/>
                <Baseline points="210,1462 235,1461 260,1460 286,1460 311,1459 336,1458 362,1457 387,1456 412,1456 438,1454 463,1453 488,1452 514,1451 539,1451 564,1450 590,1449 615,1449 641,1448"/>
                <TextEquiv>
                    <Unicode>de tan dulce padecer.</Unicode>
                </TextEquiv>
            </TextLine>
            <TextLine id="r1l18" custom="readingOrder {index:17;}">
                <Coords points="257,1611 283,1611 309,1610 336,1610 362,1609 388,1608 415,1607 441,1606 467,1606 494,1605 520,1604 546,1603 573,1601 599,1600 625,1599 652,1598 678,1598 705,1597 705,1555 678,1556 652,1556 625,1557 599,1558 573,1559 546,1561 520,1562 494,1563 467,1564 441,1564 415,1565 388,1566 362,1567 336,1568 309,1568 283,1569 257,1569"/>
                <Baseline points="257,1597 283,1597 309,1596 336,1596 362,1595 388,1594 415,1593 441,1592 467,1592 494,1591 520,1590 546,1589 573,1587 599,1586 625,1585 652,1584 678,1584 705,1583"/>
                <TextEquiv>
                    <Unicode>Lluvias y frios rodean</Unicode>
                </TextEquiv>
            </TextLine>
            <TextLine id="r1l19" custom="readingOrder {index:18;}">
                <Coords points="211,1677 236,1676 261,1675 287,1674 312,1673 338,1672 363,1671 388,1670 414,1668 439,1667 465,1666 490,1665 515,1664 541,1663 566,1662 592,1662 617,1661 643,1661 643,1619 617,1619 592,1620 566,1620 541,1621 515,1622 490,1623 465,1624 439,1625 414,1626 388,1628 363,1629 338,1630 312,1631 287,1632 261,1633 236,1634 211,1635"/>
                <Baseline points="211,1663 236,1662 261,1661 287,1660 312,1659 338,1658 363,1657 388,1656 414,1654 439,1653 465,1652 490,1651 515,1650 541,1649 566,1648 592,1648 617,1647 643,1647"/>
                <TextEquiv>
                    <Unicode>á la estrella matutina,</Unicode>
                </TextEquiv>
            </TextLine>
            <TextLine id="r1l20" custom="readingOrder {index:19;}">
                <Coords points="212,1736 237,1735 262,1734 288,1732 313,1731 339,1730 364,1729 390,1727 415,1726 441,1725 466,1724 491,1723 517,1722 542,1722 568,1721 593,1720 619,1719 644,1718 670,1717 695,1716 721,1715 721,1673 695,1674 670,1675 644,1676 619,1677 593,1678 568,1679 542,1680 517,1680 491,1681 466,1682 441,1683 415,1684 390,1685 364,1687 339,1688 313,1689 288,1690 262,1692 237,1693 212,1694"/>
                <Baseline points="212,1722 237,1721 262,1720 288,1718 313,1717 339,1716 364,1715 390,1713 415,1712 441,1711 466,1710 491,1709 517,1708 542,1708 568,1707 593,1706 619,1705 644,1704 670,1703 695,1702 721,1701"/>
                <TextEquiv>
                    <Unicode>tostando el hermoso cutis</Unicode>
                </TextEquiv>
            </TextLine>
            <TextLine id="r1l21" custom="readingOrder {index:20;}">
                <Coords points="216,1794 241,1793 266,1793 291,1792 316,1792 341,1791 366,1790 391,1789 416,1788 441,1786 466,1785 491,1784 516,1783 541,1782 566,1780 591,1780 616,1779 641,1778 641,1736 616,1737 591,1738 566,1738 541,1740 516,1741 491,1742 466,1743 441,1744 416,1746 391,1747 366,1748 341,1749 316,1750 291,1750 266,1751 241,1751 216,1752"/>
                <Baseline points="216,1780 241,1779 266,1779 291,1778 316,1778 341,1777 366,1776 391,1775 416,1774 441,1772 466,1771 491,1770 516,1769 541,1768 566,1766 591,1766 616,1765 641,1764"/>
                <TextEquiv>
                    <Unicode>de su cara peregrina.</Unicode>
                </TextEquiv>
            </TextLine>
            <TextLine id="r1l22" custom="readingOrder {index:21;}">
                <Coords points="263,1930 289,1930 315,1930 341,1929 368,1928 394,1927 420,1925 447,1924 473,1922 499,1922 526,1921 552,1920 578,1920 605,1921 605,1879 578,1878 552,1878 526,1879 499,1880 473,1880 447,1882 420,1883 394,1885 368,1886 341,1887 315,1888 289,1888 263,1888"/>
                <Baseline points="263,1916 289,1916 315,1916 341,1915 368,1914 394,1913 420,1911 447,1910 473,1908 499,1908 526,1907 552,1906 578,1906 605,1907"/>
                <TextEquiv>
                    <Unicode>El patriarca José</Unicode>
                </TextEquiv>
            </TextLine>
            <TextLine id="r1l23" custom="readingOrder {index:22;}">
                <Coords points="223,1988 248,1988 273,1988 298,1987 323,1987 348,1986 373,1985 398,1984 423,1983 448,1982 473,1981 498,1980 523,1980 548,1979 573,1978 598,1978 623,1977 648,1977 673,1977 699,1977 699,1937 673,1937 648,1937 623,1937 598,1938 573,1938 548,1939 523,1940 498,1940 473,1941 448,1942 423,1943 398,1944 373,1945 348,1946 323,1947 298,1947 273,1948 248,1948 223,1948"/>
                <Baseline points="223,1975 248,1975 273,1975 298,1974 323,1974 348,1973 373,1972 398,1971 423,1970 448,1969 473,1968 498,1967 523,1967 548,1966 573,1965 598,1965 623,1964 648,1964 673,1964 699,1964"/>
                <TextEquiv>
                    <Unicode>viendo el agua no cesar,</Unicode>
                </TextEquiv>
            </TextLine>
            <TextLine id="r1l24" custom="readingOrder {index:23;}">
                <Coords points="225,2048 251,2047 277,2046 303,2045 329,2044 355,2043 381,2042 407,2041 433,2040 459,2039 485,2038 511,2038 537,2036 563,2036 589,2035 615,2034 641,2034 667,2033 694,2033 694,1993 667,1993 641,1994 615,1994 589,1995 563,1996 537,1996 511,1998 485,1998 459,1999 433,2000 407,2001 381,2002 355,2003 329,2004 303,2005 277,2006 251,2007 225,2008"/>
                <Baseline points="225,2035 251,2034 277,2033 303,2032 329,2031 355,2030 381,2029 407,2028 433,2027 459,2026 485,2025 511,2025 537,2023 563,2023 589,2022 615,2021 641,2021 667,2020 694,2020"/>
                <TextEquiv>
                    <Unicode>se apesadumbra y desea</Unicode>
                </TextEquiv>
            </TextLine>
            <TextLine id="r1l25" custom="readingOrder {index:24;}">
                <Coords points="223,2107 249,2108 275,2107 301,2107 328,2106 354,2105 380,2104 407,2103 433,2102 459,2100 486,2099 512,2098 538,2097 565,2096 591,2096 617,2095 644,2096 644,2054 617,2053 591,2054 565,2054 538,2055 512,2056 486,2057 459,2058 433,2060 407,2061 380,2062 354,2063 328,2064 301,2065 275,2065 249,2066 223,2065"/>
                <Baseline points="223,2093 249,2094 275,2093 301,2093 328,2092 354,2091 380,2090 407,2089 433,2088 459,2086 486,2085 512,2084 538,2083 565,2082 591,2082 617,2081 644,2082"/>
                <TextEquiv>
                    <Unicode>á su esposa consolar.</Unicode>
                </TextEquiv>
            </TextLine>
            <TextLine id="r1l26" custom="readingOrder {index:25;}">
                <Coords points="280,2244 305,2243 330,2242 356,2242 381,2241 407,2240 432,2240 458,2239 483,2238 509,2238 534,2237 560,2236 585,2236 611,2235 636,2234 662,2233 687,2232 713,2231 738,2231 764,2230 764,2188 738,2189 713,2189 687,2190 662,2191 636,2192 611,2193 585,2194 560,2194 534,2195 509,2196 483,2196 458,2197 432,2198 407,2198 381,2199 356,2200 330,2200 305,2201 280,2202"/>
                <Baseline points="280,2230 305,2229 330,2228 356,2228 381,2227 407,2226 432,2226 458,2225 483,2224 509,2224 534,2223 560,2222 585,2222 611,2221 636,2220 662,2219 687,2218 713,2217 738,2217 764,2216"/>
                <TextEquiv>
                    <Unicode>Ya se acercaba la noche</Unicode>
                </TextEquiv>
            </TextLine>
            <TextLine id="r1l27" custom="readingOrder {index:26;}">
                <Coords points="232,2309 257,2306 283,2304 309,2302 335,2300 361,2298 386,2297 412,2296 438,2295 464,2294 490,2293 515,2293 541,2292 567,2291 593,2291 619,2290 645,2289 645,2249 619,2250 593,2251 567,2251 541,2252 515,2253 490,2253 464,2254 438,2255 412,2256 386,2257 361,2258 335,2260 309,2262 283,2264 257,2266 232,2269"/>
                <Baseline points="232,2296 257,2293 283,2291 309,2289 335,2287 361,2285 386,2284 412,2283 438,2282 464,2281 490,2280 515,2280 541,2279 567,2278 593,2278 619,2277 645,2276"/>
                <TextEquiv>
                    <Unicode>y la lluvia no cesaba,</Unicode>
                </TextEquiv>
            </TextLine>
            <TextLine id="r1l28" custom="readingOrder {index:27;}">
                <Coords points="239,2364 264,2362 290,2361 316,2359 342,2358 368,2357 394,2356 420,2356 446,2355 471,2354 497,2353 523,2353 549,2352 575,2351 601,2350 627,2349 653,2347 653,2307 627,2309 601,2310 575,2311 549,2312 523,2313 497,2313 471,2314 446,2315 420,2316 394,2316 368,2317 342,2318 316,2319 290,2321 264,2322 239,2324"/>
                <Baseline points="239,2351 264,2349 290,2348 316,2346 342,2345 368,2344 394,2343 420,2343 446,2342 471,2341 497,2340 523,2340 549,2339 575,2338 601,2337 627,2336 653,2334"/>
                <TextEquiv>
                    <Unicode>y José con diligencia</Unicode>
                </TextEquiv>
            </TextLine>
            <TextLine id="r1l29" custom="readingOrder {index:28;}">
                <Coords points="243,2421 268,2420 294,2420 320,2419 346,2419 371,2418 397,2417 423,2417 449,2416 475,2416 500,2415 526,2415 552,2414 578,2413 603,2412 629,2411 655,2410 681,2409 707,2407 707,2365 681,2367 655,2368 629,2369 603,2370 578,2371 552,2372 526,2373 500,2373 475,2374 449,2374 423,2375 397,2375 371,2376 346,2377 320,2377 294,2378 268,2378 243,2379"/>
                <Baseline points="243,2407 268,2406 294,2406 320,2405 346,2405 371,2404 397,2403 423,2403 449,2402 475,2402 500,2401 526,2401 552,2400 578,2399 603,2398 629,2397 655,2396 681,2395 707,2393"/>
                <TextEquiv>
                    <Unicode>con su manto la tapaba.</Unicode>
                </TextEquiv>
            </TextLine>
            <TextEquiv>
                <Unicode>2
San Josè dice á su esposa
si sufre martirio grande,
si se apoca ó se fatiga,
para algun alivio darle.
Por lo alto de la sierra
y de aquel monte encumbrado
va la Virgen, y José
no se aparta de su lado.
San José mira á su esposa
y al bajar por la aspereza,
le pregunta si va bien
con estremada terneza.
La Virgen le ha respondido
con indecible placer,
no me acivára el trabajo
de tan dulce padecer.
Lluvias y frios rodean
á la estrella matutina,
tostando el hermoso cutis
de su cara peregrina.
El patriarca José
viendo el agua no cesar,
se apesadumbra y desea
á su esposa consolar.
Ya se acercaba la noche
y la lluvia no cesaba,
y José con diligencia
con su manto la tapaba.</Unicode>
            </TextEquiv>
        </TextRegion>
        <TextRegion orientation="0.0" id="r2" custom="readingOrder {index:1;}">
            <Coords points="909,265 909,2402 1531,2402 1531,265"/>
            <TextLine id="r2l1" custom="readingOrder {index:0;}">
                <Coords points="963,317 989,317 1015,317 1042,316 1068,316 1095,315 1121,314 1148,313 1174,311 1200,311 1227,309 1253,308 1280,308 1306,307 1333,307 1359,307 1386,308 1386,266 1359,265 1333,265 1306,265 1280,266 1253,266 1227,267 1200,269 1174,269 1148,271 1121,272 1095,273 1068,274 1042,274 1015,275 989,275 963,275"/>
                <Baseline points="963,303 989,303 1015,303 1042,302 1068,302 1095,301 1121,300 1148,299 1174,297 1200,297 1227,295 1253,294 1280,294 1306,293 1333,293 1359,293 1386,294"/>
                <TextEquiv>
                    <Unicode>Al acercarse á Belen</Unicode>
                </TextEquiv>
            </TextLine>
            <TextLine id="r2l2" custom="readingOrder {index:1;}">
                <Coords points="913,377 939,377 965,376 992,376 1018,376 1045,375 1071,375 1098,374 1124,373 1151,372 1177,372 1203,371 1230,370 1256,370 1283,369 1309,369 1336,369 1362,369 1389,369 1415,369 1442,370 1442,328 1415,327 1389,327 1362,327 1336,327 1309,327 1283,327 1256,328 1230,328 1203,329 1177,330 1151,330 1124,331 1098,332 1071,333 1045,333 1018,334 992,334 965,334 939,335 913,335"/>
                <Baseline points="913,363 939,363 965,362 992,362 1018,362 1045,361 1071,361 1098,360 1124,359 1151,358 1177,358 1203,357 1230,356 1256,356 1283,355 1309,355 1336,355 1362,355 1389,355 1415,355 1442,356"/>
                <TextEquiv>
                    <Unicode>la Virgen dijo à su esposo,</Unicode>
                </TextEquiv>
            </TextLine>
            <TextLine id="r2l3" custom="readingOrder {index:2;}">
                <Coords points="909,439 935,438 961,437 987,436 1013,435 1039,434 1065,433 1091,433 1117,431 1143,431 1169,430 1195,429 1221,428 1247,427 1273,427 1299,426 1325,425 1351,424 1351,382 1325,383 1299,384 1273,385 1247,385 1221,386 1195,387 1169,388 1143,389 1117,389 1091,391 1065,391 1039,392 1013,393 987,394 961,395 935,396 909,397"/>
                <Baseline points="909,425 935,424 961,423 987,422 1013,421 1039,420 1065,419 1091,419 1117,417 1143,417 1169,416 1195,415 1221,414 1247,413 1273,413 1299,412 1325,411 1351,410"/>
                <TextEquiv>
                    <Unicode>pronto llegará la hora</Unicode>
                </TextEquiv>
            </TextLine>
            <TextLine id="r2l4" custom="readingOrder {index:3;}">
                <Coords points="919,500 949,497 980,496 1010,494 1041,493 1072,492 1102,491 1133,490 1163,489 1194,488 1225,487 1255,487 1286,486 1316,485 1347,485 1378,484 1408,483 1439,482 1469,481 1500,480 1531,479 1531,437 1500,438 1469,439 1439,440 1408,441 1378,442 1347,443 1316,443 1286,444 1255,445 1225,445 1194,446 1163,447 1133,448 1102,449 1072,450 1041,451 1010,452 980,454 949,455 919,458"/>
                <Baseline points="919,486 949,483 980,482 1010,480 1041,479 1072,478 1102,477 1133,476 1163,475 1194,474 1225,473 1255,473 1286,472 1316,471 1347,471 1378,470 1408,469 1439,468 1469,467 1500,466 1531,465"/>
                <TextEquiv>
                    <Unicode>que abrace à mi niño hermoso.</Unicode>
                </TextEquiv>
            </TextLine>
            <TextLine id="r2l5" custom="readingOrder {index:4;}">
                <Coords points="971,634 996,634 1021,634 1047,633 1072,632 1098,632 1123,631 1149,630 1174,630 1200,629 1225,629 1251,628 1276,627 1302,627 1327,627 1353,627 1353,585 1327,585 1302,585 1276,585 1251,586 1225,587 1200,587 1174,588 1149,588 1123,589 1098,590 1072,590 1047,591 1021,592 996,592 971,592"/>
                <Baseline points="971,620 996,620 1021,620 1047,619 1072,618 1098,618 1123,617 1149,616 1174,616 1200,615 1225,615 1251,614 1276,613 1302,613 1327,613 1353,613"/>
                <TextEquiv>
                    <Unicode>Y le responde José</Unicode>
                </TextEquiv>
            </TextLine>
            <TextLine id="r2l6" custom="readingOrder {index:5;}">
                <Coords points="922,697 948,696 974,695 1001,694 1027,693 1053,692 1080,691 1106,690 1132,690 1159,689 1185,689 1211,688 1238,688 1264,687 1290,687 1317,687 1343,687 1369,687 1396,686 1422,686 1449,686 1449,644 1422,644 1396,644 1369,645 1343,645 1317,645 1290,645 1264,645 1238,646 1211,646 1185,647 1159,647 1132,648 1106,648 1080,649 1053,650 1027,651 1001,652 974,653 948,654 922,655"/>
                <Baseline points="922,683 948,682 974,681 1001,680 1027,679 1053,678 1080,677 1106,676 1132,676 1159,675 1185,675 1211,674 1238,674 1264,673 1290,673 1317,673 1343,673 1369,673 1396,672 1422,672 1449,672"/>
                <TextEquiv>
                    <Unicode>tus trabajos me dan pena,</Unicode>
                </TextEquiv>
            </TextLine>
            <TextLine id="r2l7" custom="readingOrder {index:6;}">
                <Coords points="915,760 941,757 968,755 995,753 1021,751 1048,750 1075,748 1102,747 1128,746 1155,746 1182,745 1208,745 1235,745 1262,745 1289,745 1289,705 1262,705 1235,705 1208,705 1182,705 1155,706 1128,706 1102,707 1075,708 1048,710 1021,711 995,713 968,715 941,717 915,720"/>
                <Baseline points="915,747 941,744 968,742 995,740 1021,738 1048,737 1075,735 1102,734 1128,733 1155,733 1182,732 1208,732 1235,732 1262,732 1289,732"/>
                <TextEquiv>
                    <Unicode>y lo que deseo es,</Unicode>
                </TextEquiv>
            </TextLine>
            <TextLine id="r2l8" custom="readingOrder {index:7;}">
                <Coords points="927,811 953,811 979,811 1005,810 1031,810 1058,809 1084,808 1110,807 1136,806 1163,805 1189,804 1215,803 1241,802 1267,801 1294,800 1320,800 1346,799 1372,799 1399,798 1399,758 1372,759 1346,759 1320,760 1294,760 1267,761 1241,762 1215,763 1189,764 1163,765 1136,766 1110,767 1084,768 1058,769 1031,770 1005,770 979,771 953,771 927,771"/>
                <Baseline points="927,798 953,798 979,798 1005,797 1031,797 1058,796 1084,795 1110,794 1136,793 1163,792 1189,791 1215,790 1241,789 1267,788 1294,787 1320,787 1346,786 1372,786 1399,785"/>
                <TextEquiv>
                    <Unicode>el darle la enhorabuena.</Unicode>
                </TextEquiv>
            </TextLine>
            <TextLine id="r2l9" custom="readingOrder {index:8;}">
                <Coords points="972,960 997,959 1023,958 1049,958 1074,957 1100,957 1126,956 1151,955 1177,955 1203,954 1229,954 1254,953 1280,953 1306,952 1331,951 1357,951 1383,950 1409,949 1409,907 1383,908 1357,909 1331,909 1306,910 1280,911 1254,911 1229,912 1203,912 1177,913 1151,913 1126,914 1100,915 1074,915 1049,916 1023,916 997,917 972,918"/>
                <Baseline points="972,946 997,945 1023,944 1049,944 1074,943 1100,943 1126,942 1151,941 1177,941 1203,940 1229,940 1254,939 1280,939 1306,938 1331,937 1357,937 1383,936 1409,935"/>
                <TextEquiv>
                    <Unicode>Por fin llegan á Belen</Unicode>
                </TextEquiv>
            </TextLine>
            <TextLine id="r2l10" custom="readingOrder {index:9;}">
                <Coords points="929,1021 954,1020 980,1018 1006,1017 1031,1016 1057,1015 1083,1015 1108,1014 1134,1014 1160,1013 1185,1013 1211,1013 1237,1012 1262,1012 1288,1011 1314,1010 1339,1009 1365,1008 1391,1007 1391,965 1365,966 1339,967 1314,968 1288,969 1262,970 1237,970 1211,971 1185,971 1160,971 1134,972 1108,972 1083,973 1057,973 1031,974 1006,975 980,976 954,978 929,979"/>
                <Baseline points="929,1007 954,1006 980,1004 1006,1003 1031,1002 1057,1001 1083,1001 1108,1000 1134,1000 1160,999 1185,999 1211,999 1237,998 1262,998 1288,997 1314,996 1339,995 1365,994 1391,993"/>
                <TextEquiv>
                    <Unicode>la noche muy avanzada</Unicode>
                </TextEquiv>
            </TextLine>
            <TextLine id="r2l11" custom="readingOrder {index:10;}">
                <Coords points="935,1078 960,1077 986,1075 1012,1074 1038,1073 1064,1072 1090,1072 1116,1071 1142,1071 1167,1071 1193,1070 1219,1070 1245,1070 1271,1070 1297,1069 1323,1069 1349,1068 1349,1026 1323,1027 1297,1027 1271,1028 1245,1028 1219,1028 1193,1028 1167,1029 1142,1029 1116,1029 1090,1030 1064,1030 1038,1031 1012,1032 986,1033 960,1035 935,1036"/>
                <Baseline points="935,1064 960,1063 986,1061 1012,1060 1038,1059 1064,1058 1090,1058 1116,1057 1142,1057 1167,1057 1193,1056 1219,1056 1245,1056 1271,1056 1297,1055 1323,1055 1349,1054"/>
                <TextEquiv>
                    <Unicode>y como era ya tarde,</Unicode>
                </TextEquiv>
            </TextLine>
            <TextLine id="r2l12" custom="readingOrder {index:11;}">
                <Coords points="923,1135 948,1134 973,1133 999,1132 1024,1131 1050,1131 1075,1131 1100,1130 1126,1130 1151,1130 1177,1129 1202,1129 1227,1129 1253,1128 1278,1127 1304,1126 1329,1125 1355,1124 1355,1082 1329,1083 1304,1084 1278,1085 1253,1086 1227,1087 1202,1087 1177,1087 1151,1088 1126,1088 1100,1088 1075,1089 1050,1089 1024,1089 999,1090 973,1091 948,1092 923,1093"/>
                <Baseline points="923,1121 948,1120 973,1119 999,1118 1024,1117 1050,1117 1075,1117 1100,1116 1126,1116 1151,1116 1177,1115 1202,1115 1227,1115 1253,1114 1278,1113 1304,1112 1329,1111 1355,1110"/>
                <TextEquiv>
                    <Unicode>nadie le daba posada.</Unicode>
                </TextEquiv>
            </TextLine>
            <TextLine id="r2l13" custom="readingOrder {index:12;}">
                <Coords points="983,1273 1008,1272 1034,1271 1059,1270 1085,1268 1110,1268 1136,1267 1161,1266 1187,1265 1213,1265 1238,1264 1264,1264 1289,1263 1315,1263 1340,1263 1366,1262 1391,1262 1417,1262 1443,1261 1443,1219 1417,1220 1391,1220 1366,1220 1340,1221 1315,1221 1289,1221 1264,1222 1238,1222 1213,1223 1187,1223 1161,1224 1136,1225 1110,1226 1085,1226 1059,1228 1034,1229 1008,1230 983,1231"/>
                <Baseline points="983,1259 1008,1258 1034,1257 1059,1256 1085,1254 1110,1254 1136,1253 1161,1252 1187,1251 1213,1251 1238,1250 1264,1250 1289,1249 1315,1249 1340,1249 1366,1248 1391,1248 1417,1248 1443,1247"/>
                <TextEquiv>
                    <Unicode>En diferentes mesones</Unicode>
                </TextEquiv>
            </TextLine>
            <TextLine id="r2l14" custom="readingOrder {index:13;}">
                <Coords points="939,1335 964,1334 990,1333 1015,1332 1041,1331 1066,1330 1092,1329 1117,1328 1143,1327 1168,1326 1194,1325 1219,1325 1245,1324 1270,1324 1296,1323 1321,1322 1347,1321 1372,1321 1398,1320 1423,1320 1449,1319 1449,1277 1423,1278 1398,1278 1372,1279 1347,1279 1321,1280 1296,1281 1270,1282 1245,1282 1219,1283 1194,1283 1168,1284 1143,1285 1117,1286 1092,1287 1066,1288 1041,1289 1015,1290 990,1291 964,1292 939,1293"/>
                <Baseline points="939,1321 964,1320 990,1319 1015,1318 1041,1317 1066,1316 1092,1315 1117,1314 1143,1313 1168,1312 1194,1311 1219,1311 1245,1310 1270,1310 1296,1309 1321,1308 1347,1307 1372,1307 1398,1306 1423,1306 1449,1305"/>
                <TextEquiv>
                    <Unicode>que habia en la poblacion,</Unicode>
                </TextEquiv>
            </TextLine>
            <TextLine id="r2l15" custom="readingOrder {index:14;}">
                <Coords points="935,1393 961,1392 988,1391 1014,1390 1041,1389 1067,1388 1094,1387 1120,1386 1147,1385 1173,1384 1200,1383 1226,1383 1253,1382 1279,1381 1306,1380 1332,1380 1359,1379 1385,1379 1412,1378 1438,1377 1465,1377 1465,1335 1438,1335 1412,1336 1385,1337 1359,1337 1332,1338 1306,1338 1279,1339 1253,1340 1226,1341 1200,1341 1173,1342 1147,1343 1120,1344 1094,1345 1067,1346 1041,1347 1014,1348 988,1349 961,1350 935,1351"/>
                <Baseline points="935,1379 961,1378 988,1377 1014,1376 1041,1375 1067,1374 1094,1373 1120,1372 1147,1371 1173,1370 1200,1369 1226,1369 1253,1368 1279,1367 1306,1366 1332,1366 1359,1365 1385,1365 1412,1364 1438,1363 1465,1363"/>
                <TextEquiv>
                    <Unicode>como los miran tan pobres</Unicode>
                </TextEquiv>
            </TextLine>
            <TextLine id="r2l16" custom="readingOrder {index:15;}">
                <Coords points="935,1450 960,1450 986,1449 1012,1449 1038,1448 1063,1447 1089,1446 1115,1446 1141,1445 1167,1443 1192,1442 1218,1441 1244,1441 1270,1440 1295,1439 1321,1439 1347,1438 1373,1438 1399,1438 1399,1396 1373,1396 1347,1396 1321,1397 1295,1397 1270,1398 1244,1399 1218,1399 1192,1400 1167,1401 1141,1403 1115,1404 1089,1404 1063,1405 1038,1406 1012,1407 986,1407 960,1408 935,1408"/>
                <Baseline points="935,1436 960,1436 986,1435 1012,1435 1038,1434 1063,1433 1089,1432 1115,1432 1141,1431 1167,1429 1192,1428 1218,1427 1244,1427 1270,1426 1295,1425 1321,1425 1347,1424 1373,1424 1399,1424"/>
                <TextEquiv>
                    <Unicode>no les dan colocacion.</Unicode>
                </TextEquiv>
            </TextLine>
            <TextLine id="r2l17" custom="readingOrder {index:16;}">
                <Coords points="987,1589 1012,1588 1038,1587 1064,1586 1090,1585 1116,1584 1141,1583 1167,1582 1193,1581 1219,1580 1245,1580 1270,1579 1296,1578 1322,1577 1348,1576 1374,1575 1399,1574 1425,1574 1451,1572 1477,1571 1503,1570 1503,1528 1477,1529 1451,1530 1425,1532 1399,1532 1374,1533 1348,1534 1322,1535 1296,1536 1270,1537 1245,1538 1219,1538 1193,1539 1167,1540 1141,1541 1116,1542 1090,1543 1064,1544 1038,1545 1012,1546 987,1547"/>
                <Baseline points="987,1575 1012,1574 1038,1573 1064,1572 1090,1571 1116,1570 1141,1569 1167,1568 1193,1567 1219,1566 1245,1566 1270,1565 1296,1564 1322,1563 1348,1562 1374,1561 1399,1560 1425,1560 1451,1558 1477,1557 1503,1556"/>
                <TextEquiv>
                    <Unicode>Pide San José le admitan</Unicode>
                </TextEquiv>
            </TextLine>
            <TextLine id="r2l18" custom="readingOrder {index:17;}">
                <Coords points="943,1648 968,1648 993,1648 1018,1647 1043,1647 1068,1646 1093,1645 1118,1644 1143,1642 1168,1641 1193,1640 1218,1639 1243,1638 1268,1637 1293,1636 1318,1635 1343,1634 1368,1634 1393,1634 1419,1634 1419,1594 1393,1594 1368,1594 1343,1594 1318,1595 1293,1596 1268,1597 1243,1598 1218,1599 1193,1600 1168,1601 1143,1602 1118,1604 1093,1605 1068,1606 1043,1607 1018,1607 993,1608 968,1608 943,1608"/>
                <Baseline points="943,1635 968,1635 993,1635 1018,1634 1043,1634 1068,1633 1093,1632 1118,1631 1143,1629 1168,1628 1193,1627 1218,1626 1243,1625 1268,1624 1293,1623 1318,1622 1343,1621 1368,1621 1393,1621 1419,1621"/>
                <TextEquiv>
                    <Unicode>aunque sea en el pajar,</Unicode>
                </TextEquiv>
            </TextLine>
            <TextLine id="r2l19" custom="readingOrder {index:18;}">
                <Coords points="945,1710 970,1708 995,1707 1020,1706 1045,1705 1070,1704 1095,1703 1121,1701 1146,1700 1171,1699 1196,1697 1221,1696 1246,1696 1272,1694 1297,1693 1322,1692 1347,1692 1372,1690 1397,1689 1423,1688 1423,1648 1397,1649 1372,1650 1347,1652 1322,1652 1297,1653 1272,1654 1246,1656 1221,1656 1196,1657 1171,1659 1146,1660 1121,1661 1095,1663 1070,1664 1045,1665 1020,1666 995,1667 970,1668 945,1670"/>
                <Baseline points="945,1697 970,1695 995,1694 1020,1693 1045,1692 1070,1691 1095,1690 1121,1688 1146,1687 1171,1686 1196,1684 1221,1683 1246,1683 1272,1681 1297,1680 1322,1679 1347,1679 1372,1677 1397,1676 1423,1675"/>
                <TextEquiv>
                    <Unicode>por estar la noche mala</Unicode>
                </TextEquiv>
            </TextLine>
            <TextLine id="r2l20" custom="readingOrder {index:19;}">
                <Coords points="945,1772 970,1771 995,1769 1020,1767 1045,1766 1070,1764 1095,1762 1120,1761 1145,1760 1170,1758 1196,1757 1221,1756 1246,1755 1271,1754 1296,1753 1321,1752 1346,1751 1371,1751 1396,1750 1422,1750 1422,1708 1396,1708 1371,1709 1346,1709 1321,1710 1296,1711 1271,1712 1246,1713 1221,1714 1196,1715 1170,1716 1145,1718 1120,1719 1095,1720 1070,1722 1045,1724 1020,1725 995,1727 970,1729 945,1730"/>
                <Baseline points="945,1758 970,1757 995,1755 1020,1753 1045,1752 1070,1750 1095,1748 1120,1747 1145,1746 1170,1744 1196,1743 1221,1742 1246,1741 1271,1740 1296,1739 1321,1738 1346,1737 1371,1737 1396,1736 1422,1736"/>
                <TextEquiv>
                    <Unicode>y serle imposible andar.</Unicode>
                </TextEquiv>
            </TextLine>
            <TextLine id="r2l21" custom="readingOrder {index:20;}">
                <Coords points="989,1907 1014,1906 1040,1904 1065,1903 1091,1902 1116,1901 1142,1899 1167,1899 1193,1897 1218,1896 1244,1895 1270,1894 1295,1893 1321,1892 1346,1891 1372,1890 1397,1889 1423,1888 1448,1888 1474,1887 1500,1886 1500,1844 1474,1845 1448,1846 1423,1846 1397,1847 1372,1848 1346,1849 1321,1850 1295,1851 1270,1852 1244,1853 1218,1854 1193,1855 1167,1857 1142,1857 1116,1859 1091,1860 1065,1861 1040,1862 1014,1864 989,1865"/>
                <Baseline points="989,1893 1014,1892 1040,1890 1065,1889 1091,1888 1116,1887 1142,1885 1167,1885 1193,1883 1218,1882 1244,1881 1270,1880 1295,1879 1321,1878 1346,1877 1372,1876 1397,1875 1423,1874 1448,1874 1474,1873 1500,1872"/>
                <TextEquiv>
                    <Unicode>Pero los muy inhumanos</Unicode>
                </TextEquiv>
            </TextLine>
            <TextLine id="r2l22" custom="readingOrder {index:21;}">
                <Coords points="955,1966 981,1966 1007,1965 1033,1964 1059,1963 1085,1962 1111,1961 1137,1960 1163,1958 1189,1956 1216,1955 1242,1954 1268,1952 1294,1951 1320,1950 1346,1949 1372,1948 1398,1948 1424,1948 1450,1948 1477,1948 1477,1906 1450,1906 1424,1906 1398,1906 1372,1906 1346,1907 1320,1908 1294,1909 1268,1910 1242,1912 1216,1913 1189,1914 1163,1916 1137,1918 1111,1919 1085,1920 1059,1921 1033,1922 1007,1923 981,1924 955,1924"/>
                <Baseline points="955,1952 981,1952 1007,1951 1033,1950 1059,1949 1085,1948 1111,1947 1137,1946 1163,1944 1189,1942 1216,1941 1242,1940 1268,1938 1294,1937 1320,1936 1346,1935 1372,1934 1398,1934 1424,1934 1450,1934 1477,1934"/>
                <TextEquiv>
                    <Unicode>los despiden sin consuelo,</Unicode>
                </TextEquiv>
            </TextLine>
            <TextLine id="r2l23" custom="readingOrder {index:22;}">
                <Coords points="959,2025 984,2025 1010,2024 1035,2023 1061,2022 1087,2020 1112,2020 1138,2018 1164,2016 1189,2014 1215,2012 1241,2011 1266,2010 1292,2009 1318,2008 1343,2008 1369,2008 1395,2009 1395,1967 1369,1966 1343,1966 1318,1966 1292,1967 1266,1968 1241,1969 1215,1970 1189,1972 1164,1974 1138,1976 1112,1978 1087,1978 1061,1980 1035,1981 1010,1982 984,1983 959,1983"/>
                <Baseline points="959,2011 984,2011 1010,2010 1035,2009 1061,2008 1087,2006 1112,2006 1138,2004 1164,2002 1189,2000 1215,1998 1241,1997 1266,1996 1292,1995 1318,1994 1343,1994 1369,1994 1395,1995"/>
                <TextEquiv>
                    <Unicode>sin quererlos admitir,</Unicode>
                </TextEquiv>
            </TextLine>
            <TextLine id="r2l24" custom="readingOrder {index:23;}">
                <Coords points="968,2085 997,2084 1026,2082 1056,2081 1085,2079 1115,2078 1144,2077 1173,2075 1203,2073 1232,2072 1262,2071 1291,2070 1321,2068 1350,2067 1379,2066 1409,2065 1438,2063 1468,2063 1497,2062 1527,2061 1527,2019 1497,2020 1468,2021 1438,2021 1409,2023 1379,2024 1350,2025 1321,2026 1291,2028 1262,2029 1232,2030 1203,2031 1173,2033 1144,2035 1115,2036 1085,2037 1056,2039 1026,2040 997,2042 968,2043"/>
                <Baseline points="968,2071 997,2070 1026,2068 1056,2067 1085,2065 1115,2064 1144,2063 1173,2061 1203,2059 1232,2058 1262,2057 1291,2056 1321,2054 1350,2053 1379,2052 1409,2051 1438,2049 1468,2049 1497,2048 1527,2047"/>
                <TextEquiv>
                    <Unicode>aunque duerman en el suelo.</Unicode>
                </TextEquiv>
            </TextLine>
            <TextLine id="r2l25" custom="readingOrder {index:24;}">
                <Coords points="1012,2216 1038,2216 1064,2216 1090,2215 1116,2215 1142,2213 1168,2212 1194,2212 1220,2211 1246,2209 1272,2208 1298,2207 1324,2206 1350,2205 1376,2204 1402,2203 1428,2202 1454,2201 1480,2201 1506,2200 1506,2158 1480,2159 1454,2159 1428,2160 1402,2161 1376,2162 1350,2163 1324,2164 1298,2165 1272,2166 1246,2167 1220,2169 1194,2170 1168,2170 1142,2171 1116,2173 1090,2173 1064,2174 1038,2174 1012,2174"/>
                <Baseline points="1012,2202 1038,2202 1064,2202 1090,2201 1116,2201 1142,2199 1168,2198 1194,2198 1220,2197 1246,2195 1272,2194 1298,2193 1324,2192 1350,2191 1376,2190 1402,2189 1428,2188 1454,2187 1480,2187 1506,2186"/>
                <TextEquiv>
                    <Unicode>Viendo José su abandono</Unicode>
                </TextEquiv>
            </TextLine>
            <TextLine id="r2l26" custom="readingOrder {index:25;}">
                <Coords points="967,2280 993,2279 1019,2278 1045,2277 1071,2276 1098,2275 1124,2274 1150,2272 1176,2271 1202,2269 1229,2268 1255,2267 1281,2266 1307,2265 1333,2264 1360,2264 1386,2264 1412,2264 1438,2264 1465,2265 1465,2223 1438,2222 1412,2222 1386,2222 1360,2222 1333,2222 1307,2223 1281,2224 1255,2225 1229,2226 1202,2227 1176,2229 1150,2230 1124,2232 1098,2233 1071,2234 1045,2235 1019,2236 993,2237 967,2238"/>
                <Baseline points="967,2266 993,2265 1019,2264 1045,2263 1071,2262 1098,2261 1124,2260 1150,2258 1176,2257 1202,2255 1229,2254 1255,2253 1281,2252 1307,2251 1333,2250 1360,2250 1386,2250 1412,2250 1438,2250 1465,2251"/>
                <TextEquiv>
                    <Unicode>y no sabiendo que hacer,</Unicode>
                </TextEquiv>
            </TextLine>
            <TextLine id="r2l27" custom="readingOrder {index:26;}">
                <Coords points="973,2337 998,2337 1023,2336 1048,2335 1073,2334 1098,2333 1123,2332 1149,2331 1174,2330 1199,2329 1224,2328 1249,2327 1274,2326 1300,2324 1325,2323 1350,2322 1375,2322 1400,2321 1425,2320 1451,2320 1451,2278 1425,2278 1400,2279 1375,2280 1350,2280 1325,2281 1300,2282 1274,2284 1249,2285 1224,2286 1199,2287 1174,2288 1149,2289 1123,2290 1098,2291 1073,2292 1048,2293 1023,2294 998,2295 973,2295"/>
                <Baseline points="973,2323 998,2323 1023,2322 1048,2321 1073,2320 1098,2319 1123,2318 1149,2317 1174,2316 1199,2315 1224,2314 1249,2313 1274,2312 1300,2310 1325,2309 1350,2308 1375,2308 1400,2307 1425,2306 1451,2306"/>
                <TextEquiv>
                    <Unicode>salen al campo á buscar</Unicode>
                </TextEquiv>
            </TextLine>
            <TextLine id="r2l28" custom="readingOrder {index:27;}">
                <Coords points="975,2402 1001,2400 1027,2398 1053,2397 1079,2395 1105,2394 1131,2392 1157,2391 1183,2390 1209,2389 1236,2388 1262,2387 1288,2386 1314,2386 1340,2385 1366,2385 1392,2384 1418,2383 1444,2382 1471,2381 1471,2339 1444,2340 1418,2341 1392,2342 1366,2343 1340,2343 1314,2344 1288,2344 1262,2345 1236,2346 1209,2347 1183,2348 1157,2349 1131,2350 1105,2352 1079,2353 1053,2355 1027,2356 1001,2358 975,2360"/>
                <Baseline points="975,2388 1001,2386 1027,2384 1053,2383 1079,2381 1105,2380 1131,2378 1157,2377 1183,2376 1209,2375 1236,2374 1262,2373 1288,2372 1314,2372 1340,2371 1366,2371 1392,2370 1418,2369 1444,2368 1471,2367"/>
                <TextEquiv>
                    <Unicode>quien los quiera recoger. </Unicode>
                </TextEquiv>
            </TextLine>
            <TextEquiv>
                <Unicode>Al acercarse á Belen
la Virgen dijo à su esposo,
pronto llegará la hora
que abrace à mi niño hermoso.
Y le responde José
tus trabajos me dan pena,
y lo que deseo es,
el darle la enhorabuena.
Por fin llegan á Belen
la noche muy avanzada
y como era ya tarde,
nadie le daba posada.
En diferentes mesones
que habia en la poblacion,
como los miran tan pobres
no les dan colocacion.
Pide San José le admitan
aunque sea en el pajar,
por estar la noche mala
y serle imposible andar.
Pero los muy inhumanos
los despiden sin consuelo,
sin quererlos admitir,
aunque duerman en el suelo.
Viendo José su abandono
y no sabiendo que hacer,
salen al campo á buscar
quien los quiera recoger. </Unicode>
            </TextEquiv>
        </TextRegion>
    </Page>
</PcGts>
