1737 2508
1467 244 1498 291 7
263 331 607 365 y yo no puedo salir:
260 369 777 404 don Florindo que me aguarda
267 409 715 444 con la respuesta, estará....
263 446 714 484 Lo peor es si viene el viejo
271 487 788 523 y me encuentra aquí, me mata;
267 526 756 564 pues no, yo voy á escaparme,
827 561 916 595 pasa.
269 567 672 603 y salga por donde salga.
263 605 705 642 PANC. Ay pobrecito de mí!
270 645 757 682 que me han roto las entrañas!
268 685 657 721 Qué demonio será esto?
263 723 742 760 Pues no, yo no veo un alma.
272 761 845 800 Si habrá duende? mas los duendes
272 802 782 840 no tienen miedo á las guardías?
268 843 618 883 Sigamos la centinela
274 884 641 921 por si viene la pitanza,
274 918 792 961 quien vive? España: que gente?
270 961 712 999 Rondamayor! pues avanza.
272 999 752 1041 Señores, quien me ha metido
274 1042 654 1079 á mi en esta salagarda?
353 1116 813 1156 Sale Florindo y Cachumeno.
245 1200 769 1237 CAHC Señor don Florindo, sepa
281 1241 607 1276 vd. que le ví la cara
273 1279 658 1315 al miedo, pero escapé.
276 1318 645 1355 Rosaura leyó el papel,
274 1357 686 1394 y me dijo que arrestada
288 1397 747 1434 está á cuanto vd. la mande,
276 1437 615 1474 bajo de la confianza
287 1476 685 1512 de la palabra de esposo.
245 1513 784 1553 FLOR. Esa es mi dicha, mas para
280 1553 689 1592 lograrla he determinado
287 1595 635 1630 el sacarla de su casa.
248 1629 823 1672 CACH. Qué es ir á Roma por todo:
279 1673 638 1710 mas entrar á visitarla
280 1713 698 1750 lo estorbará el centinela.
242 1753 657 1789 FLOR. Puos estamos mal.
677 1787 809 1820 Abanza.
249 1797 363 1830 PANCH.
285 1827 741 1868 viene ya el rancho señores?
290 1870 743 1907 porque la hambre me mata.
257 1908 859 1947 FLOR. Parece que el pobre es simple,
292 1947 743 1985 yo le entretendré con maña;
296 1987 760 2025 entra tú, y dí que la espero
283 2029 662 2065 á mí querida Rosaura.
251 2068 661 2104 CACH. Voy en un brinco.
666 2104 826 2139 Amiguito.
247 2112 347 2144 FLOR.
294 2151 485 2182 qué tal va?
565 2186 887 2219 Quién vive? avanza:
261 2190 354 2223 PANC.
293 2227 675 2261 venga la racion de pan
299 2267 691 2303 que ya la tengo ganada.
1058 353 1547 396 Sale Cachumeno y Rosaura.
960 431 1476 478 CACH. Si, señora, don Florindo
1002 474 1497 516 su novio es el que la aguarda.
955 512 1485 556 FLOR. Rosaura, prenda querida,
1006 551 1459 594 que ha sucedido en tu casa
1008 590 1526 634 que han puesto á este estafermo
999 633 1285 674 de centinela, Dí?
1300 671 1423 702 Avanza.
967 684 1060 715 PANC.
968 709 1504 754 ROS. Mi padre me halló un papel
999 749 1371 793 en que yo te suplicaba
1000 786 1393 834 me sacases del encierro
1000 829 1439 873 en que padezco mil ansias.
968 868 1490 915 FLOR. Y quieres venir conmigo?
960 908 1459 954 RoS. Lo estorbará ese panarra,
1016 947 1570 993 pues teniendo armas de fuego....
965 987 1488 1033 FLOR. Para mí, prenda adorada,
1012 1025 1452 1070 ese es corto inconveniente
1003 1066 1437 1111 Atienda usted,. camarada.
968 1105 1542 1152 PANC. El pan y el pre venga luego,
1008 1146 1398 1190 y sino dejo la guardia.
964 1186 1446 1230 FLOR. Ese fusil es pesado....
1006 1225 1440 1270 dádmele acá sin tardanza.
976 1264 1500 1310 PANC. El fusil no mas? tomadle:
1020 1305 1422 1348 y la polvora y las balas?
970 1344 1464 1388 FLOR. En el corazon las llevas
1010 1384 1430 1427 si me hablas otra palabra.
980 1422 1497 1468 nos. Ya que has dejado el fusil,
1019 1464 1447 1507 te has de quitar la casaca;
1020 1503 1394 1545 vaya, quitatela pronto.
969 1541 1517 1588 PANC. Jesus, que chica tan guapa.
1023 1582 1447 1627 Que, la lleva vd. á labar,
1019 1620 1452 1668 porque tiéne mucha grasa?
975 1661 1443 1706 ROS. Amiguito, abur, abur.
982 1703 1375 1746 CACH. A Dios, centinela.
981 1752 1069 1784 PANH.
1431 1737 1568 1770 Avanza.
974 1778 1436 1822 FLOR. Amigo, para otra vez
1011 1817 1549 1863 aprenda usted hacer la guardia.
983 1858 1427 1903 CACH. Amigo, para otra vez
1028 1894 1653 1942 aprenda vd, hacer la guardia. va sen.
982 1937 1521 1986 PANC. Que me habian de mudar,
1022 1979 1425 2019 ya me dijo el camarada.
1027 2018 1409 2061 pero no que me darian
1027 2058 1433 2101 un puntapié en la culata
1163 2118 1489 2154 Sale don Tiburcio.
981 2168 1479 2212 TIR. Ya queda todo dispuesto,
1028 2207 1473 2250 hoy ha de quedar sin falta
1034 2250 1419 2290 en unconvento mi hija,
