<?xml version="1.0" encoding="UTF-8" standalone="yes"?>
<PcGts xmlns="http://schema.primaresearch.org/PAGE/gts/pagecontent/2013-07-15" xmlns:xsi="http://www.w3.org/2001/XMLSchema-instance" xsi:schemaLocation="http://schema.primaresearch.org/PAGE/gts/pagecontent/2013-07-15 http://schema.primaresearch.org/PAGE/gts/pagecontent/2013-07-15/pagecontent.xsd">
    <Metadata>
        <Creator>prov=University of Rostock/Institute of Mathematics/CITlab|PLANET AI GmbH/Gundram Leifert/gundram.leifert@planet-ai.de:name=Pliegos de Cordel (XIXe) - v4(htr_id=27283)::::v=2.6.7
prov=University of Rostock/Institute of Mathematics/CITlab|PLANET AI GmbH/Tobias Gruening/tobias.gruening@planet-ai.de:name=de.uros.citlab.module.baseline2polygon.B2PSeamMultiOriented:v=2.6.7
prov=University of Rostock/Institute of Mathematics/CITlab|PLANET AI GmbH/Tobias Gruening/tobias.gruening@planet-ai.de:name=/net_tf/LA73_249_0mod360.pb:de.uros.citlab.segmentation.CITlab_LA_ML:v=2.6.7
Transkribus</Creator>
        <Created>2020-12-01T16:27:47.083+01:00</Created>
        <LastChange>2020-12-14T16:07:56.090+01:00</LastChange>
        <Comments>
                Measurement unit: pixel
                PrimaryLanguage: 
                Producer: Transkribus
            </Comments>
        <TranskribusMetadata docId="525386" pageId="22318544" pageNr="74" tsid="50306569" status="DONE" userId="66244" imgUrl="https://files.transkribus.eu/Get?id=MXMPUQYMOQUXZIUYSJCQFSQS&amp;fileType=view" xmlUrl="https://files.transkribus.eu/Get?id=EDWAUUJQHNAFQUOYVUUQMKEQ" imageId="17388059"/>
    </Metadata>
    <Page imageFilename="Moreno_192_2.jpg" imageWidth="1765" imageHeight="2512">
        <PrintSpace>
            <Coords points="0,0 1765,0 1765,2512 0,2512"/>
        </PrintSpace>
        <ReadingOrder>
            <OrderedGroup id="ro_1607963861250" caption="Regions reading order">
                <RegionRefIndexed index="0" regionRef="r_1_1"/>
                <RegionRefIndexed index="1" regionRef="r_2_1"/>
            </OrderedGroup>
        </ReadingOrder>
        <TextRegion orientation="0.0" type="paragraph" id="r_1_1" custom="readingOrder {index:0;}">
            <Coords points="251,281 935,281 935,2317 251,2317"/>
            <TextLine id="r_1_1l1" custom="readingOrder {index:0;}">
                <Coords points="394,333 436,333 436,303 394,303"/>
                <Baseline points="394,323 436,323"/>
                <TextEquiv>
                    <Unicode>2</Unicode>
                </TextEquiv>
            </TextLine>
            <TextLine id="r_1_1l2" custom="readingOrder {index:1;}">
                <Coords points="293,375 319,375 345,374 372,374 398,374 424,373 451,373 477,373 503,373 530,373 556,373 582,373 609,373 635,373 661,374 688,374 714,374 741,374 741,344 714,344 688,344 661,344 635,343 609,343 582,343 556,343 530,343 503,343 477,343 451,343 424,343 398,344 372,344 345,344 319,345 293,345"/>
                <Baseline points="293,365 319,365 345,364 372,364 398,364 424,363 451,363 477,363 503,363 530,363 556,363 582,363 609,363 635,363 661,364 688,364 714,364 741,364"/>
                <TextEquiv>
                    <Unicode>un don Lucas de la Raspa, </Unicode>
                </TextEquiv>
            </TextLine>
            <TextLine id="r_1_1l3" custom="readingOrder {index:2;}">
                <Coords points="289,416 314,415 340,414 366,414 392,413 417,413 443,413 469,412 495,412 521,412 546,412 572,412 598,412 624,413 650,413 675,413 701,413 727,413 753,413 779,413 779,383 753,383 727,383 701,383 675,383 650,383 624,383 598,382 572,382 546,382 521,382 495,382 469,382 443,383 417,383 392,383 366,384 340,384 314,385 289,386"/>
                <Baseline points="289,406 314,405 340,404 366,404 392,403 417,403 443,403 469,402 495,402 521,402 546,402 572,402 598,402 624,403 650,403 675,403 701,403 727,403 753,403 779,403"/>
                <TextEquiv>
                    <Unicode>hombre machucho, rumboso,</Unicode>
                </TextEquiv>
            </TextLine>
            <TextLine id="r_1_1l4" custom="readingOrder {index:3;}">
                <Coords points="298,453 323,454 349,454 374,454 400,454 426,453 451,453 477,453 503,453 528,452 554,452 579,452 605,452 631,452 656,452 682,453 708,454 708,424 682,423 656,422 631,422 605,422 579,422 554,422 528,422 503,423 477,423 451,423 426,423 400,424 374,424 349,424 323,424 298,423"/>
                <Baseline points="298,443 323,444 349,444 374,444 400,444 426,443 451,443 477,443 503,443 528,442 554,442 579,442 605,442 631,442 656,442 682,443 708,444"/>
                <TextEquiv>
                    <Unicode>y muy rico; si te agrada</Unicode>
                </TextEquiv>
            </TextLine>
            <TextLine id="r_1_1l5" custom="readingOrder {index:4;}">
                <Coords points="295,493 321,493 348,493 374,492 401,493 427,493 454,493 481,493 507,493 534,493 560,493 587,493 613,492 640,491 667,490 667,460 640,461 613,462 587,463 560,463 534,463 507,463 481,463 454,463 427,463 401,463 374,462 348,463 321,463 295,463"/>
                <Baseline points="295,483 321,483 348,483 374,482 401,483 427,483 454,483 481,483 507,483 534,483 560,483 587,483 613,482 640,481 667,480"/>
                <TextEquiv>
                    <Unicode>te casarás, y yo quedo</Unicode>
                </TextEquiv>
            </TextLine>
            <TextLine id="r_1_1l6" custom="readingOrder {index:5;}">
                <Coords points="295,532 320,532 345,532 370,532 395,531 420,531 445,531 470,530 495,530 521,530 546,530 571,530 596,530 621,530 646,531 671,531 696,532 721,532 747,533 747,503 721,502 696,502 671,501 646,501 621,500 596,500 571,500 546,500 521,500 495,500 470,500 445,501 420,501 395,501 370,502 345,502 320,502 295,502"/>
                <Baseline points="295,522 320,522 345,522 370,522 395,521 420,521 445,521 470,520 495,520 521,520 546,520 571,520 596,520 621,520 646,521 671,521 696,522 721,522 747,523"/>
                <TextEquiv>
                    <Unicode>contento como una pascua.</Unicode>
                </TextEquiv>
            </TextLine>
            <TextLine id="r_1_1l7" custom="readingOrder {index:6;}">
                <Coords points="255,574 280,574 305,573 330,573 355,572 381,572 406,571 431,571 456,570 482,569 507,569 532,569 557,569 583,569 608,569 633,570 658,571 684,572 684,542 658,541 633,540 608,539 583,539 557,539 532,539 507,539 482,539 456,540 431,541 406,541 381,542 355,542 330,543 305,543 280,544 255,544"/>
                <Baseline points="255,564 280,564 305,563 330,563 355,562 381,562 406,561 431,561 456,560 482,559 507,559 532,559 557,559 583,559 608,559 633,560 658,561 684,562"/>
                <TextEquiv>
                    <Unicode>Ros. Todo está muy bien;</Unicode>
                </TextEquiv>
            </TextLine>
            <TextLine id="r_1_1l8" custom="readingOrder {index:7;}">
                <Coords points="291,611 316,611 342,611 367,611 393,611 418,610 444,610 469,610 495,609 520,609 546,609 571,609 597,609 622,609 648,609 673,610 699,610 725,612 725,582 699,580 673,580 648,579 622,579 597,579 571,579 546,579 520,579 495,579 469,580 444,580 418,580 393,581 367,581 342,581 316,581 291,581"/>
                <Baseline points="291,601 316,601 342,601 367,601 393,601 418,600 444,600 469,600 495,599 520,599 546,599 571,599 597,599 622,599 648,599 673,600 699,600 725,602"/>
                <TextEquiv>
                    <Unicode>mas si despues de casada</Unicode>
                </TextEquiv>
            </TextLine>
            <TextLine id="r_1_1l9" custom="readingOrder {index:8;}">
                <Coords points="291,650 316,650 342,649 367,649 393,649 418,649 444,648 469,648 495,648 520,648 546,648 571,648 597,648 622,649 648,649 673,650 699,651 725,652 725,622 699,621 673,620 648,619 622,619 597,618 571,618 546,618 520,618 495,618 469,618 444,618 418,619 393,619 367,619 342,619 316,620 291,620"/>
                <Baseline points="291,640 316,640 342,639 367,639 393,639 418,639 444,638 469,638 495,638 520,638 546,638 571,638 597,638 622,639 648,639 673,640 699,641 725,642"/>
                <TextEquiv>
                    <Unicode>me fastidia el matrimonio</Unicode>
                </TextEquiv>
            </TextLine>
            <TextLine id="r_1_1l10" custom="readingOrder {index:9;}">
                <Coords points="293,687 319,689 345,689 372,689 398,689 425,689 451,688 478,688 504,687 531,687 557,687 584,688 610,689 637,690 637,660 610,659 584,658 557,657 531,657 504,657 478,658 451,658 425,659 398,659 372,659 345,659 319,659 293,657"/>
                <Baseline points="293,677 319,679 345,679 372,679 398,679 425,679 451,678 478,678 504,677 531,677 557,677 584,678 610,679 637,680"/>
                <TextEquiv>
                    <Unicode>y considero la carga</Unicode>
                </TextEquiv>
            </TextLine>
            <TextLine id="r_1_1l11" custom="readingOrder {index:10;}">
                <Coords points="292,730 318,730 344,730 370,729 397,729 423,729 449,729 476,728 502,728 528,728 554,727 581,727 607,727 633,727 660,727 686,728 712,728 739,729 739,699 712,698 686,698 660,697 633,697 607,697 581,697 554,697 528,698 502,698 476,698 449,699 423,699 397,699 370,699 344,700 318,700 292,700"/>
                <Baseline points="292,720 318,720 344,720 370,719 397,719 423,719 449,719 476,718 502,718 528,718 554,717 581,717 607,717 633,717 660,717 686,718 712,718 739,719"/>
                <TextEquiv>
                    <Unicode>que tengo para in eternum</Unicode>
                </TextEquiv>
            </TextLine>
            <TextLine id="r_1_1l12" custom="readingOrder {index:11;}">
                <Coords points="297,770 326,769 355,768 385,767 414,767 444,767 473,767 503,767 532,767 562,767 591,767 620,767 650,768 679,768 709,769 738,769 768,769 797,770 827,770 856,770 886,770 886,740 856,740 827,740 797,740 768,739 738,739 709,739 679,738 650,738 620,737 591,737 562,737 532,737 503,737 473,737 444,737 414,737 385,737 355,738 326,739 297,740"/>
                <Baseline points="297,760 326,759 355,758 385,757 414,757 444,757 473,757 503,757 532,757 562,757 591,757 620,757 650,758 679,758 709,759 738,759 768,759 797,760 827,760 856,760 886,760"/>
                <TextEquiv>
                    <Unicode>de un hombre á quien no me manda</Unicode>
                </TextEquiv>
            </TextLine>
            <TextLine id="r_1_1l13" custom="readingOrder {index:12;}">
                <Coords points="296,809 322,809 348,809 375,808 401,808 427,808 454,807 480,807 507,807 533,807 559,807 586,807 612,807 638,808 665,809 691,811 718,813 718,783 691,781 665,779 638,778 612,777 586,777 559,777 533,777 507,777 480,777 454,777 427,778 401,778 375,778 348,779 322,779 296,779"/>
                <Baseline points="296,799 322,799 348,799 375,798 401,798 427,798 454,797 480,797 507,797 533,797 559,797 586,797 612,797 638,798 665,799 691,801 718,803"/>
                <TextEquiv>
                    <Unicode>amor que sea mi marido;</Unicode>
                </TextEquiv>
            </TextLine>
            <TextLine id="r_1_1l14" custom="readingOrder {index:13;}">
                <Coords points="306,849 332,849 359,848 385,848 412,847 439,847 465,847 492,847 518,847 545,847 572,847 572,817 545,817 518,817 492,817 465,817 439,817 412,817 385,818 359,818 332,819 306,819"/>
                <Baseline points="306,839 332,839 359,838 385,838 412,837 439,837 465,837 492,837 518,837 545,837 572,837"/>
                <TextEquiv>
                    <Unicode>quid faciendum!</Unicode>
                </TextEquiv>
            </TextLine>
            <TextLine id="r_1_1l16" custom="readingOrder {index:14;}">
                <Coords points="260,890 290,890 320,890 320,860 290,860 260,860"/>
                <Baseline points="260,880 290,880 320,880"/>
                <TextEquiv>
                    <Unicode>TIB.</Unicode>
                </TextEquiv>
            </TextLine>
            <TextLine id="r_1_1l15" custom="readingOrder {index:15;}">
                <Coords points="596,882 621,885 646,886 672,887 697,888 722,888 748,888 773,888 798,889 824,889 824,859 798,859 773,858 748,858 722,858 697,858 672,857 646,856 621,855 596,852"/>
                <Baseline points="596,872 621,875 646,876 672,877 697,878 722,878 748,878 773,878 798,879 824,879"/>
                <TextEquiv>
                    <Unicode>Hija ingrata! </Unicode>
                </TextEquiv>
            </TextLine>
            <TextLine id="r_1_1l17" custom="readingOrder {index:16;}">
                <Coords points="291,928 317,928 343,927 370,926 396,926 423,925 449,925 475,924 502,924 528,924 555,923 581,924 607,924 634,924 660,925 687,926 687,896 660,895 634,894 607,894 581,894 555,893 528,894 502,894 475,894 449,895 423,895 396,896 370,896 343,897 317,898 291,898"/>
                <Baseline points="291,918 317,918 343,917 370,916 396,916 423,915 449,915 475,914 502,914 528,914 555,913 581,914 607,914 634,914 660,915 687,916"/>
                <TextEquiv>
                    <Unicode>tu te vienes con latines</Unicode>
                </TextEquiv>
            </TextLine>
            <TextLine id="r_1_1l18" custom="readingOrder {index:17;}">
                <Coords points="291,966 317,966 343,966 369,966 395,966 421,965 448,965 474,965 500,965 526,964 552,964 578,964 605,964 631,964 657,965 683,965 709,966 736,967 736,937 709,936 683,935 657,935 631,934 605,934 578,934 552,934 526,934 500,935 474,935 448,935 421,935 395,936 369,936 343,936 317,936 291,936"/>
                <Baseline points="291,956 317,956 343,956 369,956 395,956 421,955 448,955 474,955 500,955 526,954 552,954 578,954 605,954 631,954 657,955 683,955 709,956 736,957"/>
                <TextEquiv>
                    <Unicode>á mostrar tu repugnancia?</Unicode>
                </TextEquiv>
            </TextLine>
            <TextLine id="r_1_1l19" custom="readingOrder {index:18;}">
                <Coords points="303,1006 328,1006 353,1005 378,1005 404,1004 429,1004 454,1004 479,1004 505,1003 530,1003 555,1003 580,1004 606,1004 631,1004 656,1004 681,1005 707,1006 732,1006 757,1007 783,1008 783,978 757,977 732,976 707,976 681,975 656,974 631,974 606,974 580,974 555,973 530,973 505,973 479,974 454,974 429,974 404,974 378,975 353,975 328,976 303,976"/>
                <Baseline points="303,996 328,996 353,995 378,995 404,994 429,994 454,994 479,994 505,993 530,993 555,993 580,994 606,994 631,994 656,994 681,995 707,996 732,996 757,997 783,998"/>
                <TextEquiv>
                    <Unicode>Ya creo lo que me han dicho,</Unicode>
                </TextEquiv>
            </TextLine>
            <TextLine id="r_1_1l20" custom="readingOrder {index:19;}">
                <Coords points="291,1045 317,1045 343,1045 369,1045 395,1045 421,1045 447,1044 473,1043 500,1042 526,1042 552,1042 578,1042 604,1042 630,1043 656,1044 683,1046 683,1016 656,1014 630,1013 604,1012 578,1012 552,1012 526,1012 500,1012 473,1013 447,1014 421,1015 395,1015 369,1015 343,1015 317,1015 291,1015"/>
                <Baseline points="291,1035 317,1035 343,1035 369,1035 395,1035 421,1035 447,1034 473,1033 500,1032 526,1032 552,1032 578,1032 604,1032 630,1033 656,1034 683,1036"/>
                <TextEquiv>
                    <Unicode>sí, que estás enamorada</Unicode>
                </TextEquiv>
            </TextLine>
            <TextLine id="r_1_1l21" custom="readingOrder {index:20;}">
                <Coords points="295,1086 320,1085 345,1085 371,1084 396,1084 422,1083 447,1083 473,1082 498,1082 524,1082 549,1082 575,1082 600,1082 626,1083 651,1083 677,1084 702,1085 728,1087 728,1057 702,1055 677,1054 651,1053 626,1053 600,1052 575,1052 549,1052 524,1052 498,1052 473,1052 447,1053 422,1053 396,1054 371,1054 345,1055 320,1055 295,1056"/>
                <Baseline points="295,1076 320,1075 345,1075 371,1074 396,1074 422,1073 447,1073 473,1072 498,1072 524,1072 549,1072 575,1072 600,1072 626,1073 651,1073 677,1074 702,1075 728,1077"/>
                <TextEquiv>
                    <Unicode>de don Florindo Ramiro,</Unicode>
                </TextEquiv>
            </TextLine>
            <TextLine id="r_1_1l22" custom="readingOrder {index:21;}">
                <Coords points="299,1127 325,1126 351,1125 377,1124 403,1123 429,1123 455,1123 481,1122 507,1122 533,1122 559,1122 585,1122 611,1123 637,1123 663,1123 689,1123 715,1123 742,1124 742,1094 715,1093 689,1093 663,1093 637,1093 611,1093 585,1092 559,1092 533,1092 507,1092 481,1092 455,1093 429,1093 403,1093 377,1094 351,1095 325,1096 299,1097"/>
                <Baseline points="299,1117 325,1116 351,1115 377,1114 403,1113 429,1113 455,1113 481,1112 507,1112 533,1112 559,1112 585,1112 611,1113 637,1113 663,1113 689,1113 715,1113 742,1114"/>
                <TextEquiv>
                    <Unicode>y que le has dado palabra. </Unicode>
                </TextEquiv>
            </TextLine>
            <TextLine id="r_1_1l23" custom="readingOrder {index:22;}">
                <Coords points="257,1165 283,1164 310,1164 336,1164 363,1164 390,1164 416,1163 443,1163 470,1163 496,1163 523,1163 550,1163 576,1163 603,1162 630,1162 656,1162 683,1163 710,1163 736,1163 763,1163 790,1164 790,1134 763,1133 736,1133 710,1133 683,1133 656,1132 630,1132 603,1132 576,1133 550,1133 523,1133 496,1133 470,1133 443,1133 416,1133 390,1134 363,1134 336,1134 310,1134 283,1134 257,1135"/>
                <Baseline points="257,1155 283,1154 310,1154 336,1154 363,1154 390,1154 416,1153 443,1153 470,1153 496,1153 523,1153 550,1153 576,1153 603,1152 630,1152 656,1152 683,1153 710,1153 736,1153 763,1153 790,1154"/>
                <TextEquiv>
                    <Unicode>ROS. Yo á don Florindo Ramiro! </Unicode>
                </TextEquiv>
            </TextLine>
            <TextLine id="r_1_1l24" custom="readingOrder {index:23;}">
                <Coords points="300,1203 328,1204 356,1204 385,1203 413,1203 441,1203 470,1206 470,1176 441,1173 413,1173 385,1173 356,1174 328,1174 300,1173"/>
                <Baseline points="300,1193 328,1194 356,1194 385,1193 413,1193 441,1193 470,1196"/>
                <TextEquiv>
                    <Unicode>nohay tal.</Unicode>
                </TextEquiv>
            </TextLine>
            <TextLine id="r_1_1l26" custom="readingOrder {index:24;}">
                <Coords points="259,1244 293,1242 327,1248 327,1218 293,1212 259,1214"/>
                <Baseline points="259,1234 293,1232 327,1238"/>
                <TextEquiv>
                    <Unicode>TIB.</Unicode>
                </TextEquiv>
            </TextLine>
            <TextLine id="r_1_1l25" custom="readingOrder {index:25;}">
                <Coords points="553,1240 578,1240 604,1241 629,1241 655,1242 681,1242 706,1242 732,1242 757,1242 783,1243 809,1243 834,1243 860,1243 886,1244 886,1214 860,1213 834,1213 809,1213 783,1213 757,1212 732,1212 706,1212 681,1212 655,1212 629,1211 604,1211 578,1210 553,1210"/>
                <Baseline points="553,1230 578,1230 604,1231 629,1231 655,1232 681,1232 706,1232 732,1232 757,1232 783,1233 809,1233 834,1233 860,1233 886,1234"/>
                <TextEquiv>
                    <Unicode>De decirme acaban</Unicode>
                </TextEquiv>
            </TextLine>
            <TextLine id="r_1_1l27" custom="readingOrder {index:26;}">
                <Coords points="297,1284 323,1283 349,1283 375,1282 401,1282 427,1282 453,1281 479,1281 505,1281 531,1281 557,1281 583,1281 609,1281 635,1281 661,1281 687,1281 713,1281 739,1282 765,1282 791,1282 791,1252 765,1252 739,1252 713,1251 687,1251 661,1251 635,1251 609,1251 583,1251 557,1251 531,1251 505,1251 479,1251 453,1251 427,1252 401,1252 375,1252 349,1253 323,1253 297,1254"/>
                <Baseline points="297,1274 323,1273 349,1273 375,1272 401,1272 427,1272 453,1271 479,1271 505,1271 531,1271 557,1271 583,1271 609,1271 635,1271 661,1271 687,1271 713,1271 739,1272 765,1272 791,1272"/>
                <TextEquiv>
                    <Unicode>que si por bien no te entrego</Unicode>
                </TextEquiv>
            </TextLine>
            <TextLine id="r_1_1l28" custom="readingOrder {index:27;}">
                <Coords points="301,1322 326,1322 352,1321 378,1320 403,1320 429,1319 455,1319 481,1319 506,1319 532,1319 558,1320 583,1320 609,1320 635,1321 661,1321 661,1291 635,1291 609,1290 583,1290 558,1290 532,1289 506,1289 481,1289 455,1289 429,1289 403,1290 378,1290 352,1291 326,1292 301,1292"/>
                <Baseline points="301,1312 326,1312 352,1311 378,1310 403,1310 429,1309 455,1309 481,1309 506,1309 532,1309 558,1310 583,1310 609,1310 635,1311 661,1311"/>
                <TextEquiv>
                    <Unicode>que te sacará de casa.</Unicode>
                </TextEquiv>
            </TextLine>
            <TextLine id="r_1_1l29" custom="readingOrder {index:28;}">
                <Coords points="259,1362 287,1362 315,1361 344,1361 372,1361 400,1361 429,1360 457,1360 485,1360 514,1359 542,1359 571,1359 599,1359 627,1359 656,1360 684,1360 712,1361 741,1362 769,1363 798,1364 798,1334 769,1333 741,1332 712,1331 684,1330 656,1330 627,1329 599,1329 571,1329 542,1329 514,1329 485,1330 457,1330 429,1330 400,1331 372,1331 344,1331 315,1331 287,1332 259,1332"/>
                <Baseline points="259,1352 287,1352 315,1351 344,1351 372,1351 400,1351 429,1350 457,1350 485,1350 514,1349 542,1349 571,1349 599,1349 627,1349 656,1350 684,1350 712,1351 741,1352 769,1353 798,1354"/>
                <TextEquiv>
                    <Unicode>ROS. Que lo digan no lo estraño,</Unicode>
                </TextEquiv>
            </TextLine>
            <TextLine id="r_1_1l30" custom="readingOrder {index:29;}">
                <Coords points="291,1401 316,1401 342,1401 367,1401 393,1400 418,1399 444,1399 469,1398 495,1398 520,1397 546,1397 571,1397 597,1397 622,1397 648,1399 674,1400 674,1370 648,1369 622,1367 597,1367 571,1367 546,1367 520,1367 495,1368 469,1368 444,1369 418,1369 393,1370 367,1371 342,1371 316,1371 291,1371"/>
                <Baseline points="291,1391 316,1391 342,1391 367,1391 393,1390 418,1389 444,1389 469,1388 495,1388 520,1387 546,1387 571,1387 597,1387 622,1387 648,1389 674,1390"/>
                <TextEquiv>
                    <Unicode>lo que si me sobresalta</Unicode>
                </TextEquiv>
            </TextLine>
            <TextLine id="r_1_1l31" custom="readingOrder {index:30;}">
                <Coords points="304,1439 329,1439 355,1439 381,1439 407,1439 432,1438 458,1438 484,1438 510,1437 536,1437 561,1437 587,1437 613,1437 639,1437 664,1438 690,1439 716,1440 742,1442 768,1444 768,1414 742,1412 716,1410 690,1409 664,1408 639,1407 613,1407 587,1407 561,1407 536,1407 510,1407 484,1408 458,1408 432,1408 407,1409 381,1409 355,1409 329,1409 304,1409"/>
                <Baseline points="304,1429 329,1429 355,1429 381,1429 407,1429 432,1428 458,1428 484,1428 510,1427 536,1427 561,1427 587,1427 613,1427 639,1427 664,1428 690,1429 716,1430 742,1432 768,1434"/>
                <TextEquiv>
                    <Unicode>es que usted lo haya creido;</Unicode>
                </TextEquiv>
            </TextLine>
            <TextLine id="r_1_1l32" custom="readingOrder {index:31;}">
                <Coords points="301,1479 327,1479 353,1479 379,1479 405,1479 431,1478 457,1478 483,1478 509,1478 535,1477 561,1477 587,1478 613,1478 639,1478 665,1480 691,1480 691,1450 665,1450 639,1448 613,1448 587,1448 561,1447 535,1447 509,1448 483,1448 457,1448 431,1448 405,1449 379,1449 353,1449 327,1449 301,1449"/>
                <Baseline points="301,1469 327,1469 353,1469 379,1469 405,1469 431,1468 457,1468 483,1468 509,1468 535,1467 561,1467 587,1468 613,1468 639,1468 665,1470 691,1470"/>
                <TextEquiv>
                    <Unicode>ap. ojalá fuera mañana! </Unicode>
                </TextEquiv>
            </TextLine>
            <TextLine id="r_1_1l33" custom="readingOrder {index:32;}">
                <Coords points="304,1520 329,1519 354,1519 379,1519 404,1518 429,1518 454,1517 479,1517 504,1517 529,1517 554,1517 579,1517 604,1518 604,1488 579,1487 554,1487 529,1487 504,1487 479,1487 454,1487 429,1488 404,1488 379,1489 354,1489 329,1489 304,1490"/>
                <Baseline points="304,1510 329,1509 354,1509 379,1509 404,1508 429,1508 454,1507 479,1507 504,1507 529,1507 554,1507 579,1507 604,1508"/>
                <TextEquiv>
                    <Unicode>y para satisfaceros</Unicode>
                </TextEquiv>
            </TextLine>
            <TextLine id="r_1_1l34" custom="readingOrder {index:33;}">
                <Coords points="298,1558 323,1558 349,1558 374,1558 400,1558 425,1557 451,1557 476,1557 502,1557 527,1557 553,1557 578,1557 604,1557 629,1558 655,1559 680,1560 706,1562 706,1532 680,1530 655,1529 629,1528 604,1527 578,1527 553,1527 527,1527 502,1527 476,1527 451,1527 425,1527 400,1528 374,1528 349,1528 323,1528 298,1528"/>
                <Baseline points="298,1548 323,1548 349,1548 374,1548 400,1548 425,1547 451,1547 476,1547 502,1547 527,1547 553,1547 578,1547 604,1547 629,1548 655,1549 680,1550 706,1552"/>
                <TextEquiv>
                    <Unicode>de una idea tan estraña,</Unicode>
                </TextEquiv>
            </TextLine>
            <TextLine id="r_1_1l35" custom="readingOrder {index:34;}">
                <Coords points="300,1597 325,1597 351,1597 377,1597 403,1596 429,1596 455,1596 481,1595 506,1595 532,1595 558,1595 584,1595 610,1596 636,1597 662,1598 662,1568 636,1567 610,1566 584,1565 558,1565 532,1565 506,1565 481,1565 455,1566 429,1566 403,1566 377,1567 351,1567 325,1567 300,1567"/>
                <Baseline points="300,1587 325,1587 351,1587 377,1587 403,1586 429,1586 455,1586 481,1585 506,1585 532,1585 558,1585 584,1585 610,1586 636,1587 662,1588"/>
                <TextEquiv>
                    <Unicode>os supli co de rodillas</Unicode>
                </TextEquiv>
            </TextLine>
            <TextLine id="r_1_1l36" custom="readingOrder {index:35;}">
                <Coords points="304,1636 329,1636 354,1636 380,1636 405,1636 430,1636 456,1636 481,1636 506,1636 532,1635 557,1635 583,1635 608,1635 633,1636 659,1636 684,1637 709,1637 735,1638 760,1639 786,1640 786,1610 760,1609 735,1608 709,1607 684,1607 659,1606 633,1606 608,1605 583,1605 557,1605 532,1605 506,1606 481,1606 456,1606 430,1606 405,1606 380,1606 354,1606 329,1606 304,1606"/>
                <Baseline points="304,1626 329,1626 354,1626 380,1626 405,1626 430,1626 456,1626 481,1626 506,1626 532,1625 557,1625 583,1625 608,1625 633,1626 659,1626 684,1627 709,1627 735,1628 760,1629 786,1630"/>
                <TextEquiv>
                    <Unicode>por mi madre, que Dios haya, </Unicode>
                </TextEquiv>
            </TextLine>
            <TextLine id="r_1_1l37" custom="readingOrder {index:36;}">
                <Coords points="300,1675 325,1675 350,1675 375,1675 400,1675 425,1675 451,1675 476,1675 501,1675 526,1675 551,1675 576,1675 602,1676 627,1676 652,1676 677,1676 702,1677 728,1677 728,1647 702,1647 677,1646 652,1646 627,1646 602,1646 576,1645 551,1645 526,1645 501,1645 476,1645 451,1645 425,1645 400,1645 375,1645 350,1645 325,1645 300,1645"/>
                <Baseline points="300,1665 325,1665 350,1665 375,1665 400,1665 425,1665 451,1665 476,1665 501,1665 526,1665 551,1665 576,1665 602,1666 627,1666 652,1666 677,1666 702,1667 728,1667"/>
                <TextEquiv>
                    <Unicode>me deis vuestra bendicion</Unicode>
                </TextEquiv>
            </TextLine>
            <TextLine id="r_1_1l38" custom="readingOrder {index:37;}">
                <Coords points="295,1719 321,1717 348,1716 375,1715 401,1715 428,1715 455,1715 482,1715 508,1715 535,1715 562,1715 588,1716 615,1716 642,1716 669,1716 669,1686 642,1686 615,1686 588,1686 562,1685 535,1685 508,1685 482,1685 455,1685 428,1685 401,1685 375,1685 348,1686 321,1687 295,1689"/>
                <Baseline points="295,1709 321,1707 348,1706 375,1705 401,1705 428,1705 455,1705 482,1705 508,1705 535,1705 562,1705 588,1706 615,1706 642,1706 669,1706"/>
                <TextEquiv>
                    <Unicode>y licencia de que vaya </Unicode>
                </TextEquiv>
            </TextLine>
            <TextLine id="r_1_1l39" custom="readingOrder {index:38;}">
                <Coords points="295,1754 321,1755 347,1755 373,1755 399,1755 425,1755 451,1755 477,1755 503,1755 529,1755 555,1755 581,1754 607,1754 633,1755 659,1755 685,1755 711,1756 711,1726 685,1725 659,1725 633,1725 607,1724 581,1724 555,1725 529,1725 503,1725 477,1725 451,1725 425,1725 399,1725 373,1725 347,1725 321,1725 295,1724"/>
                <Baseline points="295,1744 321,1745 347,1745 373,1745 399,1745 425,1745 451,1745 477,1745 503,1745 529,1745 555,1745 581,1744 607,1744 633,1745 659,1745 685,1745 711,1746"/>
                <TextEquiv>
                    <Unicode>á pedir en un convento</Unicode>
                </TextEquiv>
            </TextLine>
            <TextLine id="r_1_1l40" custom="readingOrder {index:39;}">
                <Coords points="301,1795 327,1794 353,1794 379,1794 405,1793 431,1793 458,1794 484,1794 510,1794 536,1794 562,1795 588,1795 615,1795 641,1795 667,1796 693,1796 719,1796 745,1795 772,1795 772,1765 745,1765 719,1766 693,1766 667,1766 641,1765 615,1765 588,1765 562,1765 536,1764 510,1764 484,1764 458,1764 431,1763 405,1763 379,1764 353,1764 327,1764 301,1765"/>
                <Baseline points="301,1785 327,1784 353,1784 379,1784 405,1783 431,1783 458,1784 484,1784 510,1784 536,1784 562,1785 588,1785 615,1785 641,1785 667,1786 693,1786 719,1786 745,1785 772,1785"/>
                <TextEquiv>
                    <Unicode>con humildad bien postrada</Unicode>
                </TextEquiv>
            </TextLine>
            <TextLine id="r_1_1l41" custom="readingOrder {index:40;}">
                <Coords points="299,1832 324,1832 349,1833 374,1833 399,1834 425,1834 450,1834 475,1835 500,1835 525,1835 551,1836 551,1806 525,1805 500,1805 475,1805 450,1804 425,1804 399,1804 374,1803 349,1803 324,1802 299,1802"/>
                <Baseline points="299,1822 324,1822 349,1823 374,1823 399,1824 425,1824 450,1824 475,1825 500,1825 525,1825 551,1826"/>
                <TextEquiv>
                    <Unicode>me admitan....</Unicode>
                </TextEquiv>
            </TextLine>
            <TextLine id="r_1_1l42" custom="readingOrder {index:41;}">
                <Coords points="266,1873 297,1873 328,1875 328,1845 297,1843 266,1843"/>
                <Baseline points="266,1863 297,1863 328,1865"/>
                <TextEquiv>
                    <Unicode>TIB.</Unicode>
                </TextEquiv>
            </TextLine>
            <TextLine id="r_1_1l43" custom="readingOrder {index:42;}">
                <Coords points="588,1875 613,1875 639,1875 665,1874 691,1874 717,1874 743,1874 768,1874 794,1874 820,1874 846,1874 872,1874 898,1874 924,1875 924,1845 898,1844 872,1844 846,1844 820,1844 794,1844 768,1844 743,1844 717,1844 691,1844 665,1844 639,1845 613,1845 588,1845"/>
                <Baseline points="588,1865 613,1865 639,1865 665,1864 691,1864 717,1864 743,1864 768,1864 794,1864 820,1864 846,1864 872,1864 898,1864 924,1865"/>
                <TextEquiv>
                    <Unicode>Que es lo que dices,</Unicode>
                </TextEquiv>
            </TextLine>
            <TextLine id="r_1_1l44" custom="readingOrder {index:43;}">
                <Coords points="300,1911 325,1911 350,1912 375,1912 400,1912 425,1912 450,1911 475,1911 500,1911 525,1911 550,1911 575,1912 600,1912 625,1912 650,1913 650,1883 625,1882 600,1882 575,1882 550,1881 525,1881 500,1881 475,1881 450,1881 425,1882 400,1882 375,1882 350,1882 325,1881 300,1881"/>
                <Baseline points="300,1901 325,1901 350,1902 375,1902 400,1902 425,1902 450,1901 475,1901 500,1901 525,1901 550,1901 575,1902 600,1902 625,1902 650,1903"/>
                <TextEquiv>
                    <Unicode>hija mia de mi alma?</Unicode>
                </TextEquiv>
            </TextLine>
            <TextLine id="r_1_1l45" custom="readingOrder {index:44;}">
                <Coords points="300,1950 325,1951 351,1951 376,1951 402,1951 427,1951 453,1951 478,1951 504,1951 529,1951 555,1951 580,1951 606,1951 631,1952 657,1952 682,1952 708,1953 734,1954 734,1924 708,1923 682,1922 657,1922 631,1922 606,1921 580,1921 555,1921 529,1921 504,1921 478,1921 453,1921 427,1921 402,1921 376,1921 351,1921 325,1921 300,1920"/>
                <Baseline points="300,1940 325,1941 351,1941 376,1941 402,1941 427,1941 453,1941 478,1941 504,1941 529,1941 555,1941 580,1941 606,1941 631,1942 657,1942 682,1942 708,1943 734,1944"/>
                <TextEquiv>
                    <Unicode>En tu vida puedes darme</Unicode>
                </TextEquiv>
            </TextLine>
            <TextLine id="r_1_1l46" custom="readingOrder {index:45;}">
                <Coords points="302,1990 328,1990 354,1990 381,1990 407,1990 434,1990 460,1990 487,1990 513,1991 539,1991 566,1991 592,1991 619,1992 645,1992 672,1993 672,1963 645,1962 619,1962 592,1961 566,1961 539,1961 513,1961 487,1960 460,1960 434,1960 407,1960 381,1960 354,1960 328,1960 302,1960"/>
                <Baseline points="302,1980 328,1980 354,1980 381,1980 407,1980 434,1980 460,1980 487,1980 513,1981 539,1981 566,1981 592,1981 619,1982 645,1982 672,1983"/>
                <TextEquiv>
                    <Unicode>una noticia mas grata</Unicode>
                </TextEquiv>
            </TextLine>
            <TextLine id="r_1_1l47" custom="readingOrder {index:46;}">
                <Coords points="297,2033 323,2032 349,2031 375,2030 401,2030 427,2029 453,2029 479,2029 506,2029 532,2029 558,2029 584,2030 610,2031 636,2031 662,2032 689,2033 689,2003 662,2002 636,2001 610,2001 584,2000 558,1999 532,1999 506,1999 479,1999 453,1999 427,1999 401,2000 375,2000 349,2001 323,2002 297,2003"/>
                <Baseline points="297,2023 323,2022 349,2021 375,2020 401,2020 427,2019 453,2019 479,2019 506,2019 532,2019 558,2019 584,2020 610,2021 636,2021 662,2022 689,2023"/>
                <TextEquiv>
                    <Unicode>pretendes ser agustina,</Unicode>
                </TextEquiv>
            </TextLine>
            <TextLine id="r_1_1l48" custom="readingOrder {index:47;}">
                <Coords points="302,2069 327,2069 353,2069 379,2069 405,2069 430,2069 456,2069 482,2069 508,2069 533,2069 559,2069 585,2069 611,2069 636,2070 662,2070 688,2071 714,2071 714,2041 688,2041 662,2040 636,2040 611,2039 585,2039 559,2039 533,2039 508,2039 482,2039 456,2039 430,2039 405,2039 379,2039 353,2039 327,2039 302,2039"/>
                <Baseline points="302,2059 327,2059 353,2059 379,2059 405,2059 430,2059 456,2059 482,2059 508,2059 533,2059 559,2059 585,2059 611,2059 636,2060 662,2060 688,2061 714,2061"/>
                <TextEquiv>
                    <Unicode>carmelita ó mercenaria?</Unicode>
                </TextEquiv>
            </TextLine>
            <TextLine id="r_1_1l49" custom="readingOrder {index:48;}">
                <Coords points="255,2111 280,2111 306,2111 332,2110 358,2110 384,2110 410,2109 436,2109 462,2109 488,2109 514,2108 540,2108 566,2108 592,2108 618,2109 644,2109 670,2110 696,2111 722,2112 748,2113 748,2083 722,2082 696,2081 670,2080 644,2079 618,2079 592,2078 566,2078 540,2078 514,2078 488,2079 462,2079 436,2079 410,2079 384,2080 358,2080 332,2080 306,2081 280,2081 255,2081"/>
                <Baseline points="255,2101 280,2101 306,2101 332,2100 358,2100 384,2100 410,2099 436,2099 462,2099 488,2099 514,2098 540,2098 566,2098 592,2098 618,2099 644,2099 670,2100 696,2101 722,2102 748,2103"/>
                <TextEquiv>
                    <Unicode>ROS. La Trinidad, padre mio,</Unicode>
                </TextEquiv>
            </TextLine>
            <TextLine id="r_1_1l50" custom="readingOrder {index:49;}">
                <Coords points="296,2148 321,2148 346,2148 371,2148 396,2148 421,2148 446,2148 471,2148 496,2148 521,2147 546,2147 571,2147 596,2147 621,2147 646,2148 671,2148 696,2149 721,2150 746,2151 746,2121 721,2120 696,2119 671,2118 646,2118 621,2117 596,2117 571,2117 546,2117 521,2117 496,2118 471,2118 446,2118 421,2118 396,2118 371,2118 346,2118 321,2118 296,2118"/>
                <Baseline points="296,2138 321,2138 346,2138 371,2138 396,2138 421,2138 446,2138 471,2138 496,2138 521,2137 546,2137 571,2137 596,2137 621,2137 646,2138 671,2138 696,2139 721,2140 746,2141"/>
                <TextEquiv>
                    <Unicode>es la que solo me agradra.</Unicode>
                </TextEquiv>
            </TextLine>
            <TextLine id="r_1_1l51" custom="readingOrder {index:50;}">
                <Coords points="297,2187 323,2188 349,2189 376,2189 402,2190 429,2190 455,2189 482,2189 508,2189 535,2188 561,2188 587,2188 614,2187 640,2187 667,2187 693,2188 720,2188 746,2189 773,2190 799,2191 826,2193 826,2163 799,2161 773,2160 746,2159 720,2158 693,2158 667,2157 640,2157 614,2157 587,2158 561,2158 535,2158 508,2159 482,2159 455,2159 429,2160 402,2160 376,2159 349,2159 323,2158 297,2157"/>
                <Baseline points="297,2177 323,2178 349,2179 376,2179 402,2180 429,2180 455,2179 482,2179 508,2179 535,2178 561,2178 587,2178 614,2177 640,2177 667,2177 693,2178 720,2178 746,2179 773,2180 799,2181 826,2183"/>
                <TextEquiv>
                    <Unicode>ap. y digo bien, sí: tres somos;</Unicode>
                </TextEquiv>
            </TextLine>
            <TextLine id="r_1_1l52" custom="readingOrder {index:51;}">
                <Coords points="300,2226 326,2227 352,2227 378,2228 404,2228 430,2228 456,2228 482,2228 508,2228 535,2228 561,2228 587,2228 613,2228 639,2228 665,2228 691,2228 717,2229 744,2230 744,2200 717,2199 691,2198 665,2198 639,2198 613,2198 587,2198 561,2198 535,2198 508,2198 482,2198 456,2198 430,2198 404,2198 378,2198 352,2197 326,2197 300,2196"/>
                <Baseline points="300,2216 326,2217 352,2217 378,2218 404,2218 430,2218 456,2218 482,2218 508,2218 535,2218 561,2218 587,2218 613,2218 639,2218 665,2218 691,2218 717,2219 744,2220"/>
                <TextEquiv>
                    <Unicode>mí amante, yo y la criada.</Unicode>
                </TextEquiv>
            </TextLine>
            <TextLine id="r_1_1l53" custom="readingOrder {index:52;}">
                <Coords points="269,2268 295,2268 321,2268 347,2268 373,2268 399,2268 425,2268 451,2267 477,2267 503,2267 529,2266 555,2266 581,2266 607,2266 633,2266 659,2266 685,2266 711,2267 737,2268 763,2268 789,2270 789,2240 763,2238 737,2238 711,2237 685,2236 659,2236 633,2236 607,2236 581,2236 555,2236 529,2236 503,2237 477,2237 451,2237 425,2238 399,2238 373,2238 347,2238 321,2238 295,2238 269,2238"/>
                <Baseline points="269,2258 295,2258 321,2258 347,2258 373,2258 399,2258 425,2258 451,2257 477,2257 503,2257 529,2256 555,2256 581,2256 607,2256 633,2256 659,2256 685,2256 711,2257 737,2258 763,2258 789,2260"/>
                <TextEquiv>
                    <Unicode>TIB. Pues hija vete á tu cuarto.</Unicode>
                </TextEquiv>
            </TextLine>
            <TextLine id="r_1_1l54" custom="readingOrder {index:53;}">
                <Coords points="266,2309 291,2310 317,2310 342,2310 368,2310 393,2310 419,2310 445,2309 470,2309 496,2309 521,2308 547,2308 572,2308 598,2308 624,2308 649,2307 675,2308 700,2308 726,2308 752,2308 752,2278 726,2278 700,2278 675,2278 649,2277 624,2278 598,2278 572,2278 547,2278 521,2278 496,2279 470,2279 445,2279 419,2280 393,2280 368,2280 342,2280 317,2280 291,2280 266,2279"/>
                <Baseline points="266,2299 291,2300 317,2300 342,2300 368,2300 393,2300 419,2300 445,2299 470,2299 496,2299 521,2298 547,2298 572,2298 598,2298 624,2298 649,2297 675,2298 700,2298 726,2298 752,2298"/>
                <TextEquiv>
                    <Unicode>ROS. Si señor porque me falta</Unicode>
                </TextEquiv>
            </TextLine>
            <TextEquiv>
                <Unicode>2
un don Lucas de la Raspa, 
hombre machucho, rumboso,
y muy rico; si te agrada
te casarás, y yo quedo
contento como una pascua.
Ros. Todo está muy bien;
mas si despues de casada
me fastidia el matrimonio
y considero la carga
que tengo para in eternum
de un hombre á quien no me manda
amor que sea mi marido;
quid faciendum!
TIB.
Hija ingrata! 
tu te vienes con latines
á mostrar tu repugnancia?
Ya creo lo que me han dicho,
sí, que estás enamorada
de don Florindo Ramiro,
y que le has dado palabra. 
ROS. Yo á don Florindo Ramiro! 
nohay tal.
TIB.
De decirme acaban
que si por bien no te entrego
que te sacará de casa.
ROS. Que lo digan no lo estraño,
lo que si me sobresalta
es que usted lo haya creido;
ap. ojalá fuera mañana! 
y para satisfaceros
de una idea tan estraña,
os supli co de rodillas
por mi madre, que Dios haya, 
me deis vuestra bendicion
y licencia de que vaya 
á pedir en un convento
con humildad bien postrada
me admitan....
TIB.
Que es lo que dices,
hija mia de mi alma?
En tu vida puedes darme
una noticia mas grata
pretendes ser agustina,
carmelita ó mercenaria?
ROS. La Trinidad, padre mio,
es la que solo me agradra.
ap. y digo bien, sí: tres somos;
mí amante, yo y la criada.
TIB. Pues hija vete á tu cuarto.
ROS. Si señor porque me falta</Unicode>
            </TextEquiv>
        </TextRegion>
        <TextRegion orientation="0.0" type="paragraph" id="r_2_1" custom="readingOrder {index:1;}">
            <Coords points="979,320 1684,320 1684,2310 979,2310"/>
            <TextLine id="r_2_1l1" custom="readingOrder {index:0;}">
                <Coords points="1029,366 1054,366 1079,366 1104,366 1129,366 1154,366 1179,366 1204,365 1229,365 1254,365 1279,365 1304,365 1329,365 1354,365 1379,366 1404,366 1429,366 1454,366 1479,366 1505,367 1505,337 1479,336 1454,336 1429,336 1404,336 1379,336 1354,335 1329,335 1304,335 1279,335 1254,335 1229,335 1204,335 1179,336 1154,336 1129,336 1104,336 1079,336 1054,336 1029,336"/>
                <Baseline points="1029,356 1054,356 1079,356 1104,356 1129,356 1154,356 1179,356 1204,355 1229,355 1254,355 1279,355 1304,355 1329,355 1354,355 1379,356 1404,356 1429,356 1454,356 1479,356 1505,357"/>
                <TextEquiv>
                    <Unicode>que ofrecer mis devociones.</Unicode>
                </TextEquiv>
            </TextLine>
            <TextLine id="r_2_1l2" custom="readingOrder {index:1;}">
                <Coords points="981,407 1007,407 1034,406 1061,406 1088,406 1115,405 1142,405 1168,405 1195,405 1222,405 1249,405 1276,405 1303,405 1330,405 1356,405 1383,405 1410,405 1437,405 1464,405 1491,406 1518,406 1518,376 1491,376 1464,375 1437,375 1410,375 1383,375 1356,375 1330,375 1303,375 1276,375 1249,375 1222,375 1195,375 1168,375 1142,375 1115,375 1088,376 1061,376 1034,376 1007,377 981,377"/>
                <Baseline points="981,397 1007,397 1034,396 1061,396 1088,396 1115,395 1142,395 1168,395 1195,395 1222,395 1249,395 1276,395 1303,395 1330,395 1356,395 1383,395 1410,395 1437,395 1464,395 1491,396 1518,396"/>
                <TextEquiv>
                    <Unicode>TIB. Dios te de su santa gracia.</Unicode>
                </TextEquiv>
            </TextLine>
            <TextLine id="r_2_1l3" custom="readingOrder {index:2;}">
                <Coords points="992,446 1017,446 1043,445 1068,445 1094,444 1119,444 1145,444 1170,444 1196,444 1222,444 1247,444 1273,444 1298,444 1324,444 1349,444 1375,445 1400,445 1426,445 1452,446 1452,416 1426,415 1400,415 1375,415 1349,414 1324,414 1298,414 1273,414 1247,414 1222,414 1196,414 1170,414 1145,414 1119,414 1094,414 1068,415 1043,415 1017,416 992,416"/>
                <Baseline points="992,436 1017,436 1043,435 1068,435 1094,434 1119,434 1145,434 1170,434 1196,434 1222,434 1247,434 1273,434 1298,434 1324,434 1349,434 1375,435 1400,435 1426,435 1452,436"/>
                <TextEquiv>
                    <Unicode>ROS. Dadme la mano, señor.</Unicode>
                </TextEquiv>
            </TextLine>
            <TextLine id="r_2_1l4" custom="readingOrder {index:3;}">
                <Coords points="992,486 1017,486 1043,485 1069,485 1094,484 1120,484 1146,484 1172,483 1197,483 1223,483 1249,483 1274,484 1300,484 1326,484 1352,484 1377,484 1403,485 1429,485 1455,485 1455,455 1429,455 1403,455 1377,454 1352,454 1326,454 1300,454 1274,454 1249,453 1223,453 1197,453 1172,453 1146,454 1120,454 1094,454 1069,455 1043,455 1017,456 992,456"/>
                <Baseline points="992,476 1017,476 1043,475 1069,475 1094,474 1120,474 1146,474 1172,473 1197,473 1223,473 1249,473 1274,474 1300,474 1326,474 1352,474 1377,474 1403,475 1429,475 1455,475"/>
                <TextEquiv>
                    <Unicode>TIB. Si hija, de buena gana. </Unicode>
                </TextEquiv>
            </TextLine>
            <TextLine id="r_2_1l5" custom="readingOrder {index:4;}">
                <Coords points="992,525 1019,525 1047,524 1075,524 1103,524 1131,524 1159,524 1187,524 1215,524 1243,524 1271,524 1298,524 1326,524 1354,524 1382,524 1410,524 1438,524 1466,524 1494,524 1522,524 1550,524 1550,494 1522,494 1494,494 1466,494 1438,494 1410,494 1382,494 1354,494 1326,494 1298,494 1271,494 1243,494 1215,494 1187,494 1159,494 1131,494 1103,494 1075,494 1047,494 1019,495 992,495"/>
                <Baseline points="992,515 1019,515 1047,514 1075,514 1103,514 1131,514 1159,514 1187,514 1215,514 1243,514 1271,514 1298,514 1326,514 1354,514 1382,514 1410,514 1438,514 1466,514 1494,514 1522,514 1550,514"/>
                <TextEquiv>
                    <Unicode>ROS. Ya he salido de este aprieto.</Unicode>
                </TextEquiv>
            </TextLine>
            <TextLine id="r_2_1l6" custom="readingOrder {index:5;}">
                <Coords points="993,602 1027,603 1061,603 1095,603 1129,604 1164,604 1198,604 1232,604 1266,604 1300,604 1335,604 1369,604 1403,603 1437,603 1471,603 1506,602 1540,602 1574,601 1608,601 1642,600 1677,600 1677,570 1642,570 1608,571 1574,571 1540,572 1506,572 1471,573 1437,573 1403,573 1369,574 1335,574 1300,574 1266,574 1232,574 1198,574 1164,574 1129,574 1095,573 1061,573 1027,573 993,572"/>
                <Baseline points="993,592 1027,593 1061,593 1095,593 1129,594 1164,594 1198,594 1232,594 1266,594 1300,594 1335,594 1369,594 1403,593 1437,593 1471,593 1506,592 1540,592 1574,591 1608,591 1642,590 1677,590"/>
                <TextEquiv>
                    <Unicode>Va á irse y deja caer un papel y Tiburcio</Unicode>
                </TextEquiv>
            </TextLine>
            <TextLine id="r_2_1l7" custom="readingOrder {index:6;}">
                <Coords points="1287,644 1316,643 1345,643 1374,645 1374,615 1345,613 1316,613 1287,614"/>
                <Baseline points="1287,634 1316,633 1345,633 1374,635"/>
                <TextEquiv>
                    <Unicode>lo vé.</Unicode>
                </TextEquiv>
            </TextLine>
            <TextLine id="r_2_1l8" custom="readingOrder {index:7;}">
                <Coords points="985,725 1010,724 1035,723 1061,722 1086,722 1112,721 1137,721 1163,721 1188,721 1214,721 1239,721 1264,721 1290,721 1315,721 1341,721 1366,721 1392,720 1417,720 1443,719 1443,689 1417,690 1392,690 1366,691 1341,691 1315,691 1290,691 1264,691 1239,691 1214,691 1188,691 1163,691 1137,691 1112,691 1086,692 1061,692 1035,693 1010,694 985,695"/>
                <Baseline points="985,715 1010,714 1035,713 1061,712 1086,712 1112,711 1137,711 1163,711 1188,711 1214,711 1239,711 1264,711 1290,711 1315,711 1341,711 1366,711 1392,710 1417,710 1443,709"/>
                <TextEquiv>
                    <Unicode>TIB. Rosaura vuelve, repara</Unicode>
                </TextEquiv>
            </TextLine>
            <TextLine id="r_2_1l9" custom="readingOrder {index:8;}">
                <Coords points="1035,763 1061,763 1087,763 1113,763 1139,763 1165,763 1191,762 1217,762 1243,761 1270,761 1296,760 1322,760 1348,759 1374,759 1400,759 1426,759 1452,760 1479,761 1479,731 1452,730 1426,729 1400,729 1374,729 1348,729 1322,730 1296,730 1270,731 1243,731 1217,732 1191,732 1165,733 1139,733 1113,733 1087,733 1061,733 1035,733"/>
                <Baseline points="1035,753 1061,753 1087,753 1113,753 1139,753 1165,753 1191,752 1217,752 1243,751 1270,751 1296,750 1322,750 1348,749 1374,749 1400,749 1426,749 1452,750 1479,751"/>
                <TextEquiv>
                    <Unicode>que un papel te se ha caido.</Unicode>
                </TextEquiv>
            </TextLine>
            <TextLine id="r_2_1l10" custom="readingOrder {index:9;}">
                <Coords points="1047,819 1075,820 1103,820 1131,820 1159,820 1188,820 1216,820 1244,820 1272,820 1300,819 1329,819 1357,819 1385,819 1413,818 1441,818 1470,818 1498,818 1526,818 1554,818 1582,818 1611,818 1611,787 1582,787 1554,787 1526,787 1498,787 1470,787 1441,787 1413,787 1385,788 1357,788 1329,788 1300,788 1272,789 1244,789 1216,789 1188,789 1159,789 1131,789 1103,789 1075,789 1047,788"/>
                <Baseline points="1047,809 1075,810 1103,810 1131,810 1159,810 1188,810 1216,810 1244,810 1272,810 1300,809 1329,809 1357,809 1385,809 1413,808 1441,808 1470,808 1498,808 1526,808 1554,808 1582,808 1611,808"/>
                <TextEquiv>
                    <Unicode>Vuelve ella y viendolo lo levanta.</Unicode>
                </TextEquiv>
            </TextLine>
            <TextLine id="r_2_1l11" custom="readingOrder {index:10;}">
                <Coords points="985,879 1013,879 1042,879 1070,878 1099,878 1127,878 1156,877 1184,877 1213,877 1241,877 1270,877 1298,877 1327,877 1355,877 1384,877 1412,877 1441,877 1469,877 1498,878 1526,878 1555,878 1555,848 1526,848 1498,848 1469,847 1441,847 1412,847 1384,847 1355,847 1327,847 1298,847 1270,847 1241,847 1213,847 1184,847 1156,847 1127,848 1099,848 1070,848 1042,849 1013,849 985,849"/>
                <Baseline points="985,869 1013,869 1042,869 1070,868 1099,868 1127,868 1156,867 1184,867 1213,867 1241,867 1270,867 1298,867 1327,867 1355,867 1384,867 1412,867 1441,867 1469,867 1498,868 1526,868 1555,868"/>
                <TextEquiv>
                    <Unicode>ROS. ap. Pobre de mi desdichada! </Unicode>
                </TextEquiv>
            </TextLine>
            <TextLine id="r_2_1l12" custom="readingOrder {index:11;}">
                <Coords points="988,918 1013,919 1038,919 1063,919 1088,919 1113,918 1139,918 1164,918 1189,917 1214,917 1239,917 1264,918 1290,918 1290,888 1264,888 1239,887 1214,887 1189,887 1164,888 1139,888 1113,888 1088,889 1063,889 1038,889 1013,889 988,888"/>
                <Baseline points="988,908 1013,909 1038,909 1063,909 1088,909 1113,908 1139,908 1164,908 1189,907 1214,907 1239,907 1264,908 1290,908"/>
                <TextEquiv>
                    <Unicode>TIB. Dámele acá. </Unicode>
                </TextEquiv>
            </TextLine>
            <TextLine id="r_2_1l14" custom="readingOrder {index:12;}">
                <Coords points="981,958 1008,957 1035,958 1063,960 1063,930 1035,928 1008,927 981,928"/>
                <Baseline points="981,948 1008,947 1035,948 1063,950"/>
                <TextEquiv>
                    <Unicode>ROS.</Unicode>
                </TextEquiv>
            </TextLine>
            <TextLine id="r_2_1l13" custom="readingOrder {index:13;}">
                <Coords points="1276,955 1303,956 1331,955 1358,955 1386,955 1414,956 1441,956 1469,957 1497,958 1497,927 1469,926 1441,925 1414,925 1386,924 1358,924 1331,924 1303,925 1276,924"/>
                <Baseline points="1276,945 1303,946 1331,945 1358,945 1386,945 1414,946 1441,946 1469,947 1497,948"/>
                <TextEquiv>
                    <Unicode>Padre mio....</Unicode>
                </TextEquiv>
            </TextLine>
            <TextLine id="r_2_1l15" custom="readingOrder {index:14;}">
                <Coords points="991,998 1018,997 1045,997 1072,997 1100,996 1127,996 1154,996 1182,996 1209,995 1236,995 1264,995 1291,995 1318,995 1346,995 1373,995 1400,996 1428,996 1455,996 1482,996 1510,996 1510,966 1482,966 1455,966 1428,966 1400,966 1373,965 1346,965 1318,965 1291,965 1264,965 1236,965 1209,965 1182,966 1154,966 1127,966 1100,966 1072,967 1045,967 1018,967 991,968"/>
                <Baseline points="991,988 1018,987 1045,987 1072,987 1100,986 1127,986 1154,986 1182,986 1209,985 1236,985 1264,985 1291,985 1318,985 1346,985 1373,985 1400,986 1428,986 1455,986 1482,986 1510,986"/>
                <TextEquiv>
                    <Unicode>TIB. No me seas mal mandada. </Unicode>
                </TextEquiv>
            </TextLine>
            <TextLine id="r_2_1l16" custom="readingOrder {index:15;}">
                <Coords points="984,1038 1009,1037 1034,1037 1059,1036 1084,1036 1109,1036 1134,1036 1160,1036 1185,1035 1210,1035 1235,1035 1260,1035 1285,1035 1311,1035 1336,1035 1361,1035 1386,1036 1411,1036 1436,1036 1462,1036 1462,1006 1436,1006 1411,1006 1386,1006 1361,1005 1336,1005 1311,1005 1285,1005 1260,1005 1235,1005 1210,1005 1185,1005 1160,1006 1134,1006 1109,1006 1084,1006 1059,1006 1034,1007 1009,1007 984,1008"/>
                <Baseline points="984,1028 1009,1027 1034,1027 1059,1026 1084,1026 1109,1026 1134,1026 1160,1026 1185,1025 1210,1025 1235,1025 1260,1025 1285,1025 1311,1025 1336,1025 1361,1025 1386,1026 1411,1026 1436,1026 1462,1026"/>
                <TextEquiv>
                    <Unicode>ROS. Si esto es para devanar</Unicode>
                </TextEquiv>
            </TextLine>
            <TextLine id="r_2_1l17" custom="readingOrder {index:16;}">
                <Coords points="1036,1075 1061,1076 1086,1076 1112,1076 1137,1076 1163,1076 1188,1076 1214,1075 1239,1075 1265,1076 1290,1076 1316,1077 1316,1047 1290,1046 1265,1046 1239,1045 1214,1045 1188,1046 1163,1046 1137,1046 1112,1046 1086,1046 1061,1046 1036,1045"/>
                <Baseline points="1036,1065 1061,1066 1086,1066 1112,1066 1137,1066 1163,1066 1188,1066 1214,1065 1239,1065 1265,1066 1290,1066 1316,1067"/>
                <TextEquiv>
                    <Unicode>un poco de hile.</Unicode>
                </TextEquiv>
            </TextLine>
            <TextLine id="r_2_1l19" custom="readingOrder {index:17;}">
                <Coords points="987,1116 1018,1114 1050,1117 1050,1087 1018,1084 987,1086"/>
                <Baseline points="987,1106 1018,1104 1050,1107"/>
                <TextEquiv>
                    <Unicode>TIB.</Unicode>
                </TextEquiv>
            </TextLine>
            <TextLine id="r_2_1l18" custom="readingOrder {index:18;}">
                <Coords points="1328,1111 1354,1113 1380,1114 1406,1114 1432,1113 1458,1114 1485,1116 1485,1085 1458,1083 1432,1082 1406,1083 1380,1083 1354,1082 1328,1080"/>
                <Baseline points="1328,1101 1354,1103 1380,1104 1406,1104 1432,1103 1458,1104 1485,1106"/>
                <TextEquiv>
                    <Unicode>Taimada, </Unicode>
                </TextEquiv>
            </TextLine>
            <TextLine id="r_2_1l21" custom="readingOrder {index:19;}">
                <Coords points="1027,1154 1052,1154 1078,1153 1103,1153 1129,1153 1154,1154 1180,1154 1205,1155 1231,1156 1231,1126 1205,1125 1180,1124 1154,1124 1129,1123 1103,1123 1078,1123 1052,1124 1027,1124"/>
                <Baseline points="1027,1144 1052,1144 1078,1143 1103,1143 1129,1143 1154,1144 1180,1144 1205,1145 1231,1146"/>
                <TextEquiv>
                    <Unicode>damelo aca. </Unicode>
                </TextEquiv>
            </TextLine>
            <TextLine id="r_2_1l20" custom="readingOrder {index:20;}">
                <Coords points="1471,1152 1497,1152 1523,1152 1550,1152 1576,1152 1603,1153 1629,1154 1656,1157 1656,1126 1629,1123 1603,1122 1576,1121 1550,1121 1523,1121 1497,1121 1471,1121"/>
                <Baseline points="1471,1142 1497,1142 1523,1142 1550,1142 1576,1142 1603,1143 1629,1144 1656,1147"/>
                <TextEquiv>
                    <Unicode>se lo quita.</Unicode>
                </TextEquiv>
            </TextLine>
            <TextLine id="r_2_1l22" custom="readingOrder {index:21;}">
                <Coords points="988,1196 1013,1196 1039,1195 1065,1195 1090,1195 1116,1194 1142,1194 1168,1194 1193,1194 1219,1193 1245,1193 1271,1193 1296,1193 1322,1193 1348,1193 1374,1194 1374,1164 1348,1163 1322,1163 1296,1163 1271,1163 1245,1163 1219,1163 1193,1164 1168,1164 1142,1164 1116,1164 1090,1165 1065,1165 1039,1165 1013,1166 988,1166"/>
                <Baseline points="988,1186 1013,1186 1039,1185 1065,1185 1090,1185 1116,1184 1142,1184 1168,1184 1193,1184 1219,1183 1245,1183 1271,1183 1296,1183 1322,1183 1348,1183 1374,1184"/>
                <TextEquiv>
                    <Unicode>ROS. ap. De esta hecha</Unicode>
                </TextEquiv>
            </TextLine>
            <TextLine id="r_2_1l23" custom="readingOrder {index:22;}">
                <Coords points="1029,1234 1054,1234 1079,1234 1105,1234 1130,1233 1155,1233 1181,1233 1206,1233 1231,1232 1257,1232 1282,1232 1307,1231 1333,1231 1358,1231 1383,1232 1409,1232 1434,1232 1460,1233 1460,1203 1434,1202 1409,1202 1383,1202 1358,1201 1333,1201 1307,1201 1282,1202 1257,1202 1231,1202 1206,1203 1181,1203 1155,1203 1130,1203 1105,1204 1079,1204 1054,1204 1029,1204"/>
                <Baseline points="1029,1224 1054,1224 1079,1224 1105,1224 1130,1223 1155,1223 1181,1223 1206,1223 1231,1222 1257,1222 1282,1222 1307,1221 1333,1221 1358,1221 1383,1222 1409,1222 1434,1222 1460,1223"/>
                <TextEquiv>
                    <Unicode>si no me escapo me mata.</Unicode>
                </TextEquiv>
            </TextLine>
            <TextLine id="r_2_1l24" custom="readingOrder {index:23;}">
                <Coords points="994,1275 1025,1275 1057,1274 1089,1274 1121,1273 1153,1273 1184,1272 1216,1272 1248,1272 1280,1272 1312,1271 1343,1271 1375,1271 1407,1271 1439,1271 1471,1271 1502,1272 1534,1272 1566,1272 1598,1273 1630,1273 1630,1243 1598,1243 1566,1242 1534,1242 1502,1242 1471,1241 1439,1241 1407,1241 1375,1241 1343,1241 1312,1241 1280,1242 1248,1242 1216,1242 1184,1242 1153,1243 1121,1243 1089,1244 1057,1244 1025,1245 994,1245"/>
                <Baseline points="994,1265 1025,1265 1057,1264 1089,1264 1121,1263 1153,1263 1184,1262 1216,1262 1248,1262 1280,1262 1312,1261 1343,1261 1375,1261 1407,1261 1439,1261 1471,1261 1502,1262 1534,1262 1566,1262 1598,1263 1630,1263"/>
                <TextEquiv>
                    <Unicode>TIB. Lee «Florindo, dueño, amor mio,</Unicode>
                </TextEquiv>
            </TextLine>
            <TextLine id="r_2_1l25" custom="readingOrder {index:24;}">
                <Coords points="1033,1312 1059,1312 1085,1312 1111,1312 1137,1312 1163,1312 1190,1312 1216,1312 1242,1311 1268,1311 1294,1311 1320,1311 1347,1311 1373,1310 1399,1310 1425,1310 1451,1311 1478,1311 1478,1281 1451,1281 1425,1280 1399,1280 1373,1280 1347,1281 1320,1281 1294,1281 1268,1281 1242,1281 1216,1282 1190,1282 1163,1282 1137,1282 1111,1282 1085,1282 1059,1282 1033,1282"/>
                <Baseline points="1033,1302 1059,1302 1085,1302 1111,1302 1137,1302 1163,1302 1190,1302 1216,1302 1242,1301 1268,1301 1294,1301 1320,1301 1347,1301 1373,1300 1399,1300 1425,1300 1451,1301 1478,1301"/>
                <TextEquiv>
                    <Unicode>ano te encarezco las ansias</Unicode>
                </TextEquiv>
            </TextLine>
            <TextLine id="r_2_1l26" custom="readingOrder {index:25;}">
                <Coords points="1028,1351 1053,1352 1078,1352 1103,1352 1128,1352 1153,1352 1178,1352 1203,1351 1228,1351 1253,1351 1278,1350 1303,1350 1328,1350 1353,1350 1378,1350 1403,1350 1428,1350 1454,1350 1454,1320 1428,1320 1403,1320 1378,1320 1353,1320 1328,1320 1303,1320 1278,1320 1253,1321 1228,1321 1203,1321 1178,1322 1153,1322 1128,1322 1103,1322 1078,1322 1053,1322 1028,1321"/>
                <Baseline points="1028,1341 1053,1342 1078,1342 1103,1342 1128,1342 1153,1342 1178,1342 1203,1341 1228,1341 1253,1341 1278,1340 1303,1340 1328,1340 1353,1340 1378,1340 1403,1340 1428,1340 1454,1340"/>
                <TextEquiv>
                    <Unicode>¿y el continuo sobresalto</Unicode>
                </TextEquiv>
            </TextLine>
            <TextLine id="r_2_1l27" custom="readingOrder {index:26;}">
                <Coords points="1028,1391 1053,1391 1078,1391 1103,1391 1128,1391 1153,1391 1179,1390 1204,1390 1229,1390 1254,1389 1279,1389 1304,1389 1330,1389 1355,1389 1380,1389 1405,1390 1430,1391 1456,1392 1456,1362 1430,1361 1405,1360 1380,1359 1355,1359 1330,1359 1304,1359 1279,1359 1254,1359 1229,1360 1204,1360 1179,1360 1153,1361 1128,1361 1103,1361 1078,1361 1053,1361 1028,1361"/>
                <Baseline points="1028,1381 1053,1381 1078,1381 1103,1381 1128,1381 1153,1381 1179,1380 1204,1380 1229,1380 1254,1379 1279,1379 1304,1379 1330,1379 1355,1379 1380,1379 1405,1380 1430,1381 1456,1382"/>
                <TextEquiv>
                    <Unicode>ade que me miro cercada,</Unicode>
                </TextEquiv>
            </TextLine>
            <TextLine id="r_2_1l28" custom="readingOrder {index:27;}">
                <Coords points="1029,1431 1054,1431 1079,1431 1105,1431 1130,1431 1156,1431 1181,1431 1207,1430 1232,1430 1257,1430 1283,1429 1308,1429 1334,1429 1359,1429 1385,1429 1410,1430 1436,1431 1436,1401 1410,1400 1385,1399 1359,1399 1334,1399 1308,1399 1283,1399 1257,1400 1232,1400 1207,1400 1181,1401 1156,1401 1130,1401 1105,1401 1079,1401 1054,1401 1029,1401"/>
                <Baseline points="1029,1421 1054,1421 1079,1421 1105,1421 1130,1421 1156,1421 1181,1421 1207,1420 1232,1420 1257,1420 1283,1419 1308,1419 1334,1419 1359,1419 1385,1419 1410,1420 1436,1421"/>
                <TextEquiv>
                    <Unicode>asácame de esta prision,</Unicode>
                </TextEquiv>
            </TextLine>
            <TextLine id="r_2_1l29" custom="readingOrder {index:28;}">
                <Coords points="1035,1472 1060,1472 1086,1471 1112,1471 1137,1471 1163,1470 1189,1470 1215,1470 1240,1469 1266,1469 1292,1469 1317,1469 1343,1469 1369,1469 1395,1469 1420,1469 1446,1470 1472,1471 1498,1471 1498,1441 1472,1441 1446,1440 1420,1439 1395,1439 1369,1439 1343,1439 1317,1439 1292,1439 1266,1439 1240,1439 1215,1440 1189,1440 1163,1440 1137,1441 1112,1441 1086,1441 1060,1442 1035,1442"/>
                <Baseline points="1035,1462 1060,1462 1086,1461 1112,1461 1137,1461 1163,1460 1189,1460 1215,1460 1240,1459 1266,1459 1292,1459 1317,1459 1343,1459 1369,1459 1395,1459 1420,1459 1446,1460 1472,1461 1498,1461"/>
                <TextEquiv>
                    <Unicode>qpues mi padre me maltrata;</Unicode>
                </TextEquiv>
            </TextLine>
            <TextLine id="r_2_1l30" custom="readingOrder {index:29;}">
                <Coords points="1029,1510 1054,1510 1079,1511 1105,1511 1130,1511 1156,1511 1181,1511 1207,1510 1232,1510 1257,1509 1283,1509 1308,1509 1334,1508 1359,1508 1385,1508 1410,1508 1436,1508 1436,1478 1410,1478 1385,1478 1359,1478 1334,1478 1308,1479 1283,1479 1257,1479 1232,1480 1207,1480 1181,1481 1156,1481 1130,1481 1105,1481 1079,1481 1054,1480 1029,1480"/>
                <Baseline points="1029,1500 1054,1500 1079,1501 1105,1501 1130,1501 1156,1501 1181,1501 1207,1500 1232,1500 1257,1499 1283,1499 1308,1499 1334,1498 1359,1498 1385,1498 1410,1498 1436,1498"/>
                <TextEquiv>
                    <Unicode>¿tuya soy, seré y he sido</Unicode>
                </TextEquiv>
            </TextLine>
            <TextLine id="r_2_1l31" custom="readingOrder {index:30;}">
                <Coords points="1033,1549 1059,1550 1085,1550 1111,1549 1137,1549 1163,1549 1190,1549 1216,1549 1242,1548 1268,1548 1294,1548 1320,1548 1347,1547 1373,1547 1399,1547 1425,1547 1451,1548 1478,1548 1478,1518 1451,1518 1425,1517 1399,1517 1373,1517 1347,1517 1320,1518 1294,1518 1268,1518 1242,1518 1216,1519 1190,1519 1163,1519 1137,1519 1111,1519 1085,1520 1059,1520 1033,1519"/>
                <Baseline points="1033,1539 1059,1540 1085,1540 1111,1539 1137,1539 1163,1539 1190,1539 1216,1539 1242,1538 1268,1538 1294,1538 1320,1538 1347,1537 1373,1537 1399,1537 1425,1537 1451,1538 1478,1538"/>
                <TextEquiv>
                    <Unicode>«hasta la muerte, Rosaura.»</Unicode>
                </TextEquiv>
            </TextLine>
            <TextLine id="r_2_1l32" custom="readingOrder {index:31;}">
                <Coords points="1029,1592 1055,1592 1081,1590 1107,1590 1133,1589 1159,1589 1186,1588 1212,1588 1238,1588 1264,1588 1290,1588 1317,1587 1343,1587 1369,1587 1395,1587 1421,1588 1448,1588 1448,1558 1421,1558 1395,1557 1369,1557 1343,1557 1317,1557 1290,1558 1264,1558 1238,1558 1212,1558 1186,1558 1159,1559 1133,1559 1107,1560 1081,1560 1055,1562 1029,1562"/>
                <Baseline points="1029,1582 1055,1582 1081,1580 1107,1580 1133,1579 1159,1579 1186,1578 1212,1578 1238,1578 1264,1578 1290,1578 1317,1577 1343,1577 1369,1577 1395,1577 1421,1578 1448,1578"/>
                <TextEquiv>
                    <Unicode>¿Estas eran las completas</Unicode>
                </TextEquiv>
            </TextLine>
            <TextLine id="r_2_1l33" custom="readingOrder {index:32;}">
                <Coords points="1031,1628 1056,1629 1081,1630 1106,1630 1131,1630 1156,1629 1181,1629 1206,1628 1231,1628 1256,1628 1281,1627 1306,1627 1331,1626 1356,1626 1381,1626 1406,1627 1431,1628 1431,1598 1406,1597 1381,1596 1356,1596 1331,1596 1306,1597 1281,1597 1256,1598 1231,1598 1206,1598 1181,1599 1156,1599 1131,1600 1106,1600 1081,1600 1056,1599 1031,1598"/>
                <Baseline points="1031,1618 1056,1619 1081,1620 1106,1620 1131,1620 1156,1619 1181,1619 1206,1618 1231,1618 1256,1618 1281,1617 1306,1617 1331,1616 1356,1616 1381,1616 1406,1617 1431,1618"/>
                <TextEquiv>
                    <Unicode>y maitines que rezabas?</Unicode>
                </TextEquiv>
            </TextLine>
            <TextLine id="r_2_1l34" custom="readingOrder {index:33;}">
                <Coords points="1033,1670 1059,1670 1085,1669 1111,1669 1138,1669 1164,1668 1190,1668 1217,1667 1243,1667 1269,1666 1295,1666 1322,1666 1348,1666 1374,1666 1401,1666 1427,1667 1453,1667 1480,1669 1480,1639 1453,1637 1427,1637 1401,1636 1374,1636 1348,1636 1322,1636 1295,1636 1269,1636 1243,1637 1217,1637 1190,1638 1164,1638 1138,1639 1111,1639 1085,1639 1059,1640 1033,1640"/>
                <Baseline points="1033,1660 1059,1660 1085,1659 1111,1659 1138,1659 1164,1658 1190,1658 1217,1657 1243,1657 1269,1656 1295,1656 1322,1656 1348,1656 1374,1656 1401,1656 1427,1657 1453,1657 1480,1659"/>
                <TextEquiv>
                    <Unicode>Yo te pondré luego el velo,</Unicode>
                </TextEquiv>
            </TextLine>
            <TextLine id="r_2_1l35" custom="readingOrder {index:34;}">
                <Coords points="1023,1710 1048,1710 1074,1709 1100,1709 1126,1708 1151,1708 1177,1708 1203,1707 1229,1707 1254,1707 1280,1707 1306,1707 1332,1706 1357,1706 1383,1706 1409,1707 1435,1707 1435,1677 1409,1677 1383,1676 1357,1676 1332,1676 1306,1677 1280,1677 1254,1677 1229,1677 1203,1677 1177,1678 1151,1678 1126,1678 1100,1679 1074,1679 1048,1680 1023,1680"/>
                <Baseline points="1023,1700 1048,1700 1074,1699 1100,1699 1126,1698 1151,1698 1177,1698 1203,1697 1229,1697 1254,1697 1280,1697 1306,1697 1332,1696 1357,1696 1383,1696 1409,1697 1435,1697"/>
                <TextEquiv>
                    <Unicode>mas será con una tranca.</Unicode>
                </TextEquiv>
            </TextLine>
            <TextLine id="r_2_1l36" custom="readingOrder {index:35;}">
                <Coords points="990,1750 1015,1750 1040,1750 1065,1749 1091,1749 1116,1749 1141,1749 1167,1748 1192,1747 1217,1747 1243,1747 1268,1747 1293,1746 1318,1746 1344,1746 1369,1746 1394,1746 1420,1746 1445,1746 1470,1747 1496,1748 1496,1718 1470,1717 1445,1716 1420,1716 1394,1716 1369,1716 1344,1716 1318,1716 1293,1716 1268,1717 1243,1717 1217,1717 1192,1717 1167,1718 1141,1719 1116,1719 1091,1719 1065,1719 1040,1720 1015,1720 990,1720"/>
                <Baseline points="990,1740 1015,1740 1040,1740 1065,1739 1091,1739 1116,1739 1141,1739 1167,1738 1192,1737 1217,1737 1243,1737 1268,1737 1293,1736 1318,1736 1344,1736 1369,1736 1394,1736 1420,1736 1445,1736 1470,1737 1496,1738"/>
                <TextEquiv>
                    <Unicode>ROS. Padre mio, mire usted....</Unicode>
                </TextEquiv>
            </TextLine>
            <TextLine id="r_2_1l37" custom="readingOrder {index:36;}">
                <Coords points="1024,1789 1049,1788 1074,1788 1100,1787 1125,1787 1150,1787 1176,1786 1201,1786 1227,1786 1252,1786 1277,1786 1303,1786 1328,1786 1354,1786 1379,1786 1404,1786 1430,1786 1455,1786 1481,1785 1481,1755 1455,1756 1430,1756 1404,1756 1379,1756 1354,1756 1328,1756 1303,1756 1277,1756 1252,1756 1227,1756 1201,1756 1176,1756 1150,1757 1125,1757 1100,1757 1074,1758 1049,1758 1024,1759"/>
                <Baseline points="1024,1779 1049,1778 1074,1778 1100,1777 1125,1777 1150,1777 1176,1776 1201,1776 1227,1776 1252,1776 1277,1776 1303,1776 1328,1776 1354,1776 1379,1776 1404,1776 1430,1776 1455,1776 1481,1775"/>
                <TextEquiv>
                    <Unicode>si yo lo escribí por chanza. </Unicode>
                </TextEquiv>
            </TextLine>
            <TextLine id="r_2_1l38" custom="readingOrder {index:37;}">
                <Coords points="984,1828 1010,1829 1036,1829 1062,1829 1088,1829 1114,1829 1140,1828 1166,1828 1192,1827 1218,1826 1244,1826 1270,1825 1296,1825 1322,1824 1348,1824 1374,1824 1400,1824 1426,1825 1452,1825 1478,1827 1478,1797 1452,1795 1426,1795 1400,1794 1374,1794 1348,1794 1322,1794 1296,1795 1270,1795 1244,1796 1218,1796 1192,1797 1166,1798 1140,1798 1114,1799 1088,1799 1062,1799 1036,1799 1010,1799 984,1798"/>
                <Baseline points="984,1818 1010,1819 1036,1819 1062,1819 1088,1819 1114,1819 1140,1818 1166,1818 1192,1817 1218,1816 1244,1816 1270,1815 1296,1815 1322,1814 1348,1814 1374,1814 1400,1814 1426,1815 1452,1815 1478,1817"/>
                <TextEquiv>
                    <Unicode>TIB. Quitate de mi presencia,</Unicode>
                </TextEquiv>
            </TextLine>
            <TextLine id="r_2_1l39" custom="readingOrder {index:38;}">
                <Coords points="1026,1869 1051,1869 1077,1869 1103,1868 1128,1868 1154,1867 1180,1867 1205,1866 1231,1866 1257,1865 1282,1864 1308,1864 1334,1864 1359,1864 1385,1864 1411,1864 1436,1864 1462,1865 1488,1866 1514,1866 1514,1836 1488,1836 1462,1835 1436,1834 1411,1834 1385,1834 1359,1834 1334,1834 1308,1834 1282,1834 1257,1835 1231,1836 1205,1836 1180,1837 1154,1837 1128,1838 1103,1838 1077,1839 1051,1839 1026,1839"/>
                <Baseline points="1026,1859 1051,1859 1077,1859 1103,1858 1128,1858 1154,1857 1180,1857 1205,1856 1231,1856 1257,1855 1282,1854 1308,1854 1334,1854 1359,1854 1385,1854 1411,1854 1436,1854 1462,1855 1488,1856 1514,1856"/>
                <TextEquiv>
                    <Unicode>serpiente con forma humána. </Unicode>
                </TextEquiv>
            </TextLine>
            <TextLine id="r_2_1l40" custom="readingOrder {index:39;}">
                <Coords points="1120,1946 1145,1946 1170,1946 1195,1946 1220,1946 1246,1945 1271,1945 1296,1945 1321,1944 1347,1944 1372,1944 1397,1944 1422,1943 1448,1943 1473,1943 1498,1944 1523,1944 1549,1944 1549,1913 1523,1913 1498,1913 1473,1912 1448,1912 1422,1912 1397,1913 1372,1913 1347,1913 1321,1913 1296,1914 1271,1914 1246,1914 1220,1915 1195,1915 1170,1915 1145,1915 1120,1915"/>
                <Baseline points="1120,1936 1145,1936 1170,1936 1195,1936 1220,1936 1246,1935 1271,1935 1296,1935 1321,1934 1347,1934 1372,1934 1397,1934 1422,1933 1448,1933 1473,1933 1498,1934 1523,1934 1549,1934"/>
                <TextEquiv>
                    <Unicode>Vase ella por la izquierda.</Unicode>
                </TextEquiv>
            </TextLine>
            <TextLine id="r_2_1l41" custom="readingOrder {index:40;}">
                <Coords points="1035,2029 1060,2028 1085,2027 1111,2026 1136,2025 1161,2025 1187,2024 1212,2024 1237,2023 1263,2023 1288,2023 1314,2023 1339,2022 1364,2022 1390,2022 1415,2022 1440,2022 1466,2022 1491,2022 1517,2021 1517,1991 1491,1992 1466,1992 1440,1992 1415,1992 1390,1992 1364,1992 1339,1992 1314,1993 1288,1993 1263,1993 1237,1993 1212,1994 1187,1994 1161,1995 1136,1995 1111,1996 1085,1997 1060,1998 1035,1999"/>
                <Baseline points="1035,2019 1060,2018 1085,2017 1111,2016 1136,2015 1161,2015 1187,2014 1212,2014 1237,2013 1263,2013 1288,2013 1314,2013 1339,2012 1364,2012 1390,2012 1415,2012 1440,2012 1466,2012 1491,2012 1517,2011"/>
                <TextEquiv>
                    <Unicode>Que bien dijo aquel que dijo</Unicode>
                </TextEquiv>
            </TextLine>
            <TextLine id="r_2_1l42" custom="readingOrder {index:41;}">
                <Coords points="1039,2065 1065,2065 1091,2065 1118,2064 1144,2064 1170,2064 1197,2063 1223,2063 1250,2062 1276,2062 1302,2061 1329,2061 1355,2061 1381,2061 1408,2061 1434,2061 1461,2061 1461,2031 1434,2031 1408,2031 1381,2031 1355,2031 1329,2031 1302,2031 1276,2032 1250,2032 1223,2033 1197,2033 1170,2034 1144,2034 1118,2034 1091,2035 1065,2035 1039,2035"/>
                <Baseline points="1039,2055 1065,2055 1091,2055 1118,2054 1144,2054 1170,2054 1197,2053 1223,2053 1250,2052 1276,2052 1302,2051 1329,2051 1355,2051 1381,2051 1408,2051 1434,2051 1461,2051"/>
                <TextEquiv>
                    <Unicode>que era la cosa mas mala</Unicode>
                </TextEquiv>
            </TextLine>
            <TextLine id="r_2_1l43" custom="readingOrder {index:42;}">
                <Coords points="1031,2104 1056,2104 1081,2104 1107,2104 1132,2104 1157,2104 1183,2103 1208,2103 1233,2102 1259,2102 1284,2102 1309,2101 1335,2101 1360,2101 1385,2101 1411,2101 1436,2101 1461,2101 1487,2102 1512,2102 1538,2103 1538,2073 1512,2072 1487,2072 1461,2071 1436,2071 1411,2071 1385,2071 1360,2071 1335,2071 1309,2071 1284,2072 1259,2072 1233,2072 1208,2073 1183,2073 1157,2074 1132,2074 1107,2074 1081,2074 1056,2074 1031,2074"/>
                <Baseline points="1031,2094 1056,2094 1081,2094 1107,2094 1132,2094 1157,2094 1183,2093 1208,2093 1233,2092 1259,2092 1284,2092 1309,2091 1335,2091 1360,2091 1385,2091 1411,2091 1436,2091 1461,2091 1487,2092 1512,2092 1538,2093"/>
                <TextEquiv>
                    <Unicode>de cuantas contiene el mundo,</Unicode>
                </TextEquiv>
            </TextLine>
            <TextLine id="r_2_1l44" custom="readingOrder {index:43;}">
                <Coords points="1030,2145 1055,2145 1081,2145 1106,2145 1132,2145 1158,2144 1183,2144 1209,2144 1235,2143 1260,2143 1286,2142 1311,2142 1337,2141 1363,2141 1388,2140 1414,2140 1440,2140 1440,2110 1414,2110 1388,2110 1363,2111 1337,2111 1311,2112 1286,2112 1260,2113 1235,2113 1209,2114 1183,2114 1158,2114 1132,2115 1106,2115 1081,2115 1055,2115 1030,2115"/>
                <Baseline points="1030,2135 1055,2135 1081,2135 1106,2135 1132,2135 1158,2134 1183,2134 1209,2134 1235,2133 1260,2133 1286,2132 1311,2132 1337,2131 1363,2131 1388,2130 1414,2130 1440,2130"/>
                <TextEquiv>
                    <Unicode>una muger despechada! </Unicode>
                </TextEquiv>
            </TextLine>
            <TextLine id="r_2_1l45" custom="readingOrder {index:44;}">
                <Coords points="1022,2222 1054,2222 1087,2222 1120,2222 1153,2222 1186,2222 1219,2221 1252,2221 1285,2221 1318,2221 1351,2220 1383,2220 1416,2220 1449,2219 1482,2219 1515,2219 1548,2219 1581,2219 1614,2219 1647,2219 1680,2219 1680,2189 1647,2189 1614,2189 1581,2189 1548,2189 1515,2189 1482,2189 1449,2189 1416,2190 1383,2190 1351,2190 1318,2191 1285,2191 1252,2191 1219,2191 1186,2192 1153,2192 1120,2192 1087,2192 1054,2192 1022,2192"/>
                <Baseline points="1022,2212 1054,2212 1087,2212 1120,2212 1153,2212 1186,2212 1219,2211 1252,2211 1285,2211 1318,2211 1351,2210 1383,2210 1416,2210 1449,2209 1482,2209 1515,2209 1548,2209 1581,2209 1614,2209 1647,2209 1680,2209"/>
                <TextEquiv>
                    <Unicode>Ha salido por la derecha, vestido de pi-</Unicode>
                </TextEquiv>
            </TextLine>
            <TextLine id="r_2_1l46" custom="readingOrder {index:45;}">
                <Coords points="988,2262 1022,2262 1056,2262 1091,2262 1125,2262 1160,2262 1194,2261 1228,2261 1263,2261 1297,2261 1332,2260 1366,2260 1400,2260 1435,2259 1469,2259 1504,2259 1538,2259 1572,2259 1607,2259 1641,2259 1676,2259 1676,2229 1641,2229 1607,2229 1572,2229 1538,2229 1504,2229 1469,2229 1435,2229 1400,2230 1366,2230 1332,2230 1297,2231 1263,2231 1228,2231 1194,2231 1160,2232 1125,2232 1091,2232 1056,2232 1022,2232 988,2232"/>
                <Baseline points="988,2252 1022,2252 1056,2252 1091,2252 1125,2252 1160,2252 1194,2251 1228,2251 1263,2251 1297,2251 1332,2250 1366,2250 1400,2250 1435,2249 1469,2249 1504,2249 1538,2249 1572,2249 1607,2249 1641,2249 1676,2249"/>
                <TextEquiv>
                    <Unicode>llastre Cachumeno con un papel en ta ma-</Unicode>
                </TextEquiv>
            </TextLine>
            <TextLine id="r_2_1l47" custom="readingOrder {index:46;}">
                <Coords points="996,2303 1030,2303 1064,2303 1098,2303 1132,2303 1166,2303 1200,2302 1234,2302 1268,2302 1302,2301 1336,2301 1370,2300 1404,2300 1438,2300 1472,2299 1506,2299 1540,2299 1574,2299 1608,2299 1642,2300 1676,2300 1676,2270 1642,2270 1608,2269 1574,2269 1540,2269 1506,2269 1472,2269 1438,2270 1404,2270 1370,2270 1336,2271 1302,2271 1268,2272 1234,2272 1200,2272 1166,2273 1132,2273 1098,2273 1064,2273 1030,2273 996,2273"/>
                <Baseline points="996,2293 1030,2293 1064,2293 1098,2293 1132,2293 1166,2293 1200,2292 1234,2292 1268,2292 1302,2291 1336,2291 1370,2290 1404,2290 1438,2290 1472,2289 1506,2289 1540,2289 1574,2289 1608,2289 1642,2290 1676,2290"/>
                <TextEquiv>
                    <Unicode>no, y al ver á Tiburcio lo guarda en el seno</Unicode>
                </TextEquiv>
            </TextLine>
            <TextEquiv>
                <Unicode>que ofrecer mis devociones.
TIB. Dios te de su santa gracia.
ROS. Dadme la mano, señor.
TIB. Si hija, de buena gana. 
ROS. Ya he salido de este aprieto.
Va á irse y deja caer un papel y Tiburcio
lo vé.
TIB. Rosaura vuelve, repara
que un papel te se ha caido.
Vuelve ella y viendolo lo levanta.
ROS. ap. Pobre de mi desdichada! 
TIB. Dámele acá. 
ROS.
Padre mio....
TIB. No me seas mal mandada. 
ROS. Si esto es para devanar
un poco de hile.
TIB.
Taimada, 
damelo aca. 
se lo quita.
ROS. ap. De esta hecha
si no me escapo me mata.
TIB. Lee «Florindo, dueño, amor mio,
ano te encarezco las ansias
¿y el continuo sobresalto
ade que me miro cercada,
asácame de esta prision,
qpues mi padre me maltrata;
¿tuya soy, seré y he sido
«hasta la muerte, Rosaura.»
¿Estas eran las completas
y maitines que rezabas?
Yo te pondré luego el velo,
mas será con una tranca.
ROS. Padre mio, mire usted....
si yo lo escribí por chanza. 
TIB. Quitate de mi presencia,
serpiente con forma humána. 
Vase ella por la izquierda.
Que bien dijo aquel que dijo
que era la cosa mas mala
de cuantas contiene el mundo,
una muger despechada! 
Ha salido por la derecha, vestido de pi-
llastre Cachumeno con un papel en ta ma-
no, y al ver á Tiburcio lo guarda en el seno</Unicode>
            </TextEquiv>
        </TextRegion>
    </Page>
</PcGts>
