1737 2508
1550 265 1571 317 5
230 315 751 350 FAB Pues lo primero ha de ser
264 355 718 391 traerte sombrero y casaca,
267 392 651 428 y darte alguna leccion.
232 433 665 468 PANC. Alicióname tu, vaya.
221 472 758 510 FAB. Espérate un breve instante,
272 513 594 546 y te vestiré de gala.
765 518 849 550 vase.
230 553 772 587 PANC. Ya encontré yo mi fortuna.
272 591 766 629 Mire usted, quien tal pensara,
270 631 662 667 trece cuartos, pan y pre,
266 667 657 707 y juntamente la cama?
261 710 635 746 sin duda es esto mejor
261 751 750 787 que guardar machos y cabras.
223 828 910 867 Sale Fabricio con el vestido de soldado,
232 869 907 906 sombrero y fusil: ejecutan lo que dicen los
504 909 633 944 versos.
224 987 732 1022 FAB. Ya tienes aqui el vestido:
263 1026 628 1062 vaya fuera esajergaza.
224 1066 779 1102 PANC. Con que me quito mi ropa?
223 1105 750 1140 FAB. Si, y ponte aquesta casaca.
219 1144 772 1179 PANC. Y estopor donde se mete?
227 1184 710 1218 FAB. No miras aquí la manga?
222 1223 724 1259 PANC. Ya la veo, ten paciencia.
218 1263 764 1298 FAB. Que miras? en que te paras?
227 1302 780 1339 PANC. En que soy medio soldado,
267 1342 705 1376 pues me das media casaca.
224 1381 742 1417 FAB. Aqui tienes la otra media.
257 1420 689 1458 mete ese brazo despacha.
223 1460 735 1498 PANC. El brazo ya está metido,
262 1499 698 1537 pero esta postura es mala.
215 1538 737 1576 FAB. Borrico, baja esos brazos.
222 1579 696 1613 PAN. Se puede con la casaca?
217 1619 744 1652 FAB. No se ha de poder, salvaje?
218 1657 788 1694 PANC. No te enfades, ten cachaza.
224 1697 720 1732 FAB. Aqui tienes el sombrero.
219 1737 709 1772 PAN. Y de tres picaros! anda.
219 1777 643 1812 FAB. Ahora toma el fusíl.
217 1815 764 1851 PAC. Muy buen provecho te haga.
220 1853 611 1888 FB. Este del soldado es
253 1892 684 1931 compañero en la campaña,
209 1932 778 1969 PAC. Y cómo has dicho, Fabricio,
254 1972 768 2010 que este instrumento se llama?
209 2012 418 2047 FR. El fusil.
216 2054 288 2084 PAC.
522 2055 812 2091 Y aquesto, amigo,
252 2092 514 2126 tieno nombre?
220 2132 230 2162 F.
485 2135 667 2168 La culata.
219 2171 591 2206 PAC. Y aquesto que es?
215 2210 235 2242 F.
627 2216 779 2250 La llave;
211 2250 707 2288 PAC. Será para habrir la casa.
1003 322 1393 356 Y este hierrecito aquí?
957 363 1418 399 FAB. El disparador se llama.
957 402 1266 435 PANC. Y este largo?
952 439 1020 473 FAB.
1278 445 1464 479 La baqueta.
953 481 1448 517 PAC. Y estas cositas doradas?
960 521 1403 556 FAB. Esas son abrazaderas.
952 561 1513 596 PANC. Válgame Dios, que cosazas!
993 599 1239 632 Y esto gordo?.
957 640 1031 672 FAB.
1180 640 1396 674 Es el cañon.
958 679 1396 717 PANC. Abrazaderas, culata,
994 717 1344 753 baqueta, disparador.
993 758 1396 793 la llave de abrir la casa,
994 795 1412 833 y á mas á mas un cañon.
996 836 1420 871 Y el fusil, donde se halla?
953 877 1456 913 FAB. Esas piezas lo componen:
996 915 1412 951 hombre no seas machaca;
991 955 1354 988 tú le has de tener asi,
991 992 1444 1033 y has de cuidar de la casa,
992 1034 1434 1070 de modo que nadie llegue,
988 1074 1469 1112 ni se acerque con cien varas,
995 1111 1406 1147 y si acaso cumples bien
989 1152 1416 1188 te daré sinque haya falta,
1000 1191 1404 1225 tu racion de pan, é irás
983 1231 1432 1267 al rancho á llenar la panza.
948 1271 1532 1308 PANC. Oyes, Fabricio, y el rancho,
985 1309 1468 1345 es tambien persona humana?
948 1349 1474 1384 FAB. Es donde se come, bruto.
953 1389 1518 1426 PANC. Pues llévame allá, despacha.
949 1428 1488 1464 FAB. Luego iremos: ahora, mira,
995 1468 1474 1506 ponte aqui con buena planta,
991 1505 1411 1540 y hazte cuenta que soy yo
987 1545 1394 1580 otro que por aquí pasa.
950 1585 1463 1622 PANC. Pero si tú eres Fabricio.
951 1624 1594 1665 FAB. Has que ignoras quien soy, vaya.
951 1665 1456 1699 PANC. Pero si yo sé quien eres.
1068 1743 1513 1780 Le dá el fusil y le planta.
949 1820 1436 1857 FAB. Importa que asi lo hagas:
984 1859 1446 1896 diras, quien vive tres veces,
991 1897 1440 1935 y sino hablo, sin tardanza
982 1937 1480 1975 me has de presentar la boca.
947 1978 1494 2017 PANC. Lo haré yo de buena gana.
1144 2061 1384 2095 Echa á andar.
941 2137 1471 2172 FAB. Vamos pues: á donde vas?
944 2177 1552 2214 PANC. Pues no me has dicho vaya?
943 2217 1484 2250 FAB. Quiero decir que preguntes.
943 2257 1532 2293 PANC. Es verdad, no me acordaba.
