<?xml version="1.0" encoding="UTF-8" standalone="yes"?>
<PcGts xmlns="http://schema.primaresearch.org/PAGE/gts/pagecontent/2013-07-15" xmlns:xsi="http://www.w3.org/2001/XMLSchema-instance" xsi:schemaLocation="http://schema.primaresearch.org/PAGE/gts/pagecontent/2013-07-15 http://schema.primaresearch.org/PAGE/gts/pagecontent/2013-07-15/pagecontent.xsd">
    <Metadata>
        <Creator>prov=University of Rostock/Institute of Mathematics/CITlab|PLANET AI GmbH/Gundram Leifert/gundram.leifert@planet-ai.de:name=Pliegos de Cordel (XIXe) - v4(htr_id=27283)::::v=2.6.7
prov=University of Rostock/Institute of Mathematics/CITlab|PLANET AI GmbH/Tobias Gruening/tobias.gruening@planet-ai.de:name=de.uros.citlab.module.baseline2polygon.B2PSeamMultiOriented:v=2.6.7
prov=University of Rostock/Institute of Mathematics/CITlab|PLANET AI GmbH/Tobias Gruening/tobias.gruening@planet-ai.de:name=/net_tf/LA73_249_0mod360.pb:de.uros.citlab.segmentation.CITlab_LA_ML:v=2.6.7
Transkribus</Creator>
        <Created>2020-12-01T16:27:47.837+01:00</Created>
        <LastChange>2020-12-14T16:46:17.427+01:00</LastChange>
        <Comments>
                Measurement unit: pixel
                PrimaryLanguage: 
                Producer: Transkribus
            </Comments>
        <TranskribusMetadata docId="525386" pageId="22318546" pageNr="76" tsid="50307890" status="DONE" userId="66244" imgUrl="https://files.transkribus.eu/Get?id=JSJCZOSUXFYRCYHGQCBWMBPY&amp;fileType=view" xmlUrl="https://files.transkribus.eu/Get?id=YAKKZZGYIYDORZMHFMNHMHUY" imageId="17388061"/>
    </Metadata>
    <Page imageFilename="Moreno_192_4.jpg" imageWidth="1765" imageHeight="2512">
        <PrintSpace>
            <Coords points="1,0 1765,0 1765,2512 1,2512"/>
        </PrintSpace>
        <ReadingOrder>
            <OrderedGroup id="ro_1607963861387" caption="Regions reading order">
                <RegionRefIndexed index="0" regionRef="r_1_1"/>
                <RegionRefIndexed index="1" regionRef="r_2_1"/>
            </OrderedGroup>
        </ReadingOrder>
        <TextRegion orientation="0.0" type="paragraph" id="r_1_1" custom="readingOrder {index:0;}">
            <Coords points="223,291 936,291 936,2277 223,2277"/>
            <TextLine id="r_1_1l1" custom="readingOrder {index:0;}">
                <Coords points="290,331 316,331 342,332 368,332 394,332 421,332 447,332 473,332 499,332 526,332 552,332 578,333 604,333 631,333 657,334 683,334 709,335 736,336 736,306 709,305 683,304 657,304 631,303 604,303 578,303 552,302 526,302 499,302 473,302 447,302 421,302 394,302 368,302 342,302 316,301 290,301"/>
                <Baseline points="290,321 316,321 342,322 368,322 394,322 421,322 447,322 473,322 499,322 526,322 552,322 578,323 604,323 631,323 657,324 683,324 709,325 736,326"/>
                <TextEquiv>
                    <Unicode>que aquesta propia mañana</Unicode>
                </TextEquiv>
            </TextLine>
            <TextLine id="r_1_1l2" custom="readingOrder {index:1;}">
                <Coords points="283,371 311,371 340,371 368,371 397,371 426,371 454,371 483,372 512,372 540,372 569,373 598,373 626,373 655,374 684,374 712,375 741,375 770,376 798,376 827,377 856,377 856,347 827,347 798,346 770,346 741,345 712,345 684,344 655,344 626,343 598,343 569,343 540,342 512,342 483,342 454,341 426,341 397,341 368,341 340,341 311,341 283,341"/>
                <Baseline points="283,361 311,361 340,361 368,361 397,361 426,361 454,361 483,362 512,362 540,362 569,363 598,363 626,363 655,364 684,364 712,365 741,365 770,366 798,366 827,367 856,367"/>
                <TextEquiv>
                    <Unicode>me han dicho que un don Florindo</Unicode>
                </TextEquiv>
            </TextLine>
            <TextLine id="r_1_1l3" custom="readingOrder {index:2;}">
                <Coords points="292,409 318,409 345,410 371,410 398,410 424,410 451,411 477,411 504,411 530,411 557,411 583,412 610,412 636,413 663,414 689,415 716,416 716,386 689,385 663,384 636,383 610,382 583,382 557,381 530,381 504,381 477,381 451,381 424,380 398,380 371,380 345,380 318,379 292,379"/>
                <Baseline points="292,399 318,399 345,400 371,400 398,400 424,400 451,401 477,401 504,401 530,401 557,401 583,402 610,402 636,403 663,404 689,405 716,406"/>
                <TextEquiv>
                    <Unicode>de mi casa ha de sacarla:</Unicode>
                </TextEquiv>
            </TextLine>
            <TextLine id="r_1_1l4" custom="readingOrder {index:3;}">
                <Coords points="281,449 306,449 332,449 358,450 384,450 410,450 436,450 462,450 488,450 514,450 540,450 566,451 592,451 618,452 644,453 670,453 696,455 696,425 670,423 644,423 618,422 592,421 566,421 540,420 514,420 488,420 462,420 436,420 410,420 384,420 358,420 332,419 306,419 281,419"/>
                <Baseline points="281,439 306,439 332,439 358,440 384,440 410,440 436,440 462,440 488,440 514,440 540,440 566,441 592,441 618,442 644,443 670,443 696,445"/>
                <TextEquiv>
                    <Unicode>si vos me hicierais favor</Unicode>
                </TextEquiv>
            </TextLine>
            <TextLine id="r_1_1l5" custom="readingOrder {index:4;}">
                <Coords points="292,489 317,489 342,489 367,490 392,490 417,490 442,490 468,490 493,490 518,490 543,490 568,491 593,491 619,491 644,492 669,492 694,493 719,494 744,495 770,496 770,466 744,465 719,464 694,463 669,462 644,462 619,461 593,461 568,461 543,460 518,460 493,460 468,460 442,460 417,460 392,460 367,460 342,459 317,459 292,459"/>
                <Baseline points="292,479 317,479 342,479 367,480 392,480 417,480 442,480 468,480 493,480 518,480 543,480 568,481 593,481 619,481 644,482 669,482 694,483 719,484 744,485 770,486"/>
                <TextEquiv>
                    <Unicode>mientras que yo busco traza</Unicode>
                </TextEquiv>
            </TextLine>
            <TextLine id="r_1_1l6" custom="readingOrder {index:5;}">
                <Coords points="290,529 315,529 341,529 366,529 392,529 418,529 443,529 469,529 495,529 520,529 546,530 572,530 597,530 623,531 649,532 674,532 700,533 726,535 726,505 700,503 674,502 649,502 623,501 597,500 572,500 546,500 520,499 495,499 469,499 443,499 418,499 392,499 366,499 341,499 315,499 290,499"/>
                <Baseline points="290,519 315,519 341,519 366,519 392,519 418,519 443,519 469,519 495,519 520,519 546,520 572,520 597,520 623,521 649,522 674,522 700,523 726,525"/>
                <TextEquiv>
                    <Unicode>de meterla en un convento</Unicode>
                </TextEquiv>
            </TextLine>
            <TextLine id="r_1_1l7" custom="readingOrder {index:6;}">
                <Coords points="288,567 314,568 340,569 366,569 392,570 418,570 444,569 470,569 497,569 523,569 549,569 575,569 601,570 627,571 653,573 680,574 680,544 653,543 627,541 601,540 575,539 549,539 523,539 497,539 470,539 444,539 418,540 392,540 366,539 340,539 314,538 288,537"/>
                <Baseline points="288,557 314,558 340,559 366,559 392,560 418,560 444,559 470,559 497,559 523,559 549,559 575,559 601,560 627,561 653,563 680,564"/>
                <TextEquiv>
                    <Unicode>de cuidarme de mi casa,</Unicode>
                </TextEquiv>
            </TextLine>
            <TextLine id="r_1_1l8" custom="readingOrder {index:7;}">
                <Coords points="280,607 306,607 332,608 358,608 384,609 411,609 437,609 463,609 489,609 516,609 542,609 568,610 594,610 620,610 647,611 673,612 699,613 725,614 752,615 752,585 725,584 699,583 673,582 647,581 620,580 594,580 568,580 542,579 516,579 489,579 463,579 437,579 411,579 384,579 358,578 332,578 306,577 280,577"/>
                <Baseline points="280,597 306,597 332,598 358,598 384,599 411,599 437,599 463,599 489,599 516,599 542,599 568,600 594,600 620,600 647,601 673,602 699,603 725,604 752,605"/>
                <TextEquiv>
                    <Unicode>seria un placer muy grande.</Unicode>
                </TextEquiv>
            </TextLine>
            <TextLine id="r_1_1l9" custom="readingOrder {index:8;}">
                <Coords points="237,647 263,647 290,647 316,647 343,648 370,648 396,648 423,648 449,648 476,649 503,649 529,649 556,649 582,650 609,650 636,651 662,651 689,652 715,652 742,653 769,654 769,624 742,623 715,622 689,622 662,621 636,621 609,620 582,620 556,619 529,619 503,619 476,619 449,618 423,618 396,618 370,618 343,618 316,617 290,617 263,617 237,617"/>
                <Baseline points="237,637 263,637 290,637 316,637 343,638 370,638 396,638 423,638 449,638 476,639 503,639 529,639 556,639 582,640 609,640 636,641 662,641 689,642 715,642 742,643 769,644"/>
                <TextEquiv>
                    <Unicode>FAB. No me digais mas palabras</Unicode>
                </TextEquiv>
            </TextLine>
            <TextLine id="r_1_1l10" custom="readingOrder {index:9;}">
                <Coords points="283,687 308,687 333,687 358,687 384,687 409,687 434,687 459,687 485,688 510,688 535,688 560,688 586,689 611,689 636,690 661,690 687,691 712,691 737,692 763,693 763,663 737,662 712,661 687,661 661,660 636,660 611,659 586,659 560,658 535,658 510,658 485,658 459,657 434,657 409,657 384,657 358,657 333,657 308,657 283,657"/>
                <Baseline points="283,677 308,677 333,677 358,677 384,677 409,677 434,677 459,677 485,678 510,678 535,678 560,678 586,679 611,679 636,680 661,680 687,681 712,681 737,682 763,683"/>
                <TextEquiv>
                    <Unicode>yo ofrezco guardar la puerta</Unicode>
                </TextEquiv>
            </TextLine>
            <TextLine id="r_1_1l11" custom="readingOrder {index:10;}">
                <Coords points="288,725 313,725 338,726 364,727 389,727 414,727 440,727 465,727 491,727 516,727 541,727 567,728 592,728 617,729 643,730 668,731 694,732 694,702 668,701 643,700 617,699 592,698 567,698 541,697 516,697 491,697 465,697 440,697 414,697 389,697 364,697 338,696 313,695 288,695"/>
                <Baseline points="288,715 313,715 338,716 364,717 389,717 414,717 440,717 465,717 491,717 516,717 541,717 567,718 592,718 617,719 643,720 668,721 694,722"/>
                <TextEquiv>
                    <Unicode>siendo poca la tardanza.</Unicode>
                </TextEquiv>
            </TextLine>
            <TextLine id="r_1_1l12" custom="readingOrder {index:11;}">
                <Coords points="237,763 262,764 288,765 313,765 339,766 364,766 390,766 415,766 441,766 466,766 492,766 517,767 543,767 568,767 594,768 619,768 645,769 670,770 696,772 696,742 670,740 645,739 619,738 594,738 568,737 543,737 517,737 492,736 466,736 441,736 415,736 390,736 364,736 339,736 313,735 288,735 262,734 237,733"/>
                <Baseline points="237,753 262,754 288,755 313,755 339,756 364,756 390,756 415,756 441,756 466,756 492,756 517,757 543,757 568,757 594,758 619,758 645,759 670,760 696,762"/>
                <TextEquiv>
                    <Unicode>TIB. Media hora no tardaré.</Unicode>
                </TextEquiv>
            </TextLine>
            <TextLine id="r_1_1l13" custom="readingOrder {index:12;}">
                <Coords points="239,805 265,805 291,805 318,805 344,805 370,805 397,805 423,806 449,806 476,806 502,806 528,806 555,806 581,807 607,807 634,808 660,808 686,809 713,810 739,810 766,811 766,781 739,780 713,780 686,779 660,778 634,778 607,777 581,777 555,776 528,776 502,776 476,776 449,776 423,776 397,775 370,775 344,775 318,775 291,775 265,775 239,775"/>
                <Baseline points="239,795 265,795 291,795 318,795 344,795 370,795 397,795 423,796 449,796 476,796 502,796 528,796 555,796 581,797 607,797 634,798 660,798 686,799 713,800 739,800 766,801"/>
                <TextEquiv>
                    <Unicode>FAB. Pues confiad en mi espada.</Unicode>
                </TextEquiv>
            </TextLine>
            <TextLine id="r_1_1l14" custom="readingOrder {index:13;}">
                <Coords points="241,843 266,844 292,844 317,844 343,844 369,844 394,844 420,845 446,845 471,845 497,845 523,845 548,845 574,846 600,846 625,847 651,847 677,848 702,849 728,850 754,851 754,821 728,820 702,819 677,818 651,817 625,817 600,816 574,816 548,815 523,815 497,815 471,815 446,815 420,815 394,814 369,814 343,814 317,814 292,814 266,814 241,813"/>
                <Baseline points="241,833 266,834 292,834 317,834 343,834 369,834 394,834 420,835 446,835 471,835 497,835 523,835 548,835 574,836 600,836 625,837 651,837 677,838 702,839 728,840 754,841"/>
                <TextEquiv>
                    <Unicode>TIB. De vos quedo asegurado:</Unicode>
                </TextEquiv>
            </TextLine>
            <TextLine id="r_1_1l15" custom="readingOrder {index:14;}">
                <Coords points="282,883 308,884 334,884 361,885 387,885 414,885 440,885 466,884 493,884 519,884 546,885 572,885 598,886 625,887 651,888 678,891 678,861 651,858 625,857 598,856 572,855 546,855 519,854 493,854 466,854 440,855 414,855 387,855 361,855 334,854 308,854 282,853"/>
                <Baseline points="282,873 308,874 334,874 361,875 387,875 414,875 440,875 466,874 493,874 519,874 546,875 572,875 598,876 625,877 651,878 678,881"/>
                <TextEquiv>
                    <Unicode>A Dios amigo del alma.</Unicode>
                </TextEquiv>
            </TextLine>
            <TextLine id="r_1_1l16" custom="readingOrder {index:15;}">
                <Coords points="236,924 261,924 286,924 311,923 336,923 361,923 386,923 412,923 437,923 462,924 487,924 512,924 537,924 562,925 588,925 613,926 638,926 663,927 688,927 713,928 739,929 739,899 713,898 688,897 663,897 638,896 613,896 588,895 562,895 537,894 512,894 487,894 462,894 437,893 412,893 386,893 361,893 336,893 311,893 286,894 261,894 236,894"/>
                <Baseline points="236,914 261,914 286,914 311,913 336,913 361,913 386,913 412,913 437,913 462,914 487,914 512,914 537,914 562,915 588,915 613,916 638,916 663,917 688,917 713,918 739,919"/>
                <TextEquiv>
                    <Unicode>FAB. Si se miran bien las cosas</Unicode>
                </TextEquiv>
            </TextLine>
            <TextLine id="r_1_1l17" custom="readingOrder {index:16;}">
                <Coords points="279,963 305,963 331,963 357,963 383,963 409,964 436,964 462,964 488,964 514,964 540,964 566,965 593,965 619,966 645,966 671,967 697,968 723,969 750,970 750,940 723,939 697,938 671,937 645,936 619,936 593,935 566,935 540,934 514,934 488,934 462,934 436,934 409,934 383,933 357,933 331,933 305,933 279,933"/>
                <Baseline points="279,953 305,953 331,953 357,953 383,953 409,954 436,954 462,954 488,954 514,954 540,954 566,955 593,955 619,956 645,956 671,957 697,958 723,959 750,960"/>
                <TextEquiv>
                    <Unicode>este hombre es un fantasma</Unicode>
                </TextEquiv>
            </TextLine>
            <TextLine id="r_1_1l18" custom="readingOrder {index:17;}">
                <Coords points="284,1002 309,1003 334,1003 359,1004 384,1004 409,1004 434,1003 459,1003 484,1003 509,1003 534,1003 559,1003 584,1004 609,1004 634,1006 660,1007 660,977 634,976 609,974 584,974 559,973 534,973 509,973 484,973 459,973 434,973 409,974 384,974 359,974 334,973 309,973 284,972"/>
                <Baseline points="284,992 309,993 334,993 359,994 384,994 409,994 434,993 459,993 484,993 509,993 534,993 559,993 584,994 609,994 634,996 660,997"/>
                <TextEquiv>
                    <Unicode>puesto que rehusa ver</Unicode>
                </TextEquiv>
            </TextLine>
            <TextLine id="r_1_1l19" custom="readingOrder {index:18;}">
                <Coords points="276,1041 302,1041 329,1042 355,1042 382,1043 408,1043 435,1043 462,1043 488,1043 515,1043 541,1043 568,1043 594,1044 621,1045 648,1046 648,1016 621,1015 594,1014 568,1013 541,1013 515,1013 488,1013 462,1013 435,1013 408,1013 382,1013 355,1012 329,1012 302,1011 276,1011"/>
                <Baseline points="276,1031 302,1031 329,1032 355,1032 382,1033 408,1033 435,1033 462,1033 488,1033 515,1033 541,1033 568,1033 594,1034 621,1035 648,1036"/>
                <TextEquiv>
                    <Unicode>á su hija bien casada;</Unicode>
                </TextEquiv>
            </TextLine>
            <TextLine id="r_1_1l20" custom="readingOrder {index:19;}">
                <Coords points="278,1085 304,1084 330,1084 356,1083 382,1083 408,1083 434,1083 460,1083 486,1083 513,1083 539,1083 565,1083 591,1083 617,1084 643,1085 669,1086 695,1087 721,1088 748,1089 748,1059 721,1058 695,1057 669,1056 643,1055 617,1054 591,1053 565,1053 539,1053 513,1053 486,1053 460,1053 434,1053 408,1053 382,1053 356,1053 330,1054 304,1054 278,1055"/>
                <Baseline points="278,1075 304,1074 330,1074 356,1073 382,1073 408,1073 434,1073 460,1073 486,1073 513,1073 539,1073 565,1073 591,1073 617,1074 643,1075 669,1076 695,1077 721,1078 748,1079"/>
                <TextEquiv>
                    <Unicode>pues yo conozco á Florindo,</Unicode>
                </TextEquiv>
            </TextLine>
            <TextLine id="r_1_1l21" custom="readingOrder {index:20;}">
                <Coords points="276,1123 302,1123 328,1123 355,1123 381,1123 407,1123 434,1123 460,1123 486,1123 513,1123 539,1123 565,1123 592,1123 618,1124 644,1124 671,1125 697,1126 723,1126 750,1127 776,1128 803,1129 803,1099 776,1098 750,1097 723,1096 697,1096 671,1095 644,1094 618,1094 592,1093 565,1093 539,1093 513,1093 486,1093 460,1093 434,1093 407,1093 381,1093 355,1093 328,1093 302,1093 276,1093"/>
                <Baseline points="276,1113 302,1113 328,1113 355,1113 381,1113 407,1113 434,1113 460,1113 486,1113 513,1113 539,1113 565,1113 592,1113 618,1114 644,1114 671,1115 697,1116 723,1116 750,1117 776,1118 803,1119"/>
                <TextEquiv>
                    <Unicode>y es hombre de circunstancias.</Unicode>
                </TextEquiv>
            </TextLine>
            <TextLine id="r_1_1l22" custom="readingOrder {index:21;}">
                <Coords points="235,1201 269,1201 304,1201 339,1201 374,1200 409,1201 443,1201 478,1201 513,1201 548,1202 583,1202 617,1203 652,1203 687,1203 722,1204 757,1204 791,1205 826,1205 861,1206 896,1206 931,1206 931,1176 896,1176 861,1176 826,1175 791,1175 757,1174 722,1174 687,1173 652,1173 617,1173 583,1172 548,1172 513,1171 478,1171 443,1171 409,1171 374,1170 339,1171 304,1171 269,1171 235,1171"/>
                <Baseline points="235,1191 269,1191 304,1191 339,1191 374,1190 409,1191 443,1191 478,1191 513,1191 548,1192 583,1192 617,1193 652,1193 687,1193 722,1194 757,1194 791,1195 826,1195 861,1196 896,1196 931,1196"/>
                <TextEquiv>
                    <Unicode>Sale Pancho por lo alto de la derecha ves-</Unicode>
                </TextEquiv>
            </TextLine>
            <TextLine id="r_1_1l23" custom="readingOrder {index:22;}">
                <Coords points="304,1241 331,1241 359,1241 386,1241 414,1241 442,1242 469,1242 497,1242 524,1243 552,1243 580,1243 607,1244 635,1244 662,1244 690,1245 718,1245 745,1245 773,1246 800,1246 828,1246 856,1246 856,1216 828,1216 800,1216 773,1216 745,1215 718,1215 690,1215 662,1214 635,1214 607,1214 580,1213 552,1213 524,1213 497,1212 469,1212 442,1212 414,1211 386,1211 359,1211 331,1211 304,1211"/>
                <Baseline points="304,1231 331,1231 359,1231 386,1231 414,1231 442,1232 469,1232 497,1232 524,1233 552,1233 580,1233 607,1234 635,1234 662,1234 690,1235 718,1235 745,1235 773,1236 800,1236 828,1236 856,1236"/>
                <TextEquiv>
                    <Unicode>tido de payo, cantando y bailando.</Unicode>
                </TextEquiv>
            </TextLine>
            <TextLine id="r_1_1l24" custom="readingOrder {index:23;}">
                <Coords points="231,1320 263,1319 296,1319 329,1319 362,1319 395,1319 428,1319 460,1319 493,1319 526,1320 559,1320 592,1321 625,1321 658,1322 690,1322 723,1323 756,1324 789,1325 822,1326 855,1327 888,1328 888,1298 855,1297 822,1296 789,1295 756,1294 723,1293 690,1292 658,1292 625,1291 592,1291 559,1290 526,1290 493,1289 460,1289 428,1289 395,1289 362,1289 329,1289 296,1289 263,1289 231,1290"/>
                <Baseline points="231,1310 263,1309 296,1309 329,1309 362,1309 395,1309 428,1309 460,1309 493,1309 526,1310 559,1310 592,1311 625,1311 658,1312 690,1312 723,1313 756,1314 789,1315 822,1316 855,1317 888,1318"/>
                <TextEquiv>
                    <Unicode>PANC. Tanto bailé con la moza del gura,</Unicode>
                </TextEquiv>
            </TextLine>
            <TextLine id="r_1_1l25" custom="readingOrder {index:24;}">
                <Coords points="273,1358 300,1358 327,1358 355,1358 382,1358 410,1358 437,1358 465,1358 492,1358 520,1359 547,1359 574,1359 602,1360 629,1360 657,1361 684,1362 712,1362 739,1363 767,1363 794,1364 822,1365 822,1335 794,1334 767,1333 739,1333 712,1332 684,1332 657,1331 629,1330 602,1330 574,1329 547,1329 520,1329 492,1328 465,1328 437,1328 410,1328 382,1328 355,1328 327,1328 300,1328 273,1328"/>
                <Baseline points="273,1348 300,1348 327,1348 355,1348 382,1348 410,1348 437,1348 465,1348 492,1348 520,1349 547,1349 574,1349 602,1350 629,1350 657,1351 684,1352 712,1352 739,1353 767,1353 794,1354 822,1355"/>
                <TextEquiv>
                    <Unicode>tanto bailé que me dió calentura.</Unicode>
                </TextEquiv>
            </TextLine>
            <TextLine id="r_1_1l26" custom="readingOrder {index:25;}">
                <Coords points="233,1398 261,1398 289,1398 318,1398 346,1398 375,1398 403,1398 432,1398 460,1398 489,1398 517,1398 545,1399 574,1399 602,1400 631,1400 659,1401 688,1402 716,1402 745,1404 773,1405 802,1406 802,1376 773,1375 745,1374 716,1372 688,1372 659,1371 631,1370 602,1370 574,1369 545,1369 517,1368 489,1368 460,1368 432,1368 403,1368 375,1368 346,1368 318,1368 289,1368 261,1368 233,1368"/>
                <Baseline points="233,1388 261,1388 289,1388 318,1388 346,1388 375,1388 403,1388 432,1388 460,1388 489,1388 517,1388 545,1389 574,1389 602,1390 631,1390 659,1391 688,1392 716,1392 745,1394 773,1395 802,1396"/>
                <TextEquiv>
                    <Unicode>FAB. Este es el mundo, unos lloran,</Unicode>
                </TextEquiv>
            </TextLine>
            <TextLine id="r_1_1l27" custom="readingOrder {index:26;}">
                <Coords points="272,1437 297,1437 322,1437 347,1437 373,1437 398,1437 423,1437 449,1437 474,1437 499,1437 524,1437 550,1438 575,1438 600,1439 626,1439 651,1440 676,1441 702,1442 702,1412 676,1411 651,1410 626,1409 600,1409 575,1408 550,1408 524,1407 499,1407 474,1407 449,1407 423,1407 398,1407 373,1407 347,1407 322,1407 297,1407 272,1407"/>
                <Baseline points="272,1427 297,1427 322,1427 347,1427 373,1427 398,1427 423,1427 449,1427 474,1427 499,1427 524,1427 550,1428 575,1428 600,1429 626,1429 651,1430 676,1431 702,1432"/>
                <TextEquiv>
                    <Unicode>otros rien y otros cantan.</Unicode>
                </TextEquiv>
            </TextLine>
            <TextLine id="r_1_1l28" custom="readingOrder {index:27;}">
                <Coords points="234,1477 267,1477 301,1477 334,1477 368,1477 402,1477 435,1477 469,1477 502,1478 536,1478 570,1478 603,1479 637,1479 670,1480 704,1480 738,1481 771,1482 805,1482 838,1483 872,1484 906,1485 906,1455 872,1454 838,1453 805,1452 771,1452 738,1451 704,1450 670,1450 637,1449 603,1449 570,1448 536,1448 502,1448 469,1447 435,1447 402,1447 368,1447 334,1447 301,1447 267,1447 234,1447"/>
                <Baseline points="234,1467 267,1467 301,1467 334,1467 368,1467 402,1467 435,1467 469,1467 502,1468 536,1468 570,1468 603,1469 637,1469 670,1470 704,1470 738,1471 771,1472 805,1472 838,1473 872,1474 906,1475"/>
                <TextEquiv>
                    <Unicode>PANC. Tanto bailé á la puerta del horno.</Unicode>
                </TextEquiv>
            </TextLine>
            <TextLine id="r_1_1l29" custom="readingOrder {index:28;}">
                <Coords points="277,1516 306,1516 335,1515 364,1515 393,1515 422,1515 451,1516 480,1516 509,1516 538,1517 567,1518 596,1518 625,1519 654,1520 683,1520 712,1521 741,1522 770,1522 799,1523 828,1523 858,1523 858,1493 828,1493 799,1493 770,1492 741,1492 712,1491 683,1490 654,1490 625,1489 596,1488 567,1488 538,1487 509,1486 480,1486 451,1486 422,1485 393,1485 364,1485 335,1485 306,1486 277,1486"/>
                <Baseline points="277,1506 306,1506 335,1505 364,1505 393,1505 422,1505 451,1506 480,1506 509,1506 538,1507 567,1508 596,1508 625,1509 654,1510 683,1510 712,1511 741,1512 770,1512 799,1513 828,1513 858,1513"/>
                <TextEquiv>
                    <Unicode>tanto bailé que me dió pan y bollo.</Unicode>
                </TextEquiv>
            </TextLine>
            <TextLine id="r_1_1l30" custom="readingOrder {index:29;}">
                <Coords points="232,1556 257,1556 283,1556 308,1556 334,1556 360,1556 385,1556 411,1556 436,1556 462,1556 488,1556 513,1556 539,1557 564,1557 590,1558 616,1558 641,1559 667,1560 692,1561 718,1562 744,1564 744,1534 718,1532 692,1531 667,1530 641,1529 616,1528 590,1528 564,1527 539,1527 513,1526 488,1526 462,1526 436,1526 411,1526 385,1526 360,1526 334,1526 308,1526 283,1526 257,1526 232,1526"/>
                <Baseline points="232,1546 257,1546 283,1546 308,1546 334,1546 360,1546 385,1546 411,1546 436,1546 462,1546 488,1546 513,1546 539,1547 564,1547 590,1548 616,1548 641,1549 667,1550 692,1551 718,1552 744,1554"/>
                <TextEquiv>
                    <Unicode>FAB. Si no me engaño, parece,</Unicode>
                </TextEquiv>
            </TextLine>
            <TextLine id="r_1_1l31" custom="readingOrder {index:30;}">
                <Coords points="280,1595 305,1596 331,1596 357,1596 383,1596 409,1596 434,1596 460,1596 486,1595 512,1595 538,1595 564,1595 589,1596 615,1596 641,1597 667,1598 693,1600 719,1602 719,1572 693,1570 667,1568 641,1567 615,1566 589,1566 564,1565 538,1565 512,1565 486,1565 460,1566 434,1566 409,1566 383,1566 357,1566 331,1566 305,1566 280,1565"/>
                <Baseline points="280,1585 305,1586 331,1586 357,1586 383,1586 409,1586 434,1586 460,1586 486,1585 512,1585 538,1585 564,1585 589,1586 615,1586 641,1587 667,1588 693,1590 719,1592"/>
                <TextEquiv>
                    <Unicode>que yo conozco esta cara. </Unicode>
                </TextEquiv>
            </TextLine>
            <TextLine id="r_1_1l32" custom="readingOrder {index:31;}">
                <Coords points="234,1635 260,1636 286,1636 313,1636 339,1635 366,1635 392,1635 418,1635 445,1636 471,1636 498,1636 524,1636 550,1636 577,1636 603,1637 630,1637 656,1638 682,1638 709,1639 735,1640 762,1641 762,1611 735,1610 709,1609 682,1608 656,1608 630,1607 603,1607 577,1606 550,1606 524,1606 498,1606 471,1606 445,1606 418,1605 392,1605 366,1605 339,1605 313,1606 286,1606 260,1606 234,1605"/>
                <Baseline points="234,1625 260,1626 286,1626 313,1626 339,1625 366,1625 392,1625 418,1625 445,1626 471,1626 498,1626 524,1626 550,1626 577,1626 603,1627 630,1627 656,1628 682,1628 709,1629 735,1630 762,1631"/>
                <TextEquiv>
                    <Unicode>PANC. Me parece que yo he visto</Unicode>
                </TextEquiv>
            </TextLine>
            <TextLine id="r_1_1l33" custom="readingOrder {index:32;}">
                <Coords points="271,1673 297,1673 323,1673 349,1674 376,1674 402,1674 428,1674 455,1674 481,1675 507,1675 533,1675 560,1676 586,1676 612,1677 639,1678 639,1648 612,1647 586,1646 560,1646 533,1645 507,1645 481,1645 455,1644 428,1644 402,1644 376,1644 349,1644 323,1643 297,1643 271,1643"/>
                <Baseline points="271,1663 297,1663 323,1663 349,1664 376,1664 402,1664 428,1664 455,1664 481,1665 507,1665 533,1665 560,1666 586,1666 612,1667 639,1668"/>
                <TextEquiv>
                    <Unicode>otra vez este panarra.</Unicode>
                </TextEquiv>
            </TextLine>
            <TextLine id="r_1_1l34" custom="readingOrder {index:33;}">
                <Coords points="224,1713 250,1713 277,1714 304,1714 330,1714 357,1714 384,1714 410,1714 437,1714 464,1714 490,1714 517,1715 544,1715 571,1716 571,1686 544,1685 517,1685 490,1684 464,1684 437,1684 410,1684 384,1684 357,1684 330,1684 304,1684 277,1684 250,1683 224,1683"/>
                <Baseline points="224,1703 250,1703 277,1704 304,1704 330,1704 357,1704 384,1704 410,1704 437,1704 464,1704 490,1704 517,1705 544,1705 571,1706"/>
                <TextEquiv>
                    <Unicode>FAB. Pancho, amigo!</Unicode>
                </TextEquiv>
            </TextLine>
            <TextLine id="r_1_1l35" custom="readingOrder {index:34;}">
                <Coords points="226,1753 251,1754 276,1753 301,1754 327,1756 327,1726 301,1724 276,1723 251,1724 226,1723"/>
                <Baseline points="226,1743 251,1744 276,1743 301,1744 327,1746"/>
                <TextEquiv>
                    <Unicode>PANC.</Unicode>
                </TextEquiv>
            </TextLine>
            <TextLine id="r_1_1l36" custom="readingOrder {index:35;}">
                <Coords points="580,1753 605,1754 630,1755 655,1755 680,1756 706,1756 731,1757 756,1757 781,1759 806,1761 832,1763 832,1733 806,1731 781,1729 756,1727 731,1727 706,1726 680,1726 655,1725 630,1725 605,1724 580,1723"/>
                <Baseline points="580,1743 605,1744 630,1745 655,1745 680,1746 706,1746 731,1747 756,1747 781,1749 806,1751 832,1753"/>
                <TextEquiv>
                    <Unicode>Ola Fabricio....</Unicode>
                </TextEquiv>
            </TextLine>
            <TextLine id="r_1_1l37" custom="readingOrder {index:36;}">
                <Coords points="269,1792 294,1792 319,1792 345,1791 370,1791 395,1791 421,1792 446,1792 471,1792 497,1792 522,1793 547,1793 573,1794 598,1794 623,1795 649,1796 674,1796 699,1797 725,1798 750,1798 776,1799 776,1769 750,1768 725,1768 699,1767 674,1766 649,1766 623,1765 598,1764 573,1764 547,1763 522,1763 497,1762 471,1762 446,1762 421,1762 395,1761 370,1761 345,1761 319,1762 294,1762 269,1762"/>
                <Baseline points="269,1782 294,1782 319,1782 345,1781 370,1781 395,1781 421,1782 446,1782 471,1782 497,1782 522,1783 547,1783 573,1784 598,1784 623,1785 649,1786 674,1786 699,1787 725,1788 750,1788 776,1789"/>
                <TextEquiv>
                    <Unicode>que majo estás, quien pensara</Unicode>
                </TextEquiv>
            </TextLine>
            <TextLine id="r_1_1l38" custom="readingOrder {index:37;}">
                <Coords points="273,1831 299,1831 326,1831 353,1832 379,1832 406,1832 433,1832 459,1832 486,1831 513,1831 539,1832 566,1832 593,1832 620,1833 620,1803 593,1802 566,1802 539,1802 513,1801 486,1801 459,1802 433,1802 406,1802 379,1802 353,1802 326,1801 299,1801 273,1801"/>
                <Baseline points="273,1821 299,1821 326,1821 353,1822 379,1822 406,1822 433,1822 459,1822 486,1821 513,1821 539,1822 566,1822 593,1822 620,1823"/>
                <TextEquiv>
                    <Unicode>te habia de conocer?</Unicode>
                </TextEquiv>
            </TextLine>
            <TextLine id="r_1_1l39" custom="readingOrder {index:38;}">
                <Coords points="274,1873 299,1872 325,1872 351,1871 376,1871 402,1871 428,1871 453,1871 479,1871 505,1871 530,1871 556,1871 582,1872 607,1872 633,1873 659,1874 684,1875 710,1876 736,1877 736,1847 710,1846 684,1845 659,1844 633,1843 607,1842 582,1842 556,1841 530,1841 505,1841 479,1841 453,1841 428,1841 402,1841 376,1841 351,1841 325,1842 299,1842 274,1843"/>
                <Baseline points="274,1863 299,1862 325,1862 351,1861 376,1861 402,1861 428,1861 453,1861 479,1861 505,1861 530,1861 556,1861 582,1862 607,1862 633,1863 659,1864 684,1865 710,1866 736,1867"/>
                <TextEquiv>
                    <Unicode>y á qué oficio te has metido</Unicode>
                </TextEquiv>
            </TextLine>
            <TextLine id="r_1_1l40" custom="readingOrder {index:39;}">
                <Coords points="271,1910 297,1910 323,1910 349,1910 375,1910 401,1910 427,1910 454,1910 480,1910 506,1910 532,1910 558,1911 584,1911 610,1913 637,1914 637,1884 610,1883 584,1881 558,1881 532,1880 506,1880 480,1880 454,1880 427,1880 401,1880 375,1880 349,1880 323,1880 297,1880 271,1880"/>
                <Baseline points="271,1900 297,1900 323,1900 349,1900 375,1900 401,1900 427,1900 454,1900 480,1900 506,1900 532,1900 558,1901 584,1901 610,1903 637,1904"/>
                <TextEquiv>
                    <Unicode>que gastas esa casaca?</Unicode>
                </TextEquiv>
            </TextLine>
            <TextLine id="r_1_1l41" custom="readingOrder {index:40;}">
                <Coords points="223,1950 251,1950 279,1949 308,1949 336,1949 365,1948 393,1948 422,1948 450,1948 479,1948 507,1948 535,1949 564,1949 592,1950 621,1950 649,1951 678,1952 706,1953 735,1954 763,1955 792,1957 792,1927 763,1925 735,1924 706,1923 678,1922 649,1921 621,1920 592,1920 564,1919 535,1919 507,1918 479,1918 450,1918 422,1918 393,1918 365,1918 336,1919 308,1919 279,1919 251,1920 223,1920"/>
                <Baseline points="223,1940 251,1940 279,1939 308,1939 336,1939 365,1938 393,1938 422,1938 450,1938 479,1938 507,1938 535,1939 564,1939 592,1940 621,1940 649,1941 678,1942 706,1943 735,1944 763,1945 792,1947"/>
                <TextEquiv>
                    <Unicode>FAB. Es que estoysirviendo al Rey.</Unicode>
                </TextEquiv>
            </TextLine>
            <TextLine id="r_1_1l42" custom="readingOrder {index:41;}">
                <Coords points="223,1988 249,1988 276,1988 302,1988 329,1988 355,1988 382,1988 408,1988 435,1988 461,1988 488,1988 514,1989 541,1989 567,1989 594,1990 620,1990 647,1991 673,1992 700,1993 726,1994 753,1996 753,1966 726,1964 700,1963 673,1962 647,1961 620,1960 594,1960 567,1959 541,1959 514,1959 488,1958 461,1958 435,1958 408,1958 382,1958 355,1958 329,1958 302,1958 276,1958 249,1958 223,1958"/>
                <Baseline points="223,1978 249,1978 276,1978 302,1978 329,1978 355,1978 382,1978 408,1978 435,1978 461,1978 488,1978 514,1979 541,1979 567,1979 594,1980 620,1980 647,1981 673,1982 700,1983 726,1984 753,1986"/>
                <TextEquiv>
                    <Unicode>PANC. De qué le sirves? de nada?</Unicode>
                </TextEquiv>
            </TextLine>
            <TextLine id="r_1_1l43" custom="readingOrder {index:42;}">
                <Coords points="224,2027 249,2028 275,2028 301,2028 327,2028 353,2028 379,2028 405,2028 431,2027 456,2027 482,2027 508,2027 534,2027 560,2028 586,2029 612,2029 638,2031 638,2001 612,1999 586,1999 560,1998 534,1997 508,1997 482,1997 456,1997 431,1997 405,1998 379,1998 353,1998 327,1998 301,1998 275,1998 249,1998 224,1997"/>
                <Baseline points="224,2017 249,2018 275,2018 301,2018 327,2018 353,2018 379,2018 405,2018 431,2017 456,2017 482,2017 508,2017 534,2017 560,2018 586,2019 612,2019 638,2021"/>
                <TextEquiv>
                    <Unicode>FAB. En el ejército sirvo</Unicode>
                </TextEquiv>
            </TextLine>
            <TextLine id="r_1_1l44" custom="readingOrder {index:43;}">
                <Coords points="267,2068 293,2068 319,2068 345,2068 371,2068 397,2068 423,2068 449,2068 475,2069 501,2069 527,2069 553,2070 579,2070 605,2071 631,2072 657,2072 683,2074 683,2044 657,2042 631,2042 605,2041 579,2040 553,2040 527,2039 501,2039 475,2039 449,2038 423,2038 397,2038 371,2038 345,2038 319,2038 293,2038 267,2038"/>
                <Baseline points="267,2058 293,2058 319,2058 345,2058 371,2058 397,2058 423,2058 449,2058 475,2059 501,2059 527,2059 553,2060 579,2060 605,2061 631,2062 657,2062 683,2064"/>
                <TextEquiv>
                    <Unicode>llegando por mis hazañas</Unicode>
                </TextEquiv>
            </TextLine>
            <TextLine id="r_1_1l45" custom="readingOrder {index:44;}">
                <Coords points="259,2106 284,2107 310,2108 335,2108 361,2108 386,2108 412,2108 438,2107 463,2107 489,2107 514,2107 540,2108 566,2108 591,2109 617,2110 642,2112 668,2113 694,2116 694,2086 668,2083 642,2082 617,2080 591,2079 566,2078 540,2078 514,2077 489,2077 463,2077 438,2077 412,2078 386,2078 361,2078 335,2078 310,2078 284,2077 259,2076"/>
                <Baseline points="259,2096 284,2097 310,2098 335,2098 361,2098 386,2098 412,2098 438,2097 463,2097 489,2097 514,2097 540,2098 566,2098 591,2099 617,2100 642,2102 668,2103 694,2106"/>
                <TextEquiv>
                    <Unicode>á ascender en mi carrera,</Unicode>
                </TextEquiv>
            </TextLine>
            <TextLine id="r_1_1l46" custom="readingOrder {index:45;}">
                <Coords points="270,2147 296,2148 322,2148 348,2148 374,2148 400,2148 426,2148 452,2148 478,2148 504,2148 530,2149 556,2149 582,2150 608,2150 635,2152 635,2122 608,2120 582,2120 556,2119 530,2119 504,2118 478,2118 452,2118 426,2118 400,2118 374,2118 348,2118 322,2118 296,2118 270,2117"/>
                <Baseline points="270,2137 296,2138 322,2138 348,2138 374,2138 400,2138 426,2138 452,2138 478,2138 504,2138 530,2139 556,2139 582,2140 608,2140 635,2142"/>
                <TextEquiv>
                    <Unicode>pues ya soy sargento.</Unicode>
                </TextEquiv>
            </TextLine>
            <TextLine id="r_1_1l47" custom="readingOrder {index:46;}">
                <Coords points="226,2190 258,2186 291,2186 324,2188 324,2158 291,2156 258,2156 226,2160"/>
                <Baseline points="226,2180 258,2176 291,2176 324,2178"/>
                <TextEquiv>
                    <Unicode>PANC.</Unicode>
                </TextEquiv>
            </TextLine>
            <TextLine id="r_1_1l48" custom="readingOrder {index:47;}">
                <Coords points="608,2189 638,2190 668,2190 698,2191 728,2195 728,2165 698,2161 668,2160 638,2160 608,2159"/>
                <Baseline points="608,2179 638,2180 668,2180 698,2181 728,2185"/>
                <TextEquiv>
                    <Unicode>Aparta,</Unicode>
                </TextEquiv>
            </TextLine>
            <TextLine id="r_1_1l49" custom="readingOrder {index:48;}">
                <Coords points="267,2227 292,2227 318,2227 344,2227 370,2227 396,2227 422,2227 448,2227 474,2227 500,2227 526,2228 552,2228 578,2228 604,2229 630,2229 656,2230 682,2231 708,2231 708,2201 682,2201 656,2200 630,2199 604,2199 578,2198 552,2198 526,2198 500,2197 474,2197 448,2197 422,2197 396,2197 370,2197 344,2197 318,2197 292,2197 267,2197"/>
                <Baseline points="267,2217 292,2217 318,2217 344,2217 370,2217 396,2217 422,2217 448,2217 474,2217 500,2217 526,2218 552,2218 578,2218 604,2219 630,2219 656,2220 682,2221 708,2221"/>
                <TextEquiv>
                    <Unicode>haste allá si eres serpiente.</Unicode>
                </TextEquiv>
            </TextLine>
            <TextLine id="r_1_1l50" custom="readingOrder {index:49;}">
                <Coords points="229,2267 255,2267 281,2268 307,2268 334,2268 360,2268 386,2268 412,2268 439,2269 465,2269 491,2269 517,2269 544,2269 570,2269 596,2270 622,2270 649,2271 675,2271 701,2272 728,2272 728,2242 701,2242 675,2241 649,2241 622,2240 596,2240 570,2239 544,2239 517,2239 491,2239 465,2239 439,2239 412,2238 386,2238 360,2238 334,2238 307,2238 281,2238 255,2237 229,2237"/>
                <Baseline points="229,2257 255,2257 281,2258 307,2258 334,2258 360,2258 386,2258 412,2258 439,2259 465,2259 491,2259 517,2259 544,2259 570,2259 596,2260 622,2260 649,2261 675,2261 701,2262 728,2262"/>
                <TextEquiv>
                    <Unicode>FAB. No te digo eso, bestiaza.</Unicode>
                </TextEquiv>
            </TextLine>
            <TextEquiv>
                <Unicode>que aquesta propia mañana
me han dicho que un don Florindo
de mi casa ha de sacarla:
si vos me hicierais favor
mientras que yo busco traza
de meterla en un convento
de cuidarme de mi casa,
seria un placer muy grande.
FAB. No me digais mas palabras
yo ofrezco guardar la puerta
siendo poca la tardanza.
TIB. Media hora no tardaré.
FAB. Pues confiad en mi espada.
TIB. De vos quedo asegurado:
A Dios amigo del alma.
FAB. Si se miran bien las cosas
este hombre es un fantasma
puesto que rehusa ver
á su hija bien casada;
pues yo conozco á Florindo,
y es hombre de circunstancias.
Sale Pancho por lo alto de la derecha ves-
tido de payo, cantando y bailando.
PANC. Tanto bailé con la moza del gura,
tanto bailé que me dió calentura.
FAB. Este es el mundo, unos lloran,
otros rien y otros cantan.
PANC. Tanto bailé á la puerta del horno.
tanto bailé que me dió pan y bollo.
FAB. Si no me engaño, parece,
que yo conozco esta cara. 
PANC. Me parece que yo he visto
otra vez este panarra.
FAB. Pancho, amigo!
PANC.
Ola Fabricio....
que majo estás, quien pensara
te habia de conocer?
y á qué oficio te has metido
que gastas esa casaca?
FAB. Es que estoysirviendo al Rey.
PANC. De qué le sirves? de nada?
FAB. En el ejército sirvo
llegando por mis hazañas
á ascender en mi carrera,
pues ya soy sargento.
PANC.
Aparta,
haste allá si eres serpiente.
FAB. No te digo eso, bestiaza.</Unicode>
            </TextEquiv>
        </TextRegion>
        <TextRegion orientation="0.0" type="paragraph" id="r_2_1" custom="readingOrder {index:1;}">
            <Coords points="964,245 1589,245 1578,2285 953,2285"/>
            <TextLine id="line_1607960671959_461" custom="readingOrder {index:0;}">
                <Coords points="1540,296 1566,296 1566,249 1540,249"/>
                <TextEquiv>
                    <Unicode>4</Unicode>
                </TextEquiv>
            </TextLine>
            <TextLine id="r_2_1l1" custom="readingOrder {index:1;}">
                <Coords points="1011,338 1036,337 1061,337 1086,336 1111,336 1136,336 1161,336 1186,336 1211,337 1236,337 1261,338 1286,338 1311,339 1336,339 1361,340 1386,340 1412,340 1412,310 1386,310 1361,310 1336,309 1311,309 1286,308 1261,308 1236,307 1211,307 1186,306 1161,306 1136,306 1111,306 1086,306 1061,307 1036,307 1011,308"/>
                <Baseline points="1011,328 1036,327 1061,327 1086,326 1111,326 1136,326 1161,326 1186,326 1211,327 1236,327 1261,328 1286,328 1311,329 1336,329 1361,330 1386,330 1412,330"/>
                <TextEquiv>
                    <Unicode>Hoy soy sargénto, yseré</Unicode>
                </TextEquiv>
            </TextLine>
            <TextLine id="r_2_1l2" custom="readingOrder {index:2;}">
                <Coords points="1013,376 1039,376 1065,376 1092,376 1118,376 1144,377 1171,377 1197,377 1223,377 1250,377 1276,377 1302,378 1329,378 1355,379 1381,379 1408,380 1434,380 1460,381 1487,382 1513,383 1540,384 1540,354 1513,353 1487,352 1460,351 1434,350 1408,350 1381,349 1355,349 1329,348 1302,348 1276,347 1250,347 1223,347 1197,347 1171,347 1144,347 1118,346 1092,346 1065,346 1039,346 1013,346"/>
                <Baseline points="1013,366 1039,366 1065,366 1092,366 1118,366 1144,367 1171,367 1197,367 1223,367 1250,367 1276,367 1302,368 1329,368 1355,369 1381,369 1408,370 1434,370 1460,371 1487,372 1513,373 1540,374"/>
                <TextEquiv>
                    <Unicode>muy pronto, esto no es chanza,</Unicode>
                </TextEquiv>
            </TextLine>
            <TextLine id="r_2_1l3" custom="readingOrder {index:3;}">
                <Coords points="1015,417 1041,416 1067,415 1093,415 1119,415 1145,415 1172,415 1198,416 1224,416 1250,417 1276,418 1302,419 1329,419 1355,420 1381,421 1407,421 1433,421 1460,421 1460,391 1433,391 1407,391 1381,391 1355,390 1329,389 1302,389 1276,388 1250,387 1224,386 1198,386 1172,385 1145,385 1119,385 1093,385 1067,385 1041,386 1015,387"/>
                <Baseline points="1015,407 1041,406 1067,405 1093,405 1119,405 1145,405 1172,405 1198,406 1224,406 1250,407 1276,408 1302,409 1329,409 1355,410 1381,411 1407,411 1433,411 1460,411"/>
                <TextEquiv>
                    <Unicode>Alferes, Teniente, y luego</Unicode>
                </TextEquiv>
            </TextLine>
            <TextLine id="r_2_1l4" custom="readingOrder {index:4;}">
                <Coords points="1017,455 1043,454 1069,454 1096,454 1122,454 1148,454 1175,455 1201,455 1228,455 1254,455 1280,456 1307,457 1333,458 1359,458 1386,459 1412,460 1439,462 1439,432 1412,430 1386,429 1359,428 1333,428 1307,427 1280,426 1254,425 1228,425 1201,425 1175,425 1148,424 1122,424 1096,424 1069,424 1043,424 1017,425"/>
                <Baseline points="1017,445 1043,444 1069,444 1096,444 1122,444 1148,444 1175,445 1201,445 1228,445 1254,445 1280,446 1307,447 1333,448 1359,448 1386,449 1412,450 1439,452"/>
                <TextEquiv>
                    <Unicode>Comandante ó Coronel....</Unicode>
                </TextEquiv>
            </TextLine>
            <TextLine id="r_2_1l5" custom="readingOrder {index:5;}">
                <Coords points="980,495 1005,495 1030,495 1055,495 1080,495 1105,495 1130,495 1156,495 1181,495 1206,495 1231,495 1256,496 1281,496 1306,496 1332,497 1357,497 1382,498 1407,498 1432,499 1457,499 1483,500 1483,470 1457,469 1432,469 1407,468 1382,468 1357,467 1332,467 1306,466 1281,466 1256,466 1231,465 1206,465 1181,465 1156,465 1130,465 1105,465 1080,465 1055,465 1030,465 1005,465 980,465"/>
                <Baseline points="980,485 1005,485 1030,485 1055,485 1080,485 1105,485 1130,485 1156,485 1181,485 1206,485 1231,485 1256,486 1281,486 1306,486 1332,487 1357,487 1382,488 1407,488 1432,489 1457,489 1483,490"/>
                <TextEquiv>
                    <Unicode>PANCH. Y á tí que jornal te dan? </Unicode>
                </TextEquiv>
            </TextLine>
            <TextLine id="r_2_1l6" custom="readingOrder {index:6;}">
                <Coords points="967,534 992,534 1018,534 1044,534 1069,534 1095,533 1121,533 1147,534 1172,534 1198,534 1224,534 1250,534 1275,535 1301,535 1327,536 1353,537 1378,537 1404,539 1430,540 1456,541 1456,511 1430,510 1404,509 1378,507 1353,507 1327,506 1301,505 1275,505 1250,504 1224,504 1198,504 1172,504 1147,504 1121,503 1095,503 1069,504 1044,504 1018,504 992,504 967,504"/>
                <Baseline points="967,524 992,524 1018,524 1044,524 1069,524 1095,523 1121,523 1147,524 1172,524 1198,524 1224,524 1250,524 1275,525 1301,525 1327,526 1353,527 1378,527 1404,529 1430,530 1456,531"/>
                <TextEquiv>
                    <Unicode>FAB Tres reales al dia, cama,</Unicode>
                </TextEquiv>
            </TextLine>
            <TextLine id="r_2_1l7" custom="readingOrder {index:7;}">
                <Coords points="1013,573 1038,573 1064,573 1090,573 1116,574 1142,574 1168,574 1194,574 1220,575 1246,575 1272,575 1298,576 1324,576 1350,577 1376,578 1402,579 1402,549 1376,548 1350,547 1324,546 1298,546 1272,545 1246,545 1220,545 1194,544 1168,544 1142,544 1116,544 1090,543 1064,543 1038,543 1013,543"/>
                <Baseline points="1013,563 1038,563 1064,563 1090,563 1116,564 1142,564 1168,564 1194,564 1220,565 1246,565 1272,565 1298,566 1324,566 1350,567 1376,568 1402,569"/>
                <TextEquiv>
                    <Unicode>uniforme, pan, aceite.</Unicode>
                </TextEquiv>
            </TextLine>
            <TextLine id="r_2_1l8" custom="readingOrder {index:8;}">
                <Coords points="1008,613 1034,613 1061,613 1088,613 1114,613 1141,613 1168,613 1195,613 1221,613 1248,614 1275,614 1302,615 1302,585 1275,584 1248,584 1221,583 1195,583 1168,583 1141,583 1114,583 1088,583 1061,583 1034,583 1008,583"/>
                <Baseline points="1008,603 1034,603 1061,603 1088,603 1114,603 1141,603 1168,603 1195,603 1221,603 1248,604 1275,604 1302,605"/>
                <TextEquiv>
                    <Unicode>leña y otras cosas.</Unicode>
                </TextEquiv>
            </TextLine>
            <TextLine id="r_2_1l9" custom="readingOrder {index:9;}">
                <Coords points="968,653 994,653 1020,653 1047,653 1073,652 1099,652 1126,652 1152,652 1178,652 1205,652 1231,652 1257,652 1284,653 1310,653 1336,653 1363,654 1389,654 1415,655 1442,656 1468,657 1495,658 1495,628 1468,627 1442,626 1415,625 1389,624 1363,624 1336,623 1310,623 1284,623 1257,622 1231,622 1205,622 1178,622 1152,622 1126,622 1099,622 1073,622 1047,623 1020,623 994,623 968,623"/>
                <Baseline points="968,643 994,643 1020,643 1047,643 1073,642 1099,642 1126,642 1152,642 1178,642 1205,642 1231,642 1257,642 1284,643 1310,643 1336,643 1363,644 1389,644 1415,645 1442,646 1468,647 1495,648"/>
                <TextEquiv>
                    <Unicode>PANC. Y es comida el uniforme?</Unicode>
                </TextEquiv>
            </TextLine>
            <TextLine id="r_2_1l10" custom="readingOrder {index:10;}">
                <Coords points="980,691 1005,691 1030,692 1056,692 1081,692 1107,692 1132,692 1158,691 1183,691 1209,691 1234,691 1259,691 1285,692 1310,692 1336,693 1361,694 1387,695 1412,696 1438,698 1438,668 1412,666 1387,665 1361,664 1336,663 1310,662 1285,662 1259,661 1234,661 1209,661 1183,661 1158,661 1132,662 1107,662 1081,662 1056,662 1030,662 1005,661 980,661"/>
                <Baseline points="980,681 1005,681 1030,682 1056,682 1081,682 1107,682 1132,682 1158,681 1183,681 1209,681 1234,681 1259,681 1285,682 1310,682 1336,683 1361,684 1387,685 1412,686 1438,688"/>
                <TextEquiv>
                    <Unicode>FAB. El uniforme es casaca,</Unicode>
                </TextEquiv>
            </TextLine>
            <TextLine id="r_2_1l11" custom="readingOrder {index:11;}">
                <Coords points="1011,730 1036,730 1061,731 1086,731 1111,731 1137,731 1162,731 1187,731 1212,731 1238,732 1263,732 1288,733 1313,733 1339,734 1364,735 1389,736 1414,738 1440,739 1440,709 1414,708 1389,706 1364,705 1339,704 1313,703 1288,703 1263,702 1238,702 1212,701 1187,701 1162,701 1137,701 1111,701 1086,701 1061,701 1036,700 1011,700"/>
                <Baseline points="1011,720 1036,720 1061,721 1086,721 1111,721 1137,721 1162,721 1187,721 1212,721 1238,722 1263,722 1288,723 1313,723 1339,724 1364,725 1389,726 1414,728 1440,729"/>
                <TextEquiv>
                    <Unicode>chupa, calzon, fornituras,</Unicode>
                </TextEquiv>
            </TextLine>
            <TextLine id="r_2_1l12" custom="readingOrder {index:12;}">
                <Coords points="1018,769 1043,770 1069,770 1095,770 1121,770 1146,770 1172,771 1198,773 1224,774 1224,744 1198,743 1172,741 1146,740 1121,740 1095,740 1069,740 1043,740 1018,739"/>
                <Baseline points="1018,759 1043,760 1069,760 1095,760 1121,760 1146,760 1172,761 1198,763 1224,764"/>
                <TextEquiv>
                    <Unicode>sombrero....</Unicode>
                </TextEquiv>
            </TextLine>
            <TextLine id="r_2_1l13" custom="readingOrder {index:13;}">
                <Coords points="979,810 1004,810 1029,810 1054,810 1079,810 1104,810 1129,810 1154,810 1179,810 1204,810 1229,810 1254,810 1279,810 1304,811 1329,812 1354,813 1380,814 1380,784 1354,783 1329,782 1304,781 1279,780 1254,780 1229,780 1204,780 1179,780 1154,780 1129,780 1104,780 1079,780 1054,780 1029,780 1004,780 979,780"/>
                <Baseline points="979,800 1004,800 1029,800 1054,800 1079,800 1104,800 1129,800 1154,800 1179,800 1204,800 1229,800 1254,800 1279,800 1304,801 1329,802 1354,803 1380,804"/>
                <TextEquiv>
                    <Unicode>PANC. Fabricio, aguarda,</Unicode>
                </TextEquiv>
            </TextLine>
            <TextLine id="r_2_1l14" custom="readingOrder {index:14;}">
                <Coords points="1020,850 1045,849 1071,849 1096,849 1122,848 1148,848 1173,848 1199,848 1225,849 1250,849 1276,849 1301,850 1327,850 1353,851 1378,852 1404,853 1430,853 1430,823 1404,823 1378,822 1353,821 1327,820 1301,820 1276,819 1250,819 1225,819 1199,818 1173,818 1148,818 1122,818 1096,819 1071,819 1045,819 1020,820"/>
                <Baseline points="1020,840 1045,839 1071,839 1096,839 1122,838 1148,838 1173,838 1199,838 1225,839 1250,839 1276,839 1301,840 1327,840 1353,841 1378,842 1404,843 1430,843"/>
                <TextEquiv>
                    <Unicode>que es eso de fornituras?</Unicode>
                </TextEquiv>
            </TextLine>
            <TextLine id="r_2_1l15" custom="readingOrder {index:15;}">
                <Coords points="973,888 998,889 1024,889 1050,889 1076,889 1102,889 1128,889 1153,889 1179,889 1205,889 1231,889 1257,889 1283,890 1308,890 1334,891 1360,892 1386,893 1412,895 1438,896 1464,898 1464,868 1438,866 1412,865 1386,863 1360,862 1334,861 1308,860 1283,860 1257,859 1231,859 1205,859 1179,859 1153,859 1128,859 1102,859 1076,859 1050,859 1024,859 998,859 973,858"/>
                <Baseline points="973,878 998,879 1024,879 1050,879 1076,879 1102,879 1128,879 1153,879 1179,879 1205,879 1231,879 1257,879 1283,880 1308,880 1334,881 1360,882 1386,883 1412,885 1438,886 1464,888"/>
                <TextEquiv>
                    <Unicode>FAB. Fornituras es la espada, </Unicode>
                </TextEquiv>
            </TextLine>
            <TextLine id="r_2_1l16" custom="readingOrder {index:16;}">
                <Coords points="1012,929 1038,929 1064,929 1091,929 1117,929 1144,930 1170,930 1197,931 1223,932 1250,933 1250,903 1223,902 1197,901 1170,900 1144,900 1117,899 1091,899 1064,899 1038,899 1012,899"/>
                <Baseline points="1012,919 1038,919 1064,919 1091,919 1117,919 1144,920 1170,920 1197,921 1223,922 1250,923"/>
                <TextEquiv>
                    <Unicode>el cinturon....</Unicode>
                </TextEquiv>
            </TextLine>
            <TextLine id="r_2_1l17" custom="readingOrder {index:17;}">
                <Coords points="964,967 996,967 1029,968 1062,971 1062,941 1029,938 996,937 964,937"/>
                <Baseline points="964,957 996,957 1029,958 1062,961"/>
                <TextEquiv>
                    <Unicode>PANC. </Unicode>
                </TextEquiv>
            </TextLine>
            <TextLine id="r_2_1l18" custom="readingOrder {index:18;}">
                <Coords points="1277,968 1303,969 1330,969 1357,970 1384,970 1411,971 1438,971 1465,973 1492,975 1492,945 1465,943 1438,941 1411,941 1384,940 1357,940 1330,939 1303,939 1277,938"/>
                <Baseline points="1277,958 1303,959 1330,959 1357,960 1384,960 1411,961 1438,961 1465,963 1492,965"/>
                <TextEquiv>
                    <Unicode>el cinturion?</Unicode>
                </TextEquiv>
            </TextLine>
            <TextLine id="r_2_1l19" custom="readingOrder {index:19;}">
                <Coords points="971,1008 997,1008 1023,1008 1049,1007 1075,1007 1101,1007 1127,1007 1153,1007 1179,1007 1205,1007 1231,1007 1257,1007 1283,1007 1309,1008 1335,1008 1361,1009 1387,1010 1413,1011 1440,1013 1440,983 1413,981 1387,980 1361,979 1335,978 1309,978 1283,977 1257,977 1231,977 1205,977 1179,977 1153,977 1127,977 1101,977 1075,977 1049,977 1023,978 997,978 971,978"/>
                <Baseline points="971,998 997,998 1023,998 1049,997 1075,997 1101,997 1127,997 1153,997 1179,997 1205,997 1231,997 1257,997 1283,997 1309,998 1335,998 1361,999 1387,1000 1413,1001 1440,1003"/>
                <TextEquiv>
                    <Unicode>FAB. Donde se lleva colgada.</Unicode>
                </TextEquiv>
            </TextLine>
            <TextLine id="r_2_1l20" custom="readingOrder {index:20;}">
                <Coords points="966,1048 993,1048 1020,1048 1047,1047 1074,1047 1101,1047 1128,1047 1155,1047 1182,1047 1209,1047 1236,1047 1263,1048 1290,1048 1317,1048 1344,1049 1371,1050 1398,1051 1425,1051 1452,1053 1479,1054 1506,1055 1506,1025 1479,1024 1452,1023 1425,1021 1398,1021 1371,1020 1344,1019 1317,1018 1290,1018 1263,1018 1236,1017 1209,1017 1182,1017 1155,1017 1128,1017 1101,1017 1074,1017 1047,1017 1020,1018 993,1018 966,1018"/>
                <Baseline points="966,1038 993,1038 1020,1038 1047,1037 1074,1037 1101,1037 1128,1037 1155,1037 1182,1037 1209,1037 1236,1037 1263,1038 1290,1038 1317,1038 1344,1039 1371,1040 1398,1041 1425,1041 1452,1043 1479,1044 1506,1045"/>
                <TextEquiv>
                    <Unicode>PANC. Y si yo me hago sargento,</Unicode>
                </TextEquiv>
            </TextLine>
            <TextLine id="r_2_1l21" custom="readingOrder {index:21;}">
                <Coords points="1011,1088 1036,1087 1062,1086 1088,1086 1113,1086 1139,1086 1165,1085 1190,1085 1216,1086 1242,1086 1267,1086 1293,1087 1319,1088 1344,1089 1370,1090 1396,1090 1422,1092 1422,1062 1396,1060 1370,1060 1344,1059 1319,1058 1293,1057 1267,1056 1242,1056 1216,1056 1190,1055 1165,1055 1139,1056 1113,1056 1088,1056 1062,1056 1036,1057 1011,1058"/>
                <Baseline points="1011,1078 1036,1077 1062,1076 1088,1076 1113,1076 1139,1076 1165,1075 1190,1075 1216,1076 1242,1076 1267,1076 1293,1077 1319,1078 1344,1079 1370,1080 1396,1080 1422,1082"/>
                <TextEquiv>
                    <Unicode>me daran esa chanfaina </Unicode>
                </TextEquiv>
            </TextLine>
            <TextLine id="r_2_1l22" custom="readingOrder {index:22;}">
                <Coords points="1012,1127 1037,1126 1063,1126 1088,1126 1114,1126 1139,1125 1165,1125 1190,1125 1216,1125 1241,1126 1267,1126 1292,1127 1318,1127 1343,1128 1369,1129 1394,1131 1420,1132 1420,1102 1394,1101 1369,1099 1343,1098 1318,1097 1292,1097 1267,1096 1241,1096 1216,1095 1190,1095 1165,1095 1139,1095 1114,1096 1088,1096 1063,1096 1037,1096 1012,1097"/>
                <Baseline points="1012,1117 1037,1116 1063,1116 1088,1116 1114,1116 1139,1115 1165,1115 1190,1115 1216,1115 1241,1116 1267,1116 1292,1117 1318,1117 1343,1118 1369,1119 1394,1121 1420,1122"/>
                <TextEquiv>
                    <Unicode>de fornituras, sombrero.</Unicode>
                </TextEquiv>
            </TextLine>
            <TextLine id="r_2_1l23" custom="readingOrder {index:23;}">
                <Coords points="1006,1165 1032,1165 1058,1166 1084,1166 1110,1166 1137,1166 1163,1166 1189,1165 1215,1165 1242,1166 1268,1166 1294,1166 1320,1167 1346,1167 1373,1169 1399,1170 1425,1172 1451,1173 1478,1176 1478,1146 1451,1143 1425,1142 1399,1140 1373,1139 1346,1137 1320,1137 1294,1136 1268,1136 1242,1136 1215,1135 1189,1135 1163,1136 1137,1136 1110,1136 1084,1136 1058,1136 1032,1135 1006,1135"/>
                <Baseline points="1006,1155 1032,1155 1058,1156 1084,1156 1110,1156 1137,1156 1163,1156 1189,1155 1215,1155 1242,1156 1268,1156 1294,1156 1320,1157 1346,1157 1373,1159 1399,1160 1425,1162 1451,1163 1478,1166"/>
                <TextEquiv>
                    <Unicode>aceite, uniforme, espada....</Unicode>
                </TextEquiv>
            </TextLine>
            <TextLine id="r_2_1l24" custom="readingOrder {index:24;}">
                <Coords points="976,1205 1001,1206 1026,1206 1051,1206 1076,1205 1101,1205 1126,1205 1151,1205 1176,1204 1201,1204 1226,1204 1251,1204 1276,1205 1301,1205 1326,1205 1351,1206 1376,1207 1401,1209 1426,1211 1452,1213 1452,1183 1426,1181 1401,1179 1376,1177 1351,1176 1326,1175 1301,1175 1276,1175 1251,1174 1226,1174 1201,1174 1176,1174 1151,1175 1126,1175 1101,1175 1076,1175 1051,1176 1026,1176 1001,1176 976,1175"/>
                <Baseline points="976,1195 1001,1196 1026,1196 1051,1196 1076,1195 1101,1195 1126,1195 1151,1195 1176,1194 1201,1194 1226,1194 1251,1194 1276,1195 1301,1195 1326,1195 1351,1196 1376,1197 1401,1199 1426,1201 1452,1203"/>
                <TextEquiv>
                    <Unicode>FAB. Sargento no puedes ser</Unicode>
                </TextEquiv>
            </TextLine>
            <TextLine id="r_2_1l25" custom="readingOrder {index:25;}">
                <Coords points="1009,1245 1034,1245 1060,1245 1086,1245 1111,1245 1137,1245 1163,1244 1188,1244 1214,1244 1240,1244 1265,1244 1291,1245 1317,1245 1342,1246 1368,1247 1394,1249 1420,1251 1420,1221 1394,1219 1368,1217 1342,1216 1317,1215 1291,1215 1265,1214 1240,1214 1214,1214 1188,1214 1163,1214 1137,1215 1111,1215 1086,1215 1060,1215 1034,1215 1009,1215"/>
                <Baseline points="1009,1235 1034,1235 1060,1235 1086,1235 1111,1235 1137,1235 1163,1234 1188,1234 1214,1234 1240,1234 1265,1234 1291,1235 1317,1235 1342,1236 1368,1237 1394,1239 1420,1241"/>
                <TextEquiv>
                    <Unicode>ahora á primera entrada:</Unicode>
                </TextEquiv>
            </TextLine>
            <TextLine id="r_2_1l26" custom="readingOrder {index:26;}">
                <Coords points="1008,1285 1033,1285 1058,1285 1084,1285 1109,1285 1135,1285 1160,1285 1185,1284 1211,1284 1236,1284 1262,1284 1287,1285 1312,1285 1338,1286 1363,1287 1389,1289 1389,1259 1363,1257 1338,1256 1312,1255 1287,1255 1262,1254 1236,1254 1211,1254 1185,1254 1160,1255 1135,1255 1109,1255 1084,1255 1058,1255 1033,1255 1008,1255"/>
                <Baseline points="1008,1275 1033,1275 1058,1275 1084,1275 1109,1275 1135,1275 1160,1275 1185,1274 1211,1274 1236,1274 1262,1274 1287,1275 1312,1275 1338,1276 1363,1277 1389,1279"/>
                <TextEquiv>
                    <Unicode>lo que si puedes hacer</Unicode>
                </TextEquiv>
            </TextLine>
            <TextLine id="r_2_1l27" custom="readingOrder {index:27;}">
                <Coords points="1010,1324 1036,1324 1062,1324 1088,1324 1114,1324 1140,1324 1166,1323 1192,1323 1218,1324 1245,1324 1271,1324 1297,1325 1323,1326 1349,1327 1375,1328 1401,1330 1427,1331 1454,1334 1454,1304 1427,1301 1401,1300 1375,1298 1349,1297 1323,1296 1297,1295 1271,1294 1245,1294 1218,1294 1192,1293 1166,1293 1140,1294 1114,1294 1088,1294 1062,1294 1036,1294 1010,1294"/>
                <Baseline points="1010,1314 1036,1314 1062,1314 1088,1314 1114,1314 1140,1314 1166,1313 1192,1313 1218,1314 1245,1314 1271,1314 1297,1315 1323,1316 1349,1317 1375,1318 1401,1320 1427,1321 1454,1324"/>
                <TextEquiv>
                    <Unicode>por ahora, es sentar plaza,</Unicode>
                </TextEquiv>
            </TextLine>
            <TextLine id="r_2_1l28" custom="readingOrder {index:28;}">
                <Coords points="1012,1363 1038,1363 1064,1364 1090,1364 1116,1363 1142,1363 1168,1364 1195,1364 1221,1364 1247,1364 1273,1365 1299,1365 1325,1366 1351,1367 1378,1368 1378,1338 1351,1337 1325,1336 1299,1335 1273,1335 1247,1334 1221,1334 1195,1334 1168,1334 1142,1333 1116,1333 1090,1334 1064,1334 1038,1333 1012,1333"/>
                <Baseline points="1012,1353 1038,1353 1064,1354 1090,1354 1116,1353 1142,1353 1168,1354 1195,1354 1221,1354 1247,1354 1273,1355 1299,1355 1325,1356 1351,1357 1378,1358"/>
                <TextEquiv>
                    <Unicode>te daran tu vestuario,</Unicode>
                </TextEquiv>
            </TextLine>
            <TextLine id="r_2_1l29" custom="readingOrder {index:29;}">
                <Coords points="1012,1403 1038,1402 1064,1402 1091,1402 1117,1402 1144,1402 1170,1402 1196,1402 1223,1403 1249,1403 1276,1404 1302,1405 1328,1405 1355,1406 1381,1406 1408,1407 1408,1377 1381,1376 1355,1376 1328,1375 1302,1375 1276,1374 1249,1373 1223,1373 1196,1372 1170,1372 1144,1372 1117,1372 1091,1372 1064,1372 1038,1372 1012,1373"/>
                <Baseline points="1012,1393 1038,1392 1064,1392 1091,1392 1117,1392 1144,1392 1170,1392 1196,1392 1223,1393 1249,1393 1276,1394 1302,1395 1328,1395 1355,1396 1381,1396 1408,1397"/>
                <TextEquiv>
                    <Unicode>trece cuartos y tu cama.</Unicode>
                </TextEquiv>
            </TextLine>
            <TextLine id="r_2_1l30" custom="readingOrder {index:30;}">
                <Coords points="970,1446 999,1445 1029,1443 1059,1442 1089,1442 1119,1442 1148,1441 1178,1441 1208,1442 1238,1442 1268,1442 1297,1443 1327,1444 1357,1444 1387,1445 1417,1446 1446,1447 1476,1447 1506,1448 1536,1449 1566,1450 1566,1420 1536,1419 1506,1418 1476,1417 1446,1417 1417,1416 1387,1415 1357,1414 1327,1414 1297,1413 1268,1412 1238,1412 1208,1412 1178,1411 1148,1411 1119,1412 1089,1412 1059,1412 1029,1413 999,1415 970,1416"/>
                <Baseline points="970,1436 999,1435 1029,1433 1059,1432 1089,1432 1119,1432 1148,1431 1178,1431 1208,1432 1238,1432 1268,1432 1297,1433 1327,1434 1357,1434 1387,1435 1417,1436 1446,1437 1476,1437 1506,1438 1536,1439 1566,1440"/>
                <TextEquiv>
                    <Unicode>PANC. Mientes que he estado sentado</Unicode>
                </TextEquiv>
            </TextLine>
            <TextLine id="r_2_1l31" custom="readingOrder {index:31;}">
                <Coords points="1012,1481 1037,1481 1063,1481 1088,1481 1114,1481 1140,1482 1165,1482 1191,1482 1217,1482 1242,1482 1268,1483 1293,1483 1319,1484 1345,1484 1370,1485 1396,1486 1422,1487 1422,1457 1396,1456 1370,1455 1345,1454 1319,1454 1293,1453 1268,1453 1242,1452 1217,1452 1191,1452 1165,1452 1140,1452 1114,1451 1088,1451 1063,1451 1037,1451 1012,1451"/>
                <Baseline points="1012,1471 1037,1471 1063,1471 1088,1471 1114,1471 1140,1472 1165,1472 1191,1472 1217,1472 1242,1472 1268,1473 1293,1473 1319,1474 1345,1474 1370,1475 1396,1476 1422,1477"/>
                <TextEquiv>
                    <Unicode>yo esta mañana enla plaza</Unicode>
                </TextEquiv>
            </TextLine>
            <TextLine id="r_2_1l32" custom="readingOrder {index:32;}">
                <Coords points="1011,1524 1036,1523 1062,1523 1088,1522 1113,1522 1139,1521 1165,1521 1191,1521 1216,1521 1242,1522 1268,1522 1294,1522 1319,1523 1345,1524 1371,1524 1397,1525 1397,1495 1371,1494 1345,1494 1319,1493 1294,1492 1268,1492 1242,1492 1216,1491 1191,1491 1165,1491 1139,1491 1113,1492 1088,1492 1062,1493 1036,1493 1011,1494"/>
                <Baseline points="1011,1514 1036,1513 1062,1513 1088,1512 1113,1512 1139,1511 1165,1511 1191,1511 1216,1511 1242,1512 1268,1512 1294,1512 1319,1513 1345,1514 1371,1514 1397,1515"/>
                <TextEquiv>
                    <Unicode>y no ha habido siquiera</Unicode>
                </TextEquiv>
            </TextLine>
            <TextLine id="r_2_1l33" custom="readingOrder {index:33;}">
                <Coords points="1008,1562 1033,1562 1058,1562 1084,1562 1109,1562 1135,1562 1160,1561 1186,1561 1211,1561 1237,1561 1262,1561 1287,1561 1313,1562 1338,1562 1364,1563 1389,1564 1415,1565 1440,1567 1466,1568 1466,1538 1440,1537 1415,1535 1389,1534 1364,1533 1338,1532 1313,1532 1287,1531 1262,1531 1237,1531 1211,1531 1186,1531 1160,1531 1135,1532 1109,1532 1084,1532 1058,1532 1033,1532 1008,1532"/>
                <Baseline points="1008,1552 1033,1552 1058,1552 1084,1552 1109,1552 1135,1552 1160,1551 1186,1551 1211,1551 1237,1551 1262,1551 1287,1551 1313,1552 1338,1552 1364,1553 1389,1554 1415,1555 1440,1557 1466,1558"/>
                <TextEquiv>
                    <Unicode>quien me diera dos castañas.</Unicode>
                </TextEquiv>
            </TextLine>
            <TextLine id="r_2_1l34" custom="readingOrder {index:34;}">
                <Coords points="961,1604 986,1603 1012,1603 1038,1603 1064,1602 1089,1602 1115,1601 1141,1601 1167,1601 1193,1600 1218,1600 1244,1600 1270,1600 1296,1601 1322,1601 1347,1601 1373,1602 1399,1603 1425,1605 1451,1606 1451,1576 1425,1575 1399,1573 1373,1572 1347,1571 1322,1571 1296,1571 1270,1570 1244,1570 1218,1570 1193,1570 1167,1571 1141,1571 1115,1571 1089,1572 1064,1572 1038,1573 1012,1573 986,1573 961,1574"/>
                <Baseline points="961,1594 986,1593 1012,1593 1038,1593 1064,1592 1089,1592 1115,1591 1141,1591 1167,1591 1193,1590 1218,1590 1244,1590 1270,1590 1296,1591 1322,1591 1347,1591 1373,1592 1399,1593 1425,1595 1451,1596"/>
                <TextEquiv>
                    <Unicode>FAB. Ya veo que tú entiendes</Unicode>
                </TextEquiv>
            </TextLine>
            <TextLine id="r_2_1l35" custom="readingOrder {index:35;}">
                <Coords points="1012,1641 1037,1641 1063,1641 1088,1640 1114,1640 1140,1640 1165,1640 1191,1640 1217,1640 1242,1641 1268,1641 1294,1641 1319,1641 1345,1642 1371,1642 1396,1643 1422,1644 1448,1644 1448,1614 1422,1614 1396,1613 1371,1612 1345,1612 1319,1611 1294,1611 1268,1611 1242,1611 1217,1610 1191,1610 1165,1610 1140,1610 1114,1610 1088,1610 1063,1611 1037,1611 1012,1611"/>
                <Baseline points="1012,1631 1037,1631 1063,1631 1088,1630 1114,1630 1140,1630 1165,1630 1191,1630 1217,1630 1242,1631 1268,1631 1294,1631 1319,1631 1345,1632 1371,1632 1396,1633 1422,1634 1448,1634"/>
                <TextEquiv>
                    <Unicode>de esto poquisimo ó nada.</Unicode>
                </TextEquiv>
            </TextLine>
            <TextLine id="r_2_1l36" custom="readingOrder {index:36;}">
                <Coords points="963,1683 990,1683 1017,1682 1044,1682 1072,1682 1099,1681 1126,1681 1153,1681 1181,1680 1208,1680 1235,1680 1262,1680 1290,1680 1317,1680 1344,1681 1371,1681 1399,1682 1426,1683 1453,1684 1480,1685 1508,1687 1508,1657 1480,1655 1453,1654 1426,1653 1399,1652 1371,1651 1344,1651 1317,1650 1290,1650 1262,1650 1235,1650 1208,1650 1181,1650 1153,1651 1126,1651 1099,1651 1072,1652 1044,1652 1017,1652 990,1653 963,1653"/>
                <Baseline points="963,1673 990,1673 1017,1672 1044,1672 1072,1672 1099,1671 1126,1671 1153,1671 1181,1670 1208,1670 1235,1670 1262,1670 1290,1670 1317,1670 1344,1671 1371,1671 1399,1672 1426,1673 1453,1674 1480,1675 1508,1677"/>
                <TextEquiv>
                    <Unicode>PANC. Que quieres si en mi lugar</Unicode>
                </TextEquiv>
            </TextLine>
            <TextLine id="r_2_1l37" custom="readingOrder {index:37;}">
                <Coords points="1001,1722 1026,1721 1052,1721 1077,1721 1103,1720 1128,1720 1154,1720 1179,1720 1205,1719 1231,1720 1256,1720 1282,1720 1307,1720 1333,1721 1358,1721 1384,1722 1410,1723 1410,1693 1384,1692 1358,1691 1333,1691 1307,1690 1282,1690 1256,1690 1231,1690 1205,1689 1179,1690 1154,1690 1128,1690 1103,1690 1077,1691 1052,1691 1026,1691 1001,1692"/>
                <Baseline points="1001,1712 1026,1711 1052,1711 1077,1711 1103,1710 1128,1710 1154,1710 1179,1710 1205,1709 1231,1710 1256,1710 1282,1710 1307,1710 1333,1711 1358,1711 1384,1712 1410,1713"/>
                <TextEquiv>
                    <Unicode>de esa fruta no se gasta.</Unicode>
                </TextEquiv>
            </TextLine>
            <TextLine id="r_2_1l38" custom="readingOrder {index:38;}">
                <Coords points="998,1761 1023,1760 1049,1760 1074,1760 1100,1760 1125,1760 1151,1760 1176,1760 1202,1760 1227,1760 1253,1760 1278,1760 1304,1760 1329,1761 1355,1761 1380,1762 1406,1763 1431,1764 1457,1764 1482,1765 1508,1766 1508,1736 1482,1735 1457,1734 1431,1734 1406,1733 1380,1732 1355,1731 1329,1731 1304,1730 1278,1730 1253,1730 1227,1730 1202,1730 1176,1730 1151,1730 1125,1730 1100,1730 1074,1730 1049,1730 1023,1730 998,1731"/>
                <Baseline points="998,1751 1023,1750 1049,1750 1074,1750 1100,1750 1125,1750 1151,1750 1176,1750 1202,1750 1227,1750 1253,1750 1278,1750 1304,1750 1329,1751 1355,1751 1380,1752 1406,1753 1431,1754 1457,1754 1482,1755 1508,1756"/>
                <TextEquiv>
                    <Unicode>Y esos hombres, dí Fabricio, </Unicode>
                </TextEquiv>
            </TextLine>
            <TextLine id="r_2_1l39" custom="readingOrder {index:39;}">
                <Coords points="1004,1798 1030,1799 1057,1800 1083,1800 1110,1800 1136,1800 1163,1800 1189,1800 1216,1800 1242,1800 1269,1800 1295,1800 1322,1800 1348,1800 1375,1801 1401,1802 1428,1803 1428,1773 1401,1772 1375,1771 1348,1770 1322,1770 1295,1770 1269,1770 1242,1770 1216,1770 1189,1770 1163,1770 1136,1770 1110,1770 1083,1770 1057,1770 1030,1769 1004,1768"/>
                <Baseline points="1004,1788 1030,1789 1057,1790 1083,1790 1110,1790 1136,1790 1163,1790 1189,1790 1216,1790 1242,1790 1269,1790 1295,1790 1322,1790 1348,1790 1375,1791 1401,1792 1428,1793"/>
                <TextEquiv>
                    <Unicode>cómo es como se llaman?</Unicode>
                </TextEquiv>
            </TextLine>
            <TextLine id="r_2_1l40" custom="readingOrder {index:40;}">
                <Coords points="956,1839 982,1840 1009,1840 1035,1840 1062,1840 1088,1840 1115,1840 1141,1840 1168,1840 1194,1839 1221,1839 1247,1839 1274,1840 1274,1810 1247,1809 1221,1809 1194,1809 1168,1810 1141,1810 1115,1810 1088,1810 1062,1810 1035,1810 1009,1810 982,1810 956,1809"/>
                <Baseline points="956,1829 982,1830 1009,1830 1035,1830 1062,1830 1088,1830 1115,1830 1141,1830 1168,1830 1194,1829 1221,1829 1247,1829 1274,1830"/>
                <TextEquiv>
                    <Unicode>FAB. Soldado raso.</Unicode>
                </TextEquiv>
            </TextLine>
            <TextLine id="r_2_1l41" custom="readingOrder {index:41;}">
                <Coords points="956,1877 986,1879 1016,1880 1047,1880 1047,1850 1016,1850 986,1849 956,1847"/>
                <Baseline points="956,1867 986,1869 1016,1870 1047,1870"/>
                <TextEquiv>
                    <Unicode>PANC.</Unicode>
                </TextEquiv>
            </TextLine>
            <TextLine id="r_2_1l42" custom="readingOrder {index:42;}">
                <Coords points="1299,1878 1325,1879 1351,1880 1378,1880 1404,1880 1430,1881 1457,1882 1483,1884 1510,1887 1510,1857 1483,1854 1457,1852 1430,1851 1404,1850 1378,1850 1351,1850 1325,1849 1299,1848"/>
                <Baseline points="1299,1868 1325,1869 1351,1870 1378,1870 1404,1870 1430,1871 1457,1872 1483,1874 1510,1877"/>
                <TextEquiv>
                    <Unicode>Abrenuncio,</Unicode>
                </TextEquiv>
            </TextLine>
            <TextLine id="r_2_1l43" custom="readingOrder {index:43;}">
                <Coords points="1004,1918 1030,1918 1056,1918 1082,1918 1108,1918 1134,1918 1160,1918 1186,1917 1212,1917 1239,1917 1265,1917 1291,1917 1317,1918 1343,1918 1369,1919 1395,1921 1421,1922 1448,1924 1448,1894 1421,1892 1395,1891 1369,1889 1343,1888 1317,1888 1291,1887 1265,1887 1239,1887 1212,1887 1186,1887 1160,1888 1134,1888 1108,1888 1082,1888 1056,1888 1030,1888 1004,1888"/>
                <Baseline points="1004,1908 1030,1908 1056,1908 1082,1908 1108,1908 1134,1908 1160,1908 1186,1907 1212,1907 1239,1907 1265,1907 1291,1907 1317,1908 1343,1908 1369,1909 1395,1911 1421,1912 1448,1914"/>
                <TextEquiv>
                    <Unicode>pues á mi gusto no encaja;</Unicode>
                </TextEquiv>
            </TextLine>
            <TextLine id="r_2_1l44" custom="readingOrder {index:44;}">
                <Coords points="1004,1957 1030,1957 1057,1958 1084,1958 1110,1958 1137,1958 1164,1957 1191,1957 1217,1957 1244,1957 1271,1957 1297,1958 1324,1958 1351,1960 1378,1961 1378,1931 1351,1930 1324,1928 1297,1928 1271,1927 1244,1927 1217,1927 1191,1927 1164,1927 1137,1928 1110,1928 1084,1928 1057,1928 1030,1927 1004,1927"/>
                <Baseline points="1004,1947 1030,1947 1057,1948 1084,1948 1110,1948 1137,1948 1164,1947 1191,1947 1217,1947 1244,1947 1271,1947 1297,1948 1324,1948 1351,1950 1378,1951"/>
                <TextEquiv>
                    <Unicode>si fuera de terciopelo,</Unicode>
                </TextEquiv>
            </TextLine>
            <TextLine id="r_2_1l45" custom="readingOrder {index:45;}">
                <Coords points="999,1997 1025,1997 1051,1997 1078,1997 1104,1997 1131,1997 1157,1997 1184,1997 1210,1997 1236,1997 1263,1997 1289,1997 1316,1998 1342,1998 1369,1998 1395,1999 1422,1999 1422,1969 1395,1969 1369,1968 1342,1968 1316,1968 1289,1967 1263,1967 1236,1967 1210,1967 1184,1967 1157,1967 1131,1967 1104,1967 1078,1967 1051,1967 1025,1967 999,1967"/>
                <Baseline points="999,1987 1025,1987 1051,1987 1078,1987 1104,1987 1131,1987 1157,1987 1184,1987 1210,1987 1236,1987 1263,1987 1289,1987 1316,1988 1342,1988 1369,1988 1395,1989 1422,1989"/>
                <TextEquiv>
                    <Unicode>sí, pero raso nequaquam.</Unicode>
                </TextEquiv>
            </TextLine>
            <TextLine id="r_2_1l46" custom="readingOrder {index:46;}">
                <Coords points="954,2038 979,2038 1004,2037 1029,2037 1054,2037 1080,2037 1105,2037 1130,2037 1155,2037 1181,2037 1206,2038 1231,2038 1256,2039 1282,2040 1282,2010 1256,2009 1231,2008 1206,2008 1181,2007 1155,2007 1130,2007 1105,2007 1080,2007 1054,2007 1029,2007 1004,2007 979,2008 954,2008"/>
                <Baseline points="954,2028 979,2028 1004,2027 1029,2027 1054,2027 1080,2027 1105,2027 1130,2027 1155,2027 1181,2027 1206,2028 1231,2028 1256,2029 1282,2030"/>
                <TextEquiv>
                    <Unicode>FAB. No seas terco,</Unicode>
                </TextEquiv>
            </TextLine>
            <TextLine id="r_2_1l47" custom="readingOrder {index:47;}">
                <Coords points="959,2076 996,2076 1033,2078 1033,2048 996,2046 959,2046"/>
                <Baseline points="959,2066 996,2066 1033,2068"/>
                <TextEquiv>
                    <Unicode>PANC</Unicode>
                </TextEquiv>
            </TextLine>
            <TextLine id="r_2_1l48" custom="readingOrder {index:48;}">
                <Coords points="1308,2074 1334,2076 1360,2078 1386,2079 1412,2080 1439,2080 1465,2081 1491,2082 1517,2084 1544,2085 1544,2055 1517,2054 1491,2052 1465,2051 1439,2050 1412,2050 1386,2049 1360,2048 1334,2046 1308,2044"/>
                <Baseline points="1308,2064 1334,2066 1360,2068 1386,2069 1412,2070 1439,2070 1465,2071 1491,2072 1517,2074 1544,2075"/>
                <TextEquiv>
                    <Unicode>Ten paciencia,</Unicode>
                </TextEquiv>
            </TextLine>
            <TextLine id="r_2_1l49" custom="readingOrder {index:49;}">
                <Coords points="1004,2116 1029,2116 1054,2116 1079,2116 1104,2116 1129,2116 1154,2116 1179,2116 1205,2116 1230,2116 1255,2116 1280,2117 1305,2118 1330,2118 1355,2120 1380,2122 1406,2123 1406,2093 1380,2092 1355,2090 1330,2088 1305,2088 1280,2087 1255,2086 1230,2086 1205,2086 1179,2086 1154,2086 1129,2086 1104,2086 1079,2086 1054,2086 1029,2086 1004,2086"/>
                <Baseline points="1004,2106 1029,2106 1054,2106 1079,2106 1104,2106 1129,2106 1154,2106 1179,2106 1205,2106 1230,2106 1255,2106 1280,2107 1305,2108 1330,2108 1355,2110 1380,2112 1406,2113"/>
                <TextEquiv>
                    <Unicode>y hazme sí te dá la gana,</Unicode>
                </TextEquiv>
            </TextLine>
            <TextLine id="r_2_1l50" custom="readingOrder {index:50;}">
                <Coords points="996,2155 1022,2155 1048,2155 1074,2155 1100,2155 1126,2155 1152,2155 1178,2155 1204,2155 1230,2155 1256,2156 1282,2156 1308,2156 1334,2157 1360,2157 1360,2127 1334,2127 1308,2126 1282,2126 1256,2126 1230,2125 1204,2125 1178,2125 1152,2125 1126,2125 1100,2125 1074,2125 1048,2125 1022,2125 996,2125"/>
                <Baseline points="996,2145 1022,2145 1048,2145 1074,2145 1100,2145 1126,2145 1152,2145 1178,2145 1204,2145 1230,2145 1256,2146 1282,2146 1308,2146 1334,2147 1360,2147"/>
                <TextEquiv>
                    <Unicode>soldado liso ó pelado,</Unicode>
                </TextEquiv>
            </TextLine>
            <TextLine id="r_2_1l51" custom="readingOrder {index:51;}">
                <Coords points="994,2193 1020,2194 1046,2194 1072,2195 1098,2195 1124,2195 1150,2195 1176,2195 1202,2195 1228,2195 1254,2195 1280,2195 1306,2196 1332,2196 1358,2196 1384,2197 1410,2197 1436,2199 1462,2200 1488,2201 1488,2171 1462,2170 1436,2169 1410,2167 1384,2167 1358,2166 1332,2166 1306,2166 1280,2165 1254,2165 1228,2165 1202,2165 1176,2165 1150,2165 1124,2165 1098,2165 1072,2165 1046,2164 1020,2164 994,2163"/>
                <Baseline points="994,2183 1020,2184 1046,2184 1072,2185 1098,2185 1124,2185 1150,2185 1176,2185 1202,2185 1228,2185 1254,2185 1280,2185 1306,2186 1332,2186 1358,2186 1384,2187 1410,2187 1436,2189 1462,2190 1488,2191"/>
                <TextEquiv>
                    <Unicode>que á mi no me importa nada</Unicode>
                </TextEquiv>
            </TextLine>
            <TextLine id="r_2_1l52" custom="readingOrder {index:52;}">
                <Coords points="996,2232 1021,2233 1046,2233 1071,2234 1096,2234 1121,2234 1147,2234 1172,2235 1197,2235 1222,2235 1247,2235 1272,2235 1298,2235 1323,2236 1348,2236 1373,2237 1398,2238 1424,2239 1424,2209 1398,2208 1373,2207 1348,2206 1323,2206 1298,2205 1272,2205 1247,2205 1222,2205 1197,2205 1172,2205 1147,2204 1121,2204 1096,2204 1071,2204 1046,2203 1021,2203 996,2202"/>
                <Baseline points="996,2222 1021,2223 1046,2223 1071,2224 1096,2224 1121,2224 1147,2224 1172,2225 1197,2225 1222,2225 1247,2225 1272,2225 1298,2225 1323,2226 1348,2226 1373,2227 1398,2228 1424,2229"/>
                <TextEquiv>
                    <Unicode>el ser pelado ó con pelo,</Unicode>
                </TextEquiv>
            </TextLine>
            <TextLine id="r_2_1l53" custom="readingOrder {index:53;}">
                <Coords points="1000,2275 1025,2275 1050,2275 1076,2275 1101,2275 1127,2275 1152,2275 1178,2275 1203,2275 1229,2276 1254,2276 1280,2276 1305,2277 1331,2277 1356,2278 1382,2279 1382,2249 1356,2248 1331,2247 1305,2247 1280,2246 1254,2246 1229,2246 1203,2245 1178,2245 1152,2245 1127,2245 1101,2245 1076,2245 1050,2245 1025,2245 1000,2245"/>
                <Baseline points="1000,2265 1025,2265 1050,2265 1076,2265 1101,2265 1127,2265 1152,2265 1178,2265 1203,2265 1229,2266 1254,2266 1280,2266 1305,2267 1331,2267 1356,2268 1382,2269"/>
                <TextEquiv>
                    <Unicode>como yo llene la panza.</Unicode>
                </TextEquiv>
            </TextLine>
            <TextEquiv>
                <Unicode>4
Hoy soy sargénto, yseré
muy pronto, esto no es chanza,
Alferes, Teniente, y luego
Comandante ó Coronel....
PANCH. Y á tí que jornal te dan? 
FAB Tres reales al dia, cama,
uniforme, pan, aceite.
leña y otras cosas.
PANC. Y es comida el uniforme?
FAB. El uniforme es casaca,
chupa, calzon, fornituras,
sombrero....
PANC. Fabricio, aguarda,
que es eso de fornituras?
FAB. Fornituras es la espada, 
el cinturon....
PANC. 
el cinturion?
FAB. Donde se lleva colgada.
PANC. Y si yo me hago sargento,
me daran esa chanfaina 
de fornituras, sombrero.
aceite, uniforme, espada....
FAB. Sargento no puedes ser
ahora á primera entrada:
lo que si puedes hacer
por ahora, es sentar plaza,
te daran tu vestuario,
trece cuartos y tu cama.
PANC. Mientes que he estado sentado
yo esta mañana enla plaza
y no ha habido siquiera
quien me diera dos castañas.
FAB. Ya veo que tú entiendes
de esto poquisimo ó nada.
PANC. Que quieres si en mi lugar
de esa fruta no se gasta.
Y esos hombres, dí Fabricio, 
cómo es como se llaman?
FAB. Soldado raso.
PANC.
Abrenuncio,
pues á mi gusto no encaja;
si fuera de terciopelo,
sí, pero raso nequaquam.
FAB. No seas terco,
PANC
Ten paciencia,
y hazme sí te dá la gana,
soldado liso ó pelado,
que á mi no me importa nada
el ser pelado ó con pelo,
como yo llene la panza.</Unicode>
            </TextEquiv>
        </TextRegion>
        <SeparatorRegion id="r_3" custom="readingOrder {index:2;}">
            <Coords points="1,0 1765,0 1765,37 1,37"/>
        </SeparatorRegion>
        <SeparatorRegion id="r_4" custom="readingOrder {index:3;}">
            <Coords points="103,2476 1764,2476 1764,2512 103,2512"/>
        </SeparatorRegion>
    </Page>
</PcGts>
