1765 2512
301 291 343 333 8
199 353 766 387 PANC. Ronda, pan, avanza, avanza.
199 392 814 425 TIB. Qué hace vd. aqui, buen amigo?
199 432 842 465 PANC. No vé vd. que estoy de guardia?
203 469 810 504 TIB. Guardia en mangas de camisa!
199 509 724 544 PANC. Soy centinela á la usanza.
204 549 791 584 TIB. Vaya usted á dormir el lobo,
249 590 866 623 que lo ha tomado con gracia. vase.
200 630 724 665 PANC. Eso no lo entiendo bien,
250 669 644 704 pero Fabricio ya tarda,
246 707 663 742 y si el rancho no me trae
246 745 632 783 esta vida es arto mala.
401 828 682 861 Sale D. Tiburcio.
194 908 672 941 TIB. Habrá mayor picardia!
241 947 668 980 Ay traidora hija malvada!
245 986 672 1019 pero en tí, mal centinela,
245 1026 668 1058 tengo de vengar mi rabia;
238 1065 488 1099 toma, infame.
664 1063 760 1097 le dá.
200 1107 284 1139 PANC.
467 1104 726 1136 Hola! este pan
232 1143 624 1176 es la paga adelantada?
199 1184 647 1217 TIB. La paga asi te la doy.
415 1262 672 1292 Sale Fabricio.
193 1340 623 1372 FAB. Deteneos camarada.
191 1380 775 1413 PANC. Ay, Fabrício, que no quiren
243 1419 735 1449 crerme que estoy de guardia!
200 1459 791 1493 TIB. Buena cuenta me habeis dado;
233 1499 709 1532 sin mi hija me hallo en casa.
924 353 1472 387 FAB. Usted se ha tardado mucho,
972 391 1398 426 la obligacion me llamaba,
970 431 1380 466 dejé aqui este centinela,
969 471 1323 504 y veo, segun latraza,
975 511 1451 542 que tambien á el han quitado
967 548 1276 583 el fusil y la casaca.
927 591 1456 626 TIB. Donde podré yo encontrar
970 631 1382 665 á esta hija mia malvada?
1053 710 1493 745 Sale Florindo y Rosaura.
927 789 1478 821 ROS. A vuestros pies, padre mio.
932 829 1478 862 FLOR. A mi obediencia postrada
969 868 1358 901 os la pido para esposa,
972 907 1454 939 pues ya en mi poder se halla.
927 947 1456 980 TIB. No habiendo otro remedio,
976 985 1394 1018 casaos en paz y en gracia.
928 1025 1426 1059 PANC, Te parece á tí Fabricio,
965 1065 1442 1096 si me haran jefe de escuadra?
931 1105 1560 1137 FAR. Sí por lo bien que has cumplido.
967 1144 1377 1176 Qué hiciste de la casaca?
934 1183 1392 1217 FLOR. La casaca yo la tengo
964 1222 1436 1256 con el fusil bien guardada.
925 1262 1452 1297 PANC. Vamos al rancho por dios,
976 1302 1434 1335 porque tengo buenas ganas.
929 1341 1458 1376 FAR Lo mejor será que vuelvas
972 1381 1436 1414 á guardar machos y cabras.
932 1421 1468 1457 TODOS. Y aqui acaba este sainete,
968 1461 1430 1493 perdonar sus muchas faltas.
634 2229 1176 2265 REIMPRESO EN CARMONA.
315 2275 1503 2311 Imprenta de D. J. M. Moreno, calle Juan de la Cabra núm. 4.
