1338 1751
755 58 795 96 7
289 109 1165 144 Grac.  Y haré por vos cuarenta mil guisados.
285 154 1155 189 Lor....Cuánto ha que los dos somos casados?
289 197 1210 232 Grac.. . Desde anoche no mas: no es cosa bravá?
289 241 1138 276 Lor... Digo que decis bien no me acordaba.
293 286 1081 320 Grac.. Toda la vida habeis de ser prolijo.
289 329 1116 364 Lor....Y digo, muger, tenemos algun hijo?
291 374 1086 411 Grac...Cómo, si estoy guisando la comida,
426 418 1077 452 he de tener lugar de estar parida?
291 461 1046 499 Lor... Decís muy bien, así he reparado,
422 506 1040 541 que parireis estando convidado.
291 550 1050 584 Grac.. En teniendo lugar, adredemente
430 594 1056 631 he de parir tres hijos de repente,
420 638 1046 673 á Juanico, Sanchico y Mariquita,
430 684 1044 717 y todos sacarán vuestra boquita,
426 726 1149 763 y á vos os sacaran tambien mil canas.
422 771 1175 805 cuando á los tres veais por las mañanas
420 814 1028 849 besaros y espulgaros la barbita;
418 860 970 893 y sobre todo á la Mariquita,
422 903 1154 939 que tiene un pico, que es famosa cosa.
286 948 1168 986 Lor...Lo que es la Mariquita, es muy donosa,
425 993 861 1028 y el pico es estremado.
593 1081 954 1117 DENTRO IL VEJETE.
297 1170 1161 1204 Vej... Dejadme entrar á dar á este menguado
418 1215 1112 1252 sus cuatrocientos palos de contado,
287 1256 952 1294 Lor...—Qué es esto? que despecho!
612 1348 932 1383 SALE EL VEJETE.
289 1434 1269 1473 Vej..... Pues simple, mentecato, dí, qué has hecho?
286 1478 876 1519 Lor....—Que me he casado hoy.
295 1522 669 1562 Vej.... Esto resisto?
