1338 1751
777 204 810 258 5
342 267 1094 299 1.°. Sabe hacer un gigote, un estofedo,
437 310 1098 343 sabe hacer un cocido y un lavado,
443 353 1144 388 y hace mas, atended, no, seais rudo.
307 398 648 432 Lor....Qué hace?
341 443 1000 475 1.°. A las maravillas un menudo.
303 486 1268 521 Lor... Hace? por Dios que acerquen las morcillas,
448 530 1146 563 porque es muy lejos á las Maravillas.
334 574 1095 611 1.°. Yo voy á prevenir una gran fiesta,
445 618 1172 652 que anoche fué la boda muy funesta:
448 662 1236 699 y no hay que encarecer lo que me place,
435 708 1229 745 porque aquestas son cosas que Dios hace.
527 794 1053 831 VASE, Y SALE EL HOMRRE 2..
338 885 1214 920 2.°. Lorenzo sabe Dios lo que me he holgado
439 929 1190 961 de que tan buena suerte habeis logrado
445 973 1150 1007 con muger que platica tantos modes.
303 1018 1143 1053 Lor... Será verdad, pues me lo dicen todos;
439 1063 1158 1097 mas como soy tan flaco de memoria,
446 1106 971 1139 no me acuerdo: decidme:::
349 1150 726 1185 2.°. Linda historia!
314 1193 1166 1230 Lor....Cuánto ha que con ella me he casado?
337 1238 1225 1272 2.°. Pues anoche no fué? no seais menguado:
439 1282 1195 1316 ella os traerá remendado y bien cosido,
441 1328 1050 1360 lavado relavado, y muy pulido,
445 1372 1169 1403 sobre ser tan honrada y ser tan bella.
304 1414 1126 1449 Lor... Válgame Dios, y lo que deseo vella!
447 1459 1150 1492 no reposo hasta haberla conseguido.
333 1503 1209 1538 2.°. Eso es muy bueno, habiendo ya dormido
438 1548 898 1582 con ella aquesta noche.
306 1594 629 1629 Lor... Eso sería,
438 1636 1084 1670 que no la pude ver como dormia.
326 1678 1052 1715 2.°. Ella sale, empezar á acariciarla.
