<?xml version="1.0" encoding="UTF-8" standalone="yes"?>
<PcGts xmlns="http://schema.primaresearch.org/PAGE/gts/pagecontent/2013-07-15" xmlns:xsi="http://www.w3.org/2001/XMLSchema-instance" xsi:schemaLocation="http://schema.primaresearch.org/PAGE/gts/pagecontent/2013-07-15 http://schema.primaresearch.org/PAGE/gts/pagecontent/2013-07-15/pagecontent.xsd">
    <Metadata>
        <Creator>prov=University of Rostock/Institute of Mathematics/CITlab|PLANET AI GmbH/Gundram Leifert/gundram.leifert@planet-ai.de:name=Pliegos de Cordel (XIXe) - v4(htr_id=27283)::::v=2.6.7
prov=University of Rostock/Institute of Mathematics/CITlab|PLANET AI GmbH/Tobias Gruening/tobias.gruening@planet-ai.de:name=de.uros.citlab.module.baseline2polygon.B2PSeamMultiOriented:v=2.6.7
prov=University of Rostock/Institute of Mathematics/CITlab|PLANET AI GmbH/Tobias Gruening/tobias.gruening@planet-ai.de:name=/net_tf/LA73_249_0mod360.pb:de.uros.citlab.segmentation.CITlab_LA_ML:v=2.6.7
Transkribus</Creator>
        <Created>2020-11-09T10:43:10.53+01:00</Created>
        <LastChange>2020-11-09T17:52:12.911+01:00</LastChange>
        <Comments>
                Measurement unit: pixel
                PrimaryLanguage: 
                Producer: Transkribus
            </Comments>
        <TranskribusMetadata docId="525371" pageId="22317909" pageNr="39" tsid="48450922" status="DONE" userId="66244" imgUrl="https://files.transkribus.eu/Get?id=HFLEKOGHPOIKCSLOOOMUPBRQ&amp;fileType=view" xmlUrl="https://files.transkribus.eu/Get?id=PBKSTZPEKDPZEPEAOEDVNIJN" imageId="17387432"/>
    </Metadata>
    <Page imageFilename="Moreno_096_3.jpg" imageWidth="1289" imageHeight="1751">
        <PrintSpace>
            <Coords points="110,211 1159,221 1159,1696 110,1686"/>
        </PrintSpace>
        <ReadingOrder>
            <OrderedGroup id="ro_1606755294104" caption="Regions reading order">
                <RegionRefIndexed index="0" regionRef="r_3_1"/>
                <RegionRefIndexed index="1" regionRef="r_4_1"/>
                <RegionRefIndexed index="2" regionRef="r_5_1"/>
            </OrderedGroup>
        </ReadingOrder>
        <TextRegion orientation="0.0" type="paragraph" id="r_3_1" custom="readingOrder {index:0;}">
            <Coords points="121,257 834,257 834,618 121,618"/>
            <TextLine id="r_3_1l1" custom="readingOrder {index:0;}">
                <Coords points="591,301 601,299 601,268 591,270"/>
                <Baseline points="591,291 601,289"/>
                <TextEquiv>
                    <Unicode>3</Unicode>
                </TextEquiv>
            </TextLine>
            <TextLine id="r_3_1l2" custom="readingOrder {index:1;}">
                <Coords points="258,346 283,346 308,347 334,347 359,347 385,347 410,347 436,346 461,346 487,345 512,345 538,345 563,344 589,344 614,344 640,344 665,345 691,346 716,346 742,348 742,318 716,316 691,316 665,315 640,314 614,314 589,314 563,314 538,315 512,315 487,315 461,316 436,316 410,317 385,317 359,317 334,317 308,317 283,316 258,316"/>
                <Baseline points="258,336 283,336 308,337 334,337 359,337 385,337 410,337 436,336 461,336 487,335 512,335 538,335 563,334 589,334 614,334 640,334 665,335 691,336 716,336 742,338"/>
                <TextEquiv>
                    <Unicode>y al instante que se vaya, </Unicode>
                </TextEquiv>
            </TextLine>
            <TextLine id="r_3_1l3" custom="readingOrder {index:2;}">
                <Coords points="253,388 278,389 304,389 329,389 355,389 381,389 406,389 432,389 458,389 483,388 509,388 534,388 560,388 586,388 611,388 637,388 663,387 688,387 714,387 740,388 740,358 714,357 688,357 663,357 637,358 611,358 586,358 560,358 534,358 509,358 483,358 458,359 432,359 406,359 381,359 355,359 329,359 304,359 278,359 253,358"/>
                <Baseline points="253,378 278,379 304,379 329,379 355,379 381,379 406,379 432,379 458,379 483,378 509,378 534,378 560,378 586,378 611,378 637,378 663,377 688,377 714,377 740,378"/>
                <TextEquiv>
                    <Unicode>embestirle el casamiento.</Unicode>
                </TextEquiv>
            </TextLine>
            <TextLine id="r_3_1l4" custom="readingOrder {index:3;}">
                <Coords points="145,433 175,433 206,433 237,433 268,433 299,433 330,433 360,433 391,433 422,433 453,432 484,432 515,432 546,432 576,432 607,432 638,432 669,432 700,432 731,432 762,432 762,401 731,401 700,401 669,401 638,401 607,401 576,401 546,401 515,401 484,401 453,401 422,402 391,402 360,402 330,402 299,402 268,402 237,402 206,402 175,402 145,402"/>
                <Baseline points="145,423 175,423 206,423 237,423 268,423 299,423 330,423 360,423 391,423 422,423 453,422 484,422 515,422 546,422 576,422 607,422 638,422 669,422 700,422 731,422 762,422"/>
                <TextEquiv>
                    <Unicode>I.e. Pues los dos con vigilancia</Unicode>
                </TextEquiv>
            </TextLine>
            <TextLine id="r_3_1l5" custom="readingOrder {index:4;}">
                <Coords points="259,477 285,477 312,477 338,478 365,477 392,477 418,477 445,476 471,476 498,476 525,475 551,475 578,475 605,475 605,444 578,444 551,444 525,444 498,445 471,445 445,445 418,446 392,446 365,446 338,447 312,446 285,446 259,446"/>
                <Baseline points="259,467 285,467 312,467 338,468 365,467 392,467 418,467 445,466 471,466 498,466 525,465 551,465 578,465 605,465"/>
                <TextEquiv>
                    <Unicode>haremos ese papel</Unicode>
                </TextEquiv>
            </TextLine>
            <TextLine id="r_3_1l6" custom="readingOrder {index:5;}">
                <Coords points="251,521 276,521 301,522 327,522 352,522 378,521 403,521 428,520 454,520 479,519 505,519 530,518 555,518 581,517 606,517 632,517 657,517 682,517 708,517 733,518 759,519 759,488 733,487 708,486 682,486 657,486 632,486 606,486 581,486 555,487 530,487 505,488 479,488 454,489 428,489 403,490 378,490 352,491 327,491 301,491 276,490 251,490"/>
                <Baseline points="251,511 276,511 301,512 327,512 352,512 378,511 403,511 428,510 454,510 479,509 505,509 530,508 555,508 581,507 606,507 632,507 657,507 682,507 708,507 733,508 759,509"/>
                <TextEquiv>
                    <Unicode>luego que el viejo se vaya. </Unicode>
                </TextEquiv>
            </TextLine>
            <TextLine id="r_3_1l7" custom="readingOrder {index:6;}">
                <Coords points="127,564 162,565 197,565 232,565 267,565 302,565 337,565 372,565 407,565 442,564 477,564 512,564 547,564 582,563 617,563 652,563 687,563 722,563 757,564 792,564 828,565 828,534 792,533 757,533 722,532 687,532 652,532 617,532 582,532 547,533 512,533 477,533 442,533 407,534 372,534 337,534 302,534 267,534 232,534 197,534 162,534 127,533"/>
                <Baseline points="127,554 162,555 197,555 232,555 267,555 302,555 337,555 372,555 407,555 442,554 477,554 512,554 547,554 582,553 617,553 652,553 687,553 722,553 757,554 792,554 828,555"/>
                <TextEquiv>
                    <Unicode>Grac... Pues yo en su casa me entro,</Unicode>
                </TextEquiv>
            </TextLine>
            <TextLine id="r_3_1l8" custom="readingOrder {index:7;}">
                <Coords points="251,612 276,612 302,612 328,611 353,611 379,610 405,610 430,609 456,609 482,608 507,608 533,608 559,608 584,607 610,607 636,607 661,608 687,608 713,608 713,577 687,577 661,577 636,576 610,576 584,576 559,577 533,577 507,577 482,577 456,578 430,578 405,579 379,579 353,580 328,580 302,581 276,581 251,581"/>
                <Baseline points="251,602 276,602 302,602 328,601 353,601 379,600 405,600 430,599 456,599 482,598 507,598 533,598 559,598 584,597 610,597 636,597 661,598 687,598 713,598"/>
                <TextEquiv>
                    <Unicode>porque se logre la traza.</Unicode>
                </TextEquiv>
            </TextLine>
            <TextEquiv>
                <Unicode>3
y al instante que se vaya, 
embestirle el casamiento.
I.e. Pues los dos con vigilancia
haremos ese papel
luego que el viejo se vaya. 
Grac... Pues yo en su casa me entro,
porque se logre la traza.</Unicode>
            </TextEquiv>
        </TextRegion>
        <TextRegion orientation="0.0" type="paragraph" id="r_4_1" custom="readingOrder {index:1;}">
            <Coords points="205,671 1001,671 1001,721 205,721"/>
            <TextLine id="r_4_1l1" custom="readingOrder {index:0;}">
                <Coords points="214,757 253,757 292,758 331,758 370,759 409,759 448,759 488,758 527,758 566,758 605,757 644,757 683,756 722,756 762,756 801,755 840,755 879,755 918,755 957,756 997,756 997,606 957,606 918,605 879,605 840,605 801,605 762,606 722,606 683,606 644,607 605,607 566,608 527,608 488,608 448,609 409,609 370,609 331,608 292,608 253,607 214,607"/>
                <Baseline points="214,707 253,707 292,708 331,708 370,709 409,709 448,709 488,708 527,708 566,708 605,707 644,707 683,706 722,706 762,706 801,705 840,705 879,705 918,705 957,706 997,706"/>
                <TextEquiv>
                    <Unicode>VANSE, Y SALEN EL VEJETE Y EL GRACIOSO.</Unicode>
                </TextEquiv>
            </TextLine>
            <TextEquiv>
                <Unicode>VANSE, Y SALEN EL VEJETE Y EL GRACIOSO.</Unicode>
            </TextEquiv>
        </TextRegion>
        <TextRegion orientation="0.0" type="paragraph" id="r_5_1" custom="readingOrder {index:2;}">
            <Coords points="110,774 1110,774 1110,1686 110,1686"/>
            <TextLine id="r_5_1l1" custom="readingOrder {index:0;}">
                <Coords points="128,830 170,829 213,829 255,828 298,827 341,827 383,826 426,825 469,825 511,824 554,824 597,823 639,823 682,823 725,822 767,822 810,822 853,822 895,822 938,823 981,823 981,793 938,793 895,792 853,792 810,792 767,792 725,792 682,793 639,793 597,793 554,794 511,794 469,795 426,795 383,796 341,797 298,797 255,798 213,799 170,799 128,800"/>
                <Baseline points="128,820 170,819 213,819 255,818 298,817 341,817 383,816 426,815 469,815 511,814 554,814 597,813 639,813 682,813 725,812 767,812 810,812 853,812 895,812 938,813 981,813"/>
                <TextEquiv>
                    <Unicode>Vej..... Mirad, sobrino, sois un gran jumento,</Unicode>
                </TextEquiv>
            </TextLine>
            <TextLine id="r_5_1l2" custom="readingOrder {index:1;}">
                <Coords points="259,870 295,870 332,869 368,869 405,869 441,869 478,869 514,868 551,868 587,868 624,867 661,867 697,867 734,866 770,866 807,866 843,866 880,866 916,866 953,866 990,866 990,836 953,836 916,836 880,836 843,836 807,836 770,836 734,836 697,837 661,837 624,837 587,838 551,838 514,838 478,839 441,839 405,839 368,839 332,839 295,840 259,840"/>
                <Baseline points="259,860 295,860 332,859 368,859 405,859 441,859 478,859 514,858 551,858 587,858 624,857 661,857 697,857 734,856 770,856 807,856 843,856 880,856 916,856 953,856 990,856"/>
                <TextEquiv>
                    <Unicode>y al fin habeis de errar el casamiento;</Unicode>
                </TextEquiv>
            </TextLine>
            <TextLine id="r_5_1l3" custom="readingOrder {index:2;}">
                <Coords points="251,912 291,913 331,913 371,913 411,913 451,913 491,913 531,912 571,912 611,911 651,911 691,910 731,910 771,910 811,910 851,910 891,910 931,910 971,911 1011,912 1052,913 1052,883 1011,882 971,881 931,880 891,880 851,880 811,880 771,880 731,880 691,880 651,881 611,881 571,882 531,882 491,883 451,883 411,883 371,883 331,883 291,883 251,882"/>
                <Baseline points="251,902 291,903 331,903 371,903 411,903 451,903 491,903 531,902 571,902 611,901 651,901 691,900 731,900 771,900 811,900 851,900 891,900 931,900 971,901 1011,902 1052,903"/>
                <TextEquiv>
                    <Unicode>sois rico, y dos mil novias se os ofrecen,</Unicode>
                </TextEquiv>
            </TextLine>
            <TextLine id="r_5_1l4" custom="readingOrder {index:3;}">
                <Coords points="256,958 290,958 324,958 358,958 393,957 427,957 461,957 496,957 530,956 564,956 599,956 633,956 667,955 701,955 736,955 770,955 804,955 839,955 873,955 907,955 942,955 942,925 907,925 873,925 839,925 804,925 770,925 736,925 701,925 667,925 633,926 599,926 564,926 530,926 496,927 461,927 427,927 393,927 358,928 324,928 290,928 256,928"/>
                <Baseline points="256,948 290,948 324,948 358,948 393,947 427,947 461,947 496,947 530,946 564,946 599,946 633,946 667,945 701,945 736,945 770,945 804,945 839,945 873,945 907,945 942,945"/>
                <TextEquiv>
                    <Unicode>y no son todas, no, lo que parecen,</Unicode>
                </TextEquiv>
            </TextLine>
            <TextLine id="r_5_1l5" custom="readingOrder {index:4;}">
                <Coords points="253,1002 294,1002 336,1001 378,1001 420,1001 462,1000 504,1000 546,999 588,999 630,998 672,998 713,997 755,997 797,997 839,996 881,996 923,996 965,997 1007,997 1049,997 1091,998 1091,968 1049,967 1007,967 965,967 923,966 881,966 839,966 797,967 755,967 713,967 672,968 630,968 588,969 546,969 504,970 462,970 420,971 378,971 336,971 294,972 253,972"/>
                <Baseline points="253,992 294,992 336,991 378,991 420,991 462,990 504,990 546,989 588,989 630,988 672,988 713,987 755,987 797,987 839,986 881,986 923,986 965,987 1007,987 1049,987 1091,988"/>
                <TextEquiv>
                    <Unicode>y habeis de andarcon tiento en este intento;</Unicode>
                </TextEquiv>
            </TextLine>
            <TextLine id="r_5_1l6" custom="readingOrder {index:5;}">
                <Coords points="118,1048 166,1048 214,1047 263,1046 311,1046 359,1045 408,1044 456,1044 504,1043 553,1043 601,1042 649,1041 698,1041 746,1041 794,1041 843,1041 891,1041 939,1041 988,1041 1036,1042 1085,1043 1085,1012 1036,1011 988,1010 939,1010 891,1010 843,1010 794,1010 746,1010 698,1010 649,1010 601,1011 553,1012 504,1012 456,1013 408,1013 359,1014 311,1015 263,1015 214,1016 166,1017 118,1017"/>
                <Baseline points="118,1038 166,1038 214,1037 263,1036 311,1036 359,1035 408,1034 456,1034 504,1033 553,1033 601,1032 649,1031 698,1031 746,1031 794,1031 843,1031 891,1031 939,1031 988,1031 1036,1032 1085,1033"/>
                <TextEquiv>
                    <Unicode>Lor.... Yo no es posible que ande con mas tiento;</Unicode>
                </TextEquiv>
            </TextLine>
            <TextLine id="r_5_1l7" custom="readingOrder {index:6;}">
                <Coords points="251,1090 287,1090 324,1089 360,1089 397,1089 433,1088 470,1088 506,1087 543,1087 579,1086 616,1086 652,1086 689,1085 725,1085 762,1085 798,1085 835,1085 871,1086 908,1086 944,1086 981,1087 981,1057 944,1056 908,1056 871,1056 835,1055 798,1055 762,1055 725,1055 689,1055 652,1056 616,1056 579,1056 543,1057 506,1057 470,1058 433,1058 397,1059 360,1059 324,1059 287,1060 251,1060"/>
                <Baseline points="251,1080 287,1080 324,1079 360,1079 397,1079 433,1078 470,1078 506,1077 543,1077 579,1076 616,1076 652,1076 689,1075 725,1075 762,1075 798,1075 835,1075 871,1076 908,1076 944,1076 981,1077"/>
                <TextEquiv>
                    <Unicode>mirad de la manera que vo andando, </Unicode>
                </TextEquiv>
            </TextLine>
            <TextLine id="r_5_1l8" custom="readingOrder {index:7;}">
                <Coords points="251,1132 284,1132 317,1133 350,1133 383,1133 416,1133 449,1132 482,1132 515,1131 548,1131 581,1130 614,1130 647,1129 680,1129 713,1129 746,1128 779,1128 812,1128 845,1128 878,1129 912,1129 912,1099 878,1099 845,1098 812,1098 779,1098 746,1098 713,1099 680,1099 647,1099 614,1100 581,1100 548,1101 515,1101 482,1102 449,1102 416,1103 383,1103 350,1103 317,1103 284,1102 251,1102"/>
                <Baseline points="251,1122 284,1122 317,1123 350,1123 383,1123 416,1123 449,1122 482,1122 515,1121 548,1121 581,1120 614,1120 647,1119 680,1119 713,1119 746,1118 779,1118 812,1118 845,1118 878,1119 912,1119"/>
                <TextEquiv>
                    <Unicode>que parece que huevos vo pisando</Unicode>
                </TextEquiv>
            </TextLine>
            <TextLine id="r_5_1l9" custom="readingOrder {index:8;}">
                <Coords points="128,1176 166,1177 204,1178 243,1178 281,1178 320,1178 358,1177 397,1177 435,1177 474,1176 512,1175 550,1175 589,1174 627,1173 666,1173 704,1172 743,1172 781,1172 820,1172 858,1173 897,1173 897,1142 858,1142 820,1141 781,1141 743,1141 704,1141 666,1142 627,1142 589,1143 550,1144 512,1144 474,1145 435,1146 397,1146 358,1146 320,1147 281,1147 243,1147 204,1147 166,1146 128,1145"/>
                <Baseline points="128,1166 166,1167 204,1168 243,1168 281,1168 320,1168 358,1167 397,1167 435,1167 474,1166 512,1165 550,1165 589,1164 627,1163 666,1163 704,1162 743,1162 781,1162 820,1162 858,1163 897,1163"/>
                <TextEquiv>
                    <Unicode>Vej.....La hija del letrado es linda moza.</Unicode>
                </TextEquiv>
            </TextLine>
            <TextLine id="r_5_1l10" custom="readingOrder {index:9;}">
                <Coords points="126,1222 166,1222 206,1222 246,1221 286,1221 327,1220 367,1220 407,1220 447,1219 487,1219 528,1219 568,1218 608,1218 648,1218 688,1217 729,1217 769,1217 809,1217 849,1217 889,1217 930,1218 930,1187 889,1186 849,1186 809,1186 769,1186 729,1186 688,1186 648,1187 608,1187 568,1187 528,1188 487,1188 447,1188 407,1189 367,1189 327,1189 286,1190 246,1190 206,1191 166,1191 126,1191"/>
                <Baseline points="126,1212 166,1212 206,1212 246,1211 286,1211 327,1210 367,1210 407,1210 447,1209 487,1209 528,1209 568,1208 608,1208 648,1208 688,1207 729,1207 769,1207 809,1207 849,1207 889,1207 930,1208"/>
                <TextEquiv>
                    <Unicode>Lor... Hánme dicho que el cura la retoza.</Unicode>
                </TextEquiv>
            </TextLine>
            <TextLine id="r_5_1l11" custom="readingOrder {index:10;}">
                <Coords points="128,1264 170,1265 213,1265 255,1265 298,1265 340,1265 383,1265 425,1265 468,1264 510,1264 553,1263 595,1263 638,1262 680,1262 723,1261 765,1261 808,1261 850,1261 893,1261 935,1261 978,1262 978,1231 935,1230 893,1230 850,1230 808,1230 765,1230 723,1230 680,1231 638,1231 595,1232 553,1232 510,1233 468,1233 425,1234 383,1234 340,1234 298,1234 255,1234 213,1234 170,1234 128,1233"/>
                <Baseline points="128,1254 170,1255 213,1255 255,1255 298,1255 340,1255 383,1255 425,1255 468,1254 510,1254 553,1253 595,1253 638,1252 680,1252 723,1251 765,1251 808,1251 850,1251 893,1251 935,1251 978,1252"/>
                <TextEquiv>
                    <Unicode>Vej.... Eso será por bien, sois un menguado.</Unicode>
                </TextEquiv>
            </TextLine>
            <TextLine id="r_5_1l12" custom="readingOrder {index:11;}">
                <Coords points="128,1310 165,1310 203,1310 241,1310 279,1310 317,1310 354,1310 392,1309 430,1309 468,1309 506,1308 543,1308 581,1308 619,1307 657,1307 695,1306 732,1306 770,1306 808,1306 846,1306 884,1306 884,1276 846,1276 808,1276 770,1276 732,1276 695,1276 657,1277 619,1277 581,1278 543,1278 506,1278 468,1279 430,1279 392,1279 354,1280 317,1280 279,1280 241,1280 203,1280 165,1280 128,1280"/>
                <Baseline points="128,1300 165,1300 203,1300 241,1300 279,1300 317,1300 354,1300 392,1299 430,1299 468,1299 506,1298 543,1298 581,1298 619,1297 657,1297 695,1296 732,1296 770,1296 808,1296 846,1296 884,1296"/>
                <TextEquiv>
                    <Unicode>Lor... Mire, tio, vo no soy para casado.</Unicode>
                </TextEquiv>
            </TextLine>
            <TextLine id="r_5_1l13" custom="readingOrder {index:12;}">
                <Coords points="128,1352 154,1353 180,1354 206,1354 233,1355 259,1355 285,1355 311,1355 338,1354 364,1354 390,1354 416,1353 443,1352 469,1352 495,1351 521,1351 548,1350 574,1350 600,1349 627,1349 627,1319 600,1319 574,1320 548,1320 521,1321 495,1321 469,1322 443,1322 416,1323 390,1324 364,1324 338,1324 311,1325 285,1325 259,1325 233,1325 206,1324 180,1324 154,1323 128,1322"/>
                <Baseline points="128,1342 154,1343 180,1344 206,1344 233,1345 259,1345 285,1345 311,1345 338,1344 364,1344 390,1344 416,1343 443,1342 469,1342 495,1341 521,1341 548,1340 574,1340 600,1339 627,1339"/>
                <TextEquiv>
                    <Unicode>Vej.....La hija del Barbéro</Unicode>
                </TextEquiv>
            </TextLine>
            <TextLine id="r_5_1l14" custom="readingOrder {index:13;}">
                <Coords points="261,1396 286,1396 311,1396 337,1396 362,1396 387,1396 413,1396 438,1396 464,1396 489,1396 514,1396 540,1396 565,1396 590,1396 616,1396 641,1396 667,1396 667,1366 641,1366 616,1366 590,1366 565,1366 540,1366 514,1366 489,1366 464,1366 438,1366 413,1366 387,1366 362,1366 337,1366 311,1366 286,1366 261,1366"/>
                <Baseline points="261,1386 286,1386 311,1386 337,1386 362,1386 387,1386 413,1386 438,1386 464,1386 489,1386 514,1386 540,1386 565,1386 590,1386 616,1386 641,1386 667,1386"/>
                <TextEquiv>
                    <Unicode>es muy buena muger.</Unicode>
                </TextEquiv>
            </TextLine>
            <TextLine id="r_5_1l15" custom="readingOrder {index:14;}">
                <Coords points="128,1443 153,1443 178,1444 204,1444 229,1444 255,1444 280,1443 305,1443 331,1443 356,1442 382,1442 407,1441 432,1441 458,1440 483,1440 509,1440 534,1440 560,1440 560,1410 534,1410 509,1410 483,1410 458,1410 432,1411 407,1411 382,1412 356,1412 331,1413 305,1413 280,1413 255,1414 229,1414 204,1414 178,1414 153,1413 128,1413"/>
                <Baseline points="128,1433 153,1433 178,1434 204,1434 229,1434 255,1434 280,1433 305,1433 331,1433 356,1432 382,1432 407,1431 432,1431 458,1430 483,1430 509,1430 534,1430 560,1430"/>
                <TextEquiv>
                    <Unicode>Lor... Yo no la quiero.</Unicode>
                </TextEquiv>
            </TextLine>
            <TextLine id="r_5_1l16" custom="readingOrder {index:15;}">
                <Coords points="130,1486 178,1486 226,1486 274,1486 323,1486 371,1486 419,1486 468,1485 516,1485 564,1485 613,1484 661,1484 709,1483 757,1483 806,1483 854,1482 902,1482 951,1482 999,1482 1047,1482 1096,1483 1096,1453 1047,1452 999,1452 951,1452 902,1452 854,1452 806,1453 757,1453 709,1453 661,1454 613,1454 564,1455 516,1455 468,1455 419,1456 371,1456 323,1456 274,1456 226,1456 178,1456 130,1456"/>
                <Baseline points="130,1476 178,1476 226,1476 274,1476 323,1476 371,1476 419,1476 468,1475 516,1475 564,1475 613,1474 661,1474 709,1473 757,1473 806,1473 854,1472 902,1472 951,1472 999,1472 1047,1472 1096,1473"/>
                <TextEquiv>
                    <Unicode>Vej....  Pues por qué? dad razon? qué estais dudando?</Unicode>
                </TextEquiv>
            </TextLine>
            <TextLine id="r_5_1l17" custom="readingOrder {index:16;}">
                <Coords points="126,1530 170,1530 214,1530 259,1530 303,1530 348,1529 392,1529 437,1529 481,1529 526,1528 570,1528 614,1528 659,1527 703,1527 748,1527 792,1526 837,1526 881,1526 926,1525 970,1525 1015,1525 1015,1494 970,1494 926,1494 881,1495 837,1495 792,1495 748,1496 703,1496 659,1496 614,1497 570,1497 526,1497 481,1498 437,1498 392,1498 348,1498 303,1499 259,1499 214,1499 170,1499 126,1499"/>
                <Baseline points="126,1520 170,1520 214,1520 259,1520 303,1520 348,1519 392,1519 437,1519 481,1519 526,1518 570,1518 614,1518 659,1517 703,1517 748,1517 792,1516 837,1516 881,1516 926,1515 970,1515 1015,1515"/>
                <TextEquiv>
                    <Unicode>Lor...Porque el Barbero siempre está tocando</Unicode>
                </TextEquiv>
            </TextLine>
            <TextLine id="r_5_1l18" custom="readingOrder {index:17;}">
                <Coords points="242,1574 275,1574 308,1574 341,1574 374,1573 407,1573 440,1573 473,1573 506,1572 539,1572 572,1572 605,1571 638,1571 671,1571 704,1571 737,1571 770,1571 803,1571 836,1571 869,1571 902,1571 902,1540 869,1540 836,1540 803,1540 770,1540 737,1540 704,1540 671,1540 638,1540 605,1540 572,1541 539,1541 506,1541 473,1542 440,1542 407,1542 374,1542 341,1543 308,1543 275,1543 242,1543"/>
                <Baseline points="242,1564 275,1564 308,1564 341,1564 374,1563 407,1563 440,1563 473,1563 506,1562 539,1562 572,1562 605,1561 638,1561 671,1561 704,1561 737,1561 770,1561 803,1561 836,1561 869,1561 902,1561"/>
                <TextEquiv>
                    <Unicode>á la puerta las noches y los dias, </Unicode>
                </TextEquiv>
            </TextLine>
            <TextLine id="r_5_1l19" custom="readingOrder {index:18;}">
                <Coords points="264,1618 296,1617 329,1617 361,1616 394,1616 427,1616 459,1616 492,1616 525,1616 557,1616 590,1616 623,1616 655,1616 688,1615 721,1615 753,1615 786,1615 819,1615 851,1614 884,1614 917,1613 917,1582 884,1583 851,1583 819,1584 786,1584 753,1584 721,1584 688,1584 655,1585 623,1585 590,1585 557,1585 525,1585 492,1585 459,1585 427,1585 394,1585 361,1585 329,1586 296,1586 264,1587"/>
                <Baseline points="264,1608 296,1607 329,1607 361,1606 394,1606 427,1606 459,1606 492,1606 525,1606 557,1606 590,1606 623,1606 655,1606 688,1605 721,1605 753,1605 786,1605 819,1605 851,1604 884,1604 917,1603"/>
                <TextEquiv>
                    <Unicode>y ella es fuerza que sepa las folias.</Unicode>
                </TextEquiv>
            </TextLine>
            <TextLine id="r_5_1l20" custom="readingOrder {index:19;}">
                <Coords points="127,1664 153,1664 180,1664 207,1663 233,1663 260,1663 287,1663 313,1662 340,1662 367,1662 394,1661 420,1661 447,1661 474,1660 500,1660 527,1660 554,1660 580,1660 607,1660 634,1660 661,1660 661,1629 634,1629 607,1629 580,1629 554,1629 527,1629 500,1629 474,1629 447,1630 420,1630 394,1630 367,1631 340,1631 313,1631 287,1632 260,1632 233,1632 207,1632 180,1633 153,1633 127,1633"/>
                <Baseline points="127,1654 153,1654 180,1654 207,1653 233,1653 260,1653 287,1653 313,1652 340,1652 367,1652 394,1651 420,1651 447,1651 474,1650 500,1650 527,1650 554,1650 580,1650 607,1650 634,1650 661,1650"/>
                <TextEquiv>
                    <Unicode>Vej....  Ahora casaros quiero</Unicode>
                </TextEquiv>
            </TextLine>
            <TextEquiv>
                <Unicode>Vej..... Mirad, sobrino, sois un gran jumento,
y al fin habeis de errar el casamiento;
sois rico, y dos mil novias se os ofrecen,
y no son todas, no, lo que parecen,
y habeis de andarcon tiento en este intento;
Lor.... Yo no es posible que ande con mas tiento;
mirad de la manera que vo andando, 
que parece que huevos vo pisando
Vej.....La hija del letrado es linda moza.
Lor... Hánme dicho que el cura la retoza.
Vej.... Eso será por bien, sois un menguado.
Lor... Mire, tio, vo no soy para casado.
Vej.....La hija del Barbéro
es muy buena muger.
Lor... Yo no la quiero.
Vej....  Pues por qué? dad razon? qué estais dudando?
Lor...Porque el Barbero siempre está tocando
á la puerta las noches y los dias, 
y ella es fuerza que sepa las folias.
Vej....  Ahora casaros quiero</Unicode>
            </TextEquiv>
        </TextRegion>
    </Page>
</PcGts>
