1765 2512
261 200 317 256 2
214 270 740 311 Discreta, y de gran talle,
174 324 722 365 y de grande entendimiento,
171 377 698 417 á esta llaman Santa Cruz
175 430 788 470 de la cual tiembla el infierno,
235 482 696 521 Dió amor en solicitarla
184 535 638 576 con músicas y paseos,
180 589 692 630 tanto, que vino á alcanzar
180 642 695 682 el sí de la dama, y luego
238 695 664 736 Viendo la disposicion,
181 748 790 789 dió cuenta á su Padre Eterno.
176 802 748 842 porque imagina, que quiere,
179 854 696 895 hoy con este casamiento,
232 906 722 952 Darle luz á las tinieblas,
178 960 694 1003 de nuestros pecados feos,
170 1013 636 1054 y desatar las cadenas,
178 1066 796 1109 que causaron nuestros yerros,
232 1118 746 1162 Y con gusto de su Padre,
184 1172 696 1214 y de su Madre lo mesmo,
175 1225 645 1264 se celebraron las bodas
179 1279 713 1318 entre la tierra, y el cielo.
226 1331 724 1372 El casamiento ha de ser
180 1384 674 1426 rescate de muchos reos,
180 1438 724 1479 para hacer la informacion,
181 1490 718 1532 quiere su Espiritu Eterno,
237 1544 704 1585 Que sea Santo Tomás
183 1599 793 1640 de Aquino escribano de ellos.
176 1650 648 1692 delante cuatro testigos,
176 1704 666 1744 para que declaren esto;
231 1757 801 1800 Que sea el uno San Marcos,
176 1810 698 1851 San Lucas su compañero,
174 1862 672 1904 y San Juan Evangelista,
184 1916 590 1954 el último San Mateo:
236 1968 806 2008 Y que estos cuatro declaren
183 2024 694 2063 la verdad del Evangelio,
180 2076 753 2116 y porque conozca el mundo
184 2128 696 2168 aqueste manso cordero.
232 2182 778 2225 Por librarnos de la culpa,
175 2235 642 2275 á morir está dispuesto,
176 2290 683 2338 y porque le conozcamos
901 269 1374 312 de morado le vistieron.
962 322 1410 364 Que significa el amor,
904 375 1462 420 que les tiene á sus hijuelos,
901 430 1393 472 y con el color de verde
901 483 1385 523 la cruz divino madero.
959 535 1406 577 Signífica la esperanza,
910 588 1435 630 que nos ha de dar el cielo:
908 640 1288 679 echóle la bendicion
900 694 1413 736 su sagrado Padre Eterno.
955 747 1472 789 El yugo le echó su madre
909 799 1469 842 á el cual con abrazos tiernos
901 853 1388 894 llegaron los convidados,
902 906 1470 950 los mejores de este pueblo.
959 959 1396 998 Ofreciendo cada uno
974 1014 1417 1056 lo que tenia en su pecho,
903 1066 1342 1105 y por ser retrato suyo
912 1120 1576 1160 San Juan presentó un cordero.
959 1172 1528 1216 San Pablo le dió la espada,
908 1225 1478 1268 las llaves le dió San Pedro,
911 1278 1396 1318 el aspa dió San Andrés,
904 1331 1420 1371 San Bartolomé el pellejo.
952 1384 1474 1428 La sierra dió San Simon,
904 1438 1364 1478 el leon dió San Mateo,
912 1490 1440 1533 el toro le dió San Marcos,
902 1544 1371 1585 y Santiago el romero.
960 1597 1418 1638 La leña Santo Tomás,
908 1650 1420 1692 las parrillas San Lorenzo,
912 1702 1448 1743 Santo Domingo el rosario,
903 1757 1469 1797 la cruz presentó San Diego.
963 1810 1442 1849 La iglesia San Agustin,
911 1863 1446 1902 la nave le dió San Telmo,
908 1916 1428 1955 San Sebastian las saetas,
906 1969 1450 2008 Buenaventura el silencio.
959 2023 1574 2063 Las llagas dió San Francisco,
909 2077 1402 2117 San Luis corona y cetro,
902 2130 1433 2170 el corazon Juan de Dios,
907 2184 1428 2222 San Gerónimo su pecho.
956 2238 1427 2276 El montante San Elias
900 2292 1276 2334 la profecía Eliséo,
