1765 2512
236 237 256 274 4
191 284 653 328 Y á tan grande regocijo
139 338 681 382 se nos volvió llanto tierno.
134 392 623 436 Dulce Jesus de mi vida,
135 446 577 489 Sacratísimo maestro,
187 496 765 541 Si mis pecados tan grandes
139 550 765 597 son quien así os tienen puesto;
139 603 715 649 esa espada que os dió Pablo,
133 657 611 705 pase, Señor, mi cuello.
192 709 719 754 Den vuelta á mi corazon
143 762 817 809 las llaves que os dió San Pedro,
150 817 682 861 porque dentro de él veais,
148 867 816 913 que os amo como á Dios mesmo.
203 919 765 965 Si San Simon dió la sierra,
146 975 739 1020 yo, Señor, os dí el tormento,
157 1028 623 1073 la sierra de tu justicia
164 1081 729 1126 venga, y yo seré el madero.
203 1136 599 1176 Diré delante de vos,
156 1188 702 1231 Señor, veros no merezco,
163 1241 697 1285 y os vea apacible y manso.
165 1296 653 1338 como el leon de Mateo.
901 272 1455 315 Monorca de todo el mundo,
861 325 1431 369 Rey de la tierra y el cielo,
864 378 1437 422 perdonad mis graves culpas,
859 430 1389 484 y mi grande atrevimiento.
919 483 1441 531 Que si compuse la letra,
860 536 1497 582 fué porque vide en un templo
868 588 1353 636 en una hermosa capilla
876 642 1386 688 un retablo de lo mesmo:
926 696 1389 740 Y poniéndome á notar
879 748 1343 793 las ternezas y lamentos
877 801 1369 846 de aquel castísimo llanto
876 856 1422 902 de la madre del consuelo.
932 909 1502 950 Sintieron dolor las piedras,
869 962 1443 1007 se entristecieron los cielos,
879 1014 1397 1059 se obscureció el claro sol,
887 1067 1457 1111 en ver al mejor sol muerto.
929 1121 1399 1164 Este santo desposorio,
883 1176 1439 1217 firmemente contemplemos,
887 1225 1363 1272 porque gozemos por él
887 1281 1405 1325 de Jesus su santo reino.
749 1742 972 1783 FIN.
699 2246 1077 2295 CARMONA.—1865.
181 2287 1587 2359 Imprenta de D. José Maria Moreno, calle Madre de Dios número 1.
