1737 2508
166 269 625 308 la vara y flor dió José,
167 320 736 363 y San Miguel le dió el peso.
222 374 656 415 El entierro le ofreció
170 425 603 470 el famoso Nicodemus,
169 480 738 521 fué porque anunciaba junto
167 534 669 574 el desposorio, y entierro
228 584 752 629 Y tambien las tres Marias,
161 639 605 680 la visita le ofrecieron,
168 692 701 734 despues que ya desposado,
169 745 760 787 estuviera el Bien Supremo.
209 798 679 838 Su preciosisima Madre
157 851 712 891 le prometió el sentimiento
161 903 637 946 con su Soledadsagrada
161 959 831 1000 por aquel que es todo inmenso.
210 1011 634 1050 Al Divino Redentor
161 1064 758 1107 le prometió el pueblo Hebreo
166 1116 689 1158 mas de cinco mil azotes
161 1171 676 1213 para apaciguar el pueblo.
221 1222 633 1264 Una lanza le ofreció
161 1275 706 1320 al Verbo Divino un ciego;
161 1326 683 1370 pero le fué bien pagada
167 1383 767 1426 pues le dió la vista en premio
216 1436 664 1477 El ir en su compañía
171 1489 730 1533 dos ladrones prometieron;
165 1543 635 1584 pero el uno de los dos
168 1594 623 1638 se levantó con el cielo.
215 1646 795 1694 Tambien prometió su ayuda
164 1701 663 1746 el buen Simon Cirinéo.
171 1753 768 1802 que aunque mozo de trabajo,
171 1808 731 1852 halló descanso en hacerlo.
223 1860 782 1908 Todos le ofrecen humildes,
164 1910 683 1958 y él de todos recibiendo,
170 1966 736 2014 el cordero, espada y llaves,
170 2019 632 2065 el aspa con el pellejo,
211 2074 704 2119 La sierra con el leon,
163 2125 634 2169 el toro con el romero,
172 2178 656 2224 la leña con las parrillas,
159 2233 678 2277 rosario, y entendimiento.
184 2289 786 2333 Llagas, la cruz, y la iglesia,
1444 219 1466 258 3
882 271 1348 311 nave, saeta y silencio,
888 325 1399 370 la piedra, cetro y corona,
881 378 1395 421 el corazon con el pecho.
940 430 1430 474 Montante, las profecías,
891 482 1421 528 vara, las flores, y el peso,
898 536 1373 580 Nicodemus, tres Marías,
894 590 1410 633 madre del Divino Verbo.
936 642 1514 689 Pueblo, regente y ladrones,
891 697 1301 739 Longinos y Cirineos,
887 749 1313 791 y el desposado sabía
896 802 1413 847 de cada cual el acuerdo.
940 857 1381 898 A tan grande regocijo
897 909 1381 954 vino acaso un mensajero,
892 962 1403 1006 que ya es la hora llegada
889 1017 1403 1060 para cumplir el precepto:
935 1069 1434 1113 Pues que están todas las almas
889 1122 1411 1164 en uno y otro hemisferio
897 1175 1414 1219 aguardando á que llegase
896 1227 1415 1274 en su santo advenimiento.
956 1282 1455 1326 Y sin detenerse un punto
897 1335 1317 1378 enamorado y resuelto
891 1386 1407 1432 le pide á su hermosa cruz
895 1440 1426 1485 un abrazo, y ella abriendo,
940 1494 1414 1537 En sus brazos le recibe
889 1547 1408 1594 con grandísimo contento,
889 1600 1402 1646 fué la amistad de manera,
895 1651 1386 1699 y el amor tan verdadero.
952 1706 1454 1753 Por dar á las almas vida,
904 1760 1486 1809 en sus brazos quedó muerto;
901 1812 1409 1856 Viérnes á las seis del dia
900 1866 1356 1911 eclipsáronse los cielos,
948 1918 1438 1969 Turbáronse las estrellas,
898 1972 1358 2019 pararon los elementos,
892 2026 1406 2074 el sol se vistió de sangre,
892 2078 1356 2123 y la luna de lo mesmo.
945 2132 1484 2180 El mar vertió ricas perlas,
894 2186 1432 2231 que las tenia en su centro;
891 2237 1409 2284 y el campo produjo flores
896 2292 1426 2337 de amarillo, azul y negro.
