1765 2512
139 256 639 293 aqui caigo, alli tropiezo,
132 304 674 342 hasta que caí de espaldas,
137 353 571 391 y me puse, ya se vé,
133 400 621 438 con la ropita de Pascua
132 448 612 485 cortada á lo chanverio,
134 498 655 535 que es una moda galana.
138 545 640 581 Cuando en lo alto me vi,
126 591 710 630 me fui á la fuente de marcha,
129 641 632 678 y me empecé á despojar
127 690 625 726 chupa, calzon y casaca,
125 735 674 773 hasta quedarme en camisa
127 784 712 822 sin halandro, ni aun hilacha,
128 831 620 869 á este tiempo que venia
124 881 592 917 con su carroza dorada,
127 927 676 966 dando luz á todo el mundo
124 975 642 1014 á quien no niega la cara,
126 1023 596 1062 estande yo con mi ropa
118 1072 560 1112 á punto para labarla,
128 1120 542 1159 una muger que venia
127 1168 584 1207 á enjabonar una saya,
119 1216 683 1256 y cuando encueros me vido
113 1265 533 1304 haciendo la tiritaña,
124 1313 688 1352 se fué pegando mas gritos,
123 1361 608 1400 cual si quisiera matarla,
117 1409 601 1449 ye queriendo detenerle
125 1458 636 1495 ton ni y voces apausadas,
123 1507 633 1547 y mientras mas le decia,
128 1557 600 1594 ella mas y mas gritaba,
864 253 1388 291 con que me obligó á salir
862 302 1360 341 como el pelo de la masa,
867 350 1281 385 ysin dejar de correr
864 398 1402 438 hasta que llegué á mi casa
861 445 1342 484 donde estaba mi muger
855 494 1280 534 la pobrecita cuitada,
860 543 1320 580 le dí cuenta del suceso
856 590 1444 635 con todas sus circunstancias,
862 640 1366 680 y me respondió llorando,
862 687 1332 726 al ver desventura tanta;
860 734 1198 772 ahora conocerás.
852 782 1526 826 si hay ó no hay duendes en casa.
851 831 1414 870 Con que me labó muy bien
854 881 1324 917 los paravos de la caca,
856 927 1378 965 me puse otra ropa nueva
854 973 1388 1016 muy limpia y muy aseada,
851 1023 1276 1060 luego me dosahumó
860 1072 1372 1110 con tomillo y cornicabra.
848 1119 1452 1162 Esta es mi historia, Señores,
850 1170 1410 1206 lo que siento, que mi capa
850 1216 1454 1257 le vendrá á ustedes cumplida,
848 1263 1535 1319 aunque á mi no me destapa
848 1311 1418 1355 solo me queda un consuelo,
858 1362 1416 1403 que me perdonen las faltas,
849 1410 1346 1447 y si acaso los presentes,
852 1457 1376 1497 no quisieren perdonarlas,
847 1505 1408 1548 de ustedes, ni de ninguno,
843 1553 1310 1593 á mi no se me dá nada.
761 1746 897 1897 FIN.
610 2153 1010 2194 CARMONA:—1854.
204 2210 1429 2258 Imprenta D. de José Maria Moreno, calle de las Delzassca núm. .
