1765 2512
135 291 625 336 ya la tenemos presente,
129 339 678 384 y mas que viene empeñada
130 387 636 429 en decir un cirquiloquio
126 437 628 479 haya cirquiloquio, haya.
135 485 525 526 Al invicto Climineo
138 532 716 573 de vuestras heroicas plantas
129 579 653 621 hoy una pluma del Campo
139 629 633 669 estas victimas consagra.
129 677 614 717 Yo quísiera ver á todas
135 724 623 765 como reynas coronadas
131 774 594 813 de jacintos, de rubíes,
139 822 671 861 de topacios y esmeraldas.
129 868 823 909 No hay quien por detras me sople
139 917 611 957 no sea que se me vaya
131 964 623 1005 todo el reconocimiento?
136 1014 688 1053 Ya se me fue, voto á nadas,
135 1063 705 1101 esto es que no quiere Dios,
143 1112 717 1151 que yo con mi cuento salga,
138 1161 593 1197 y merezca el victoreo;
138 1208 703 1245 ora pro nobis, Deo gracias,
138 1256 643 1295 ni se si tendrán la culpa
143 1304 654 1341 de que se venga ó se vaya
144 1352 626 1390 esas malditas mugeres;
143 1400 658 1439 quieren ustedes echarlas
145 1447 563 1486 á patadas alla fuera?
147 1495 650 1535 Pero mas valdrá dejarlas
149 1546 619 1587 y nos iremos nosotros
141 1594 615 1631 á descansar á la cama:
141 1640 736 1679 mas que dígo! cepos quedos,
145 1689 584 1727 alto con esa castaña,
155 1735 673 1777 y estemonos todos juntos
149 1785 685 1825 en buen amor y compaña,
155 1833 616 1872 y porque se desenojen,
154 1881 645 1921 si acaso están enojadas,
157 1928 741 1969 les he de contar mi historiá,
156 1977 644 2016 cuidado con escucharla:
157 2027 679 2064 Yo soy como saben todos,
155 2076 648 2110 Cosme Toribio Palanca,
159 2122 673 2161 hijo carnal de la inclusa,
157 2169 753 2208 miento que fue mi madrastra,
173 2217 637 2257 que mi primitiva Madre
163 2267 635 2307 no sé como se llamaba,
850 274 1459 317 lo cierto fue que me hallaron
859 323 1387 366 en frente de la Fuensanta
857 373 1320 413 en la oriya del arroyo,
862 421 1417 461 junto á la margen del agua;
861 469 1329 510 pero dejando pleiteros,
857 516 1443 560 jáquimas, cinchas y albardas,
865 564 1393 606 yo digo, que para ustedes
859 613 1479 655 no es menester circuntancias,
861 664 1222 704 y solo yo les diré,
853 710 1386 750 como es Cordoba la llana
858 757 1389 799 quien á mi medio la cuna,
854 807 1338 846 mi niñez, y mi crianza,
868 854 1375 895 hasta ponerme en estado
861 902 1339 942 con una principal dama
864 950 1386 989 de alla de las Costanillas,
861 999 1377 1038 llamada Maria Pendanga.
866 1047 1367 1088 En ella nuevo plus ultra
871 1096 1415 1135 se halló para hilar la lana,
865 1144 1363 1188 y por observar el punto
867 1194 1311 1231 de una vida recatada,
875 1240 1359 1279 como es la de vivir solo,
877 1289 1301 1328 alquilamos una casa
863 1336 1375 1378 allá en la calle del Potro,
863 1387 1331 1425 donde vendia castañas,
872 1434 1378 1472 algarrobas, pan de higo,
881 1481 1419 1520 y otras muchas zarandajas,
872 1529 1367 1570 lo que toca á frutaseca,
871 1579 1368 1618 aceitunas, y alcaparras:
875 1626 1365 1666 subia como una espuma,
875 1674 1359 1714 rodaba como una agalla,
876 1722 1368 1761 vestia como un palmito,
880 1770 1351 1811 y comia como un Papa,
881 1814 1483 1859 mas como en aqueste mundo
883 1866 1355 1906 es nuestra vida batalla,
880 1915 1318 1954 adolecí de unos zelos,
885 1963 1383 2003 que de tino me sacaban,
889 2009 1467 2052 y fue el caso que una noche
889 2058 1537 2099 no hallé á mi esposa en la sala,
889 2107 1305 2149 y no pudiendo sufrir
885 2155 1403 2196 mis zelos tan dura carga,
881 2205 1339 2245 me conceptuaba solo,
883 2253 1417 2293 cuando vide una fantasma
