1737 2508
227 260 752 299 salir de mi propio cuarto
241 310 715 349 por la puerta de la sala,
236 357 687 395 y yo queriendo seguir
229 403 754 444 de aquel bulto las pisadas
234 451 766 491 dijo mi muger que haces:
234 500 770 541 no ves que el amo de casa
226 547 706 588 es ese que te perturba?
240 596 734 638 Qué amo ó qué calabaza
228 643 644 684 dije voto á san Pito:
236 690 738 735 deja que tome la tranca,
233 738 714 782 ó que empuñe valeroso
231 787 782 832 de acero las cinco cuartas.
232 837 744 881 Enciende presto una luz,
235 882 690 929 y si no iré á buscarla.
232 932 864 975 Eso es lo que quiere el duende
235 979 748 1024 que tu le eches brabatas:
236 1029 914 1071 pues qué hay duendes con vigotes?
242 1077 864 1119 que tal digas? y aun con barbas,
243 1123 912 1169 porque aquestos duendes machos,
238 1171 754 1216 suelen ser de mejor laya
239 1221 827 1264 que las hembras, porque son
232 1269 737 1313 lo mejor de esta canalla,
235 1317 814 1363 yo no creo que hay tal casa,
236 1365 728 1410 dejame muger que vaya
228 1412 696 1456 á encender ese cándil.
236 1461 740 1505 Dijome; allá te lo haigas:
232 1511 754 1554 cuando, valgame san Pito,
240 1559 786 1602 san Gerundio, santa Agata,
240 1607 768 1648 los empujos y arrempujos
236 1655 783 1697 del que se ató la garganta!
239 1704 742 1747 cuando en la calle me vi,
236 1752 703 1793 me cercó tal gurullada
232 1801 812 1843 de Duendes, o de Demonios,
233 1848 760 1890 de diablos ó de fantasmas.
232 1897 716 1940 todos con velas pagizas,
231 1946 724 1991 y con las caras tapadas,
232 1994 764 2035 rechinandome los dientes,
229 2044 740 2084 yo no se lo que rezaban,
229 2092 910 2130 mas se que de cuando en cuando
231 2141 754 2180 me daban con unas varas,
239 2191 684 2226 y me decian callando:
228 2239 887 2277 sabete, que hay duende en casa.
951 265 1435 301 Escapé por fin y postre
956 314 1438 353 huyendo como una bala,
960 361 1556 402 y me fui hacia el rastro viejo,
955 409 1558 452 donde dí suelta á mis bragas,
967 457 1524 497 porque con el grande susto,
956 506 1461 543 se me vino atras la carga:
957 554 1405 590 bajé por el zumbadero
962 604 1464 641 junto á la orilla del agua,
956 653 1458 689 y al hacer la acachadilla,
964 701 1372 734 oí que reburdeaban,
958 746 1387 784 y que decian: so, so,
962 796 1402 832 para pichoncito, para,
956 842 1398 881 toma aqui, harre alli,
961 893 1543 926 yo que estaba en la barranca
968 940 1468 977 cagando á tira mas tira,
959 988 1439 1022 discurri que era harina
968 1036 1451 1073 de algun molino de pan,
965 1085 1440 1122 y cualquiera lo juzgara,
961 1134 1594 1168 porque esto era entre dos luces
963 1180 1540 1217 si rompe ó no rompe el Alba,
955 1230 1544 1266 cuando oígo decir: gor, gor,
957 1277 1474 1313 del cántaro que baciaban
966 1324 1544 1362 de aquel goringal bandumio,
963 1372 1534 1409 batido á impulsos de nalgas.
961 1420 1394 1456 Yo dije, tened arriba
963 1469 1404 1505 esas malditas labacias
957 1517 1439 1554 y enjuagadero de tripas
963 1566 1379 1601 por alquitira sacada.
961 1613 1567 1651 Qué pensó el maldito hombre,
958 1662 1492 1698 al escuchar mis plegarias,
960 1710 1542 1746 que era algun anima en pena
957 1759 1510 1793 duende, vision, o fantasma
965 1806 1404 1841 venida del otro mundo
963 1856 1464 1892 para perturbar las almas,
955 1903 1362 1938 y soltando sobre mi
962 1952 1464 1988 los cantaros que llevaba,
959 2000 1450 2035 lleno de temor y miedo
958 2048 1474 2083 en fuga puso sus plantas.
964 2096 1552 2134 Yo viendome en tal conflicto,
962 2144 1416 2180 rodeado de mil ancias,
953 2193 1458 2228 anduve mas de una hora
960 2242 1578 2279 medió en pino, medio á gatas,
