1765 2512
120 212 644 253 hasta dar aviso al conde.
124 261 565 301 Ejecutó su sentencia
129 309 602 351 el ingrato mayordomo,
126 359 579 401 y envia con diligencia
128 403 723 446 un posta, para que al conde
133 453 645 495 del suceso diese cuenta.
125 503 684 544 Dejemos marchar al posta,
139 552 597 593 y vamos á la condesa.
135 599 669 641 Apenas se vió encerrada,
135 646 742 688 cuanto en lágrimas deshecha
135 696 649 738 suspira quejosa al Cielo,
137 744 661 787 implorando su clemencia.
139 794 657 841 ¿Qué delito he cometido
139 844 679 885 (decia con dulces quejas,)
140 889 765 931 ¡oh Dios! para que asi trateis
144 936 781 979 á esta humilde esclava vuestra?
142 986 715 1029 Pero si es, Señor, tu gusto
147 1039 631 1076 acrisolarme con penas,
148 1084 722 1125 vengan mas y mas trabajos,
148 1131 755 1175 que ya me doy por contenta
143 1182 688 1223 en saber que yo padezco,
154 1228 777 1271 porque tú, mi Dios lo ordenas.
143 1276 689 1320 Mas creciendo sus fatigas
144 1328 660 1369 conoció de que se llega
147 1376 669 1420 el parto, sin toner nadie
163 1426 647 1471 que pudiese socorrerla,
149 1475 665 1518 y asi sola entre suspiros,
153 1524 633 1565 entre sollozos y penas,
156 1568 764 1613 dió á luz un hermoso infante
810 157 844 191 4
853 200 1381 240 heredero de su estrella;
859 248 1357 290 pues aun antes de nacer
857 297 1285 341 ya tenia la sentencia
851 340 1474 387 de muerte, que el mayordomo
855 392 1395 438 por culpar á la inocencia,
857 442 1383 486 y dar color à su engaño,
859 488 1335 533 pulicó que el niño era
857 535 1375 583 parto de los torpes lazos
860 586 1391 629 en que estaba la condesa.
864 634 1313 677 Apenas le vió nacido
859 683 1353 725 sobre la desnuda tierra,
855 731 1347 775 la triste madre le dice:
867 778 1361 821 verdaderamente, apenas
866 827 1456 871 naces, hijo, cuando empiezas
859 876 1323 919 á padecer la tormenta
871 925 1415 967 en que naufraga tu madre,
865 971 1441 1018 y has de ser en la tragedia
863 1021 1407 1064 cómplice de mi infortunio,
865 1066 1515 1112 porque asi el Cielo lo ordena:
869 1117 1467 1166 y ya que en este desamparo
871 1168 1413 1208 no puedo aliviarte, espera,
875 1213 1381 1256 te daré lo que mas vale
868 1264 1401 1307 alistándote en la iglesia.
875 1314 1454 1354 En este devoto empleo
878 1362 1333 1403 dejemos á Genoveva,
875 1413 1492 1457 y en la segunda parte
880 1460 1343 1501 daré fin á la tragedia,
873 1507 1309 1549 de la penitente vida
879 1556 1419 1598 de esta gloriosa princesa.
547 1883 1175 2043 FIN DE LA PRIMERA PARTE,
