1737 2508
217 180 881 244 á este encarga que cuide
228 247 736 293 con esmero y diligencia
232 292 811 341 de su esposa pues se parte
225 342 801 389 dejándose el alma con ella.
225 391 730 438 Alegróse el mayordomo.
233 441 711 487 y con traidora reserva,
233 488 721 534 ofrece rendido al conde
235 537 678 581 atender á Genoveva.
238 583 795 630 ¡Oh pobre inocente conde!
241 635 703 682 ¡ojalá no te partieras,
242 677 812 728 pues tienes mayor contrario
246 724 825 776 en tu casa que en la gverra!
238 778 813 825 Ausentóse en fin, el conde,
244 826 734 872 quedándose la condesa
247 876 777 920 en cinta de pocos meses,
248 921 894 967 y el mavordomo que encuentra
245 972 779 1018 la ocasion que pretendia,
247 1019 802 1066 soltó á su furor la rienda.
252 1073 657 1115 Primero disimulaba,
250 1115 837 1164 por no atreverse á la esfera
252 1164 813 1211 de tanto sol, contemplando,
260 1214 783 1261 que son sus álas de cera;
252 1261 779 1311 mas como nunca el fuego
258 1314 749 1356 puede ocultar su fuerza,
256 1361 767 1408 en muy estudiadas voces
260 1408 676 1456 declaró á Génoveva
268 1455 785 1504 el incendio que ocultaba:
264 1505 777 1550 pero siempre la princesa
272 1555 707 1599 disimulaba advertida,
266 1601 849 1648 crevendo que á la insolencia
265 1651 865 1696 suele ser freno el desprecio;
265 1687 906 1747 mas se engañó, pues empieza
263 1746 813 1794 sin embozo el mayordomo
268 1794 778 1841 á conquistar su pureza;
277 1843 769 1890 hasta tanto que furioso
279 1893 828 1938 un dia en su cuarto entra
272 1942 819 1987 con un puñal en la mano,
273 1990 806 2035 diciendo de esta manera:
276 2039 742 2085 señora, no es atrevido
280 2089 792 2133 el que fino amante llega
283 2137 839 2180 á esplicar aquel incendio,
279 2184 819 2229 que por sí se manifiesta.
285 2236 829 2277 Yo vivo por ti muriendo,
282 2285 748 2337 y por aliviar mi pena
916 130 936 170 3
940 184 1535 242 he resuelto declararme,.
949 229 1449 274 pues es preciso que vea
943 276 1533 321 logrado el fin de mis áncias,
952 321 1486 371 ó que de una vez perezca
948 369 1457 419 á los filos de este aceró:
950 418 1567 466 en tus manos, gran princesa,
952 467 1540 515 está mi vida ó mi muerte...
948 518 1431 563 Aun no dejó Genoveva
952 564 1520 611 que acabara el mayordomo
962 614 1495 659 de declarar su insolencia,
964 659 1538 709 cuando con un santo enojo
962 714 1435 756 desató su pura lengüa,
968 758 1457 805 diciendo; loco, atrevido,
972 807 1491 853 ¿es esta aquella promesa
964 852 1586 901 con que ófreciste á mi esposo
966 898 1619 950 servirme miéntras su ausencia?
976 951 1535 997 Vete de aqui si no quieres,
980 999 1494 1046 (indigno de mi presencia)
927 1050 1556 1094 : que llamando á los criados,
975 1097 1556 1144 castiguen tal desvergüenza.
971 1147 1512 1192 Ausentóse el máyordomo,
976 1194 1453 1241 mas como rabiosa fiera
979 1244 1457 1289 intenta viles venganzas
946 1295 1517 1335 por ver frustrada su ideá;
982 1318 1657 1384 y así un dia á los criados
982 1362 1661 1435 llama con grande reserva
984 1413 1661 1481 y les dice: amigos mios,
989 1465 1661 1534 ya es preciso que mi lengua
998 1533 1519 1579 publique lo que ócultara
984 1583 1484 1627 si tan público no fuera.
992 1629 1545 1678 Sabed, que rotas las leyes
991 1672 1521 1722 de cristiandad y nobleza,
997 1729 1427 1773 vive mal entretenida
993 1779 1460 1821 la Princesa Genoveva,
997 1827 1438 1869 con un infáme criado
991 1870 1601 1918 hombre de muy baja esfera.
984 1922 1557 1967 La deshonra es va notoria,
1004 1970 1556 2014 y temo que el condo sepa
1005 2016 1560 2064 lo que pasa en su palacio
1005 2066 1553 2112 antes que yo le dé cuenta.
999 2114 1615 2161 Mi dictámen es que al punto
1004 2166 1457 2211 este criado se prenda,
1005 2213 1523 2260 y que en una oculta sala
1014 2265 1523 2309 pongamos á la princesa,
