1737 2508
369 163 1451 332 SEGUNDA PARTE.
292 473 1638 559 En que se dá fin á la pere grina histora de la
230 548 1620 631 virtuosa princesa de Brabante Santa Genoveva.
284 798 649 841 Militaba Sigifredo
245 846 728 892 contra la tropa agarena
236 895 753 939 dando asuntos á la fama,
244 943 787 988 y triunfos á sus banderas,
242 990 764 1036 cuando recibió del posta
242 1039 768 1085 la carta en que le cuenta
239 1086 765 1133 el mayordomo el enredo
240 1135 817 1181 con que culpó á Genoveva.
247 1184 753 1229 Apenas la leyó el conde
241 1234 761 1277 cuando como cruel fiera
245 1281 702 1325 saliendo de sí furioso,
251 1330 784 1374 esclamó; ¡oh vil princesa!
249 1379 770 1424 ¿así miras por mi honor
251 1427 889 1472 al tiempo que yo en la guerra,
255 1475 832 1520 con mi propia sangre añado
247 1524 801 1569 nuevo lustre á tu nobleza?
262 1572 818 1617 ¿Es posible que asi pagues
258 1624 669 1667 el amor y la fineza
253 1667 942 1716 con que siempre te he querido?
257 1721 777 1767 ¿Qué se hizo tu firmeza?
255 1766 897 1811 Mas ¿qué es esto que me pasa?
251 1815 862 1859 No, no es posible que quepa
258 1865 815 1908 tal desórden en mi esposa,
259 1913 833 1956 mas pura que las estrellas.
259 1963 832 2005 Pero, ¿cómo no ha de ser,
264 2010 802 2053 si lo dice por mi afrenta
259 2059 811 2101 ese infante que es aborto
267 2109 831 2149 de su torpe incontinencia?
265 2157 799 2198 ¡Oh tirana! yo te ofrezco
265 2208 748 2246 el darte la recompenza
274 2258 728 2299 por tu loco desvaneo,
957 777 1449 825 Así dijo y con presteza
963 823 1565 872 escribió, y despacho al posta
961 872 1517 921 con una carta que entrega
958 917 1633 969 el mayordomo, en que el conde
957 968 1560 1019 manda que con gran cautela
966 1019 1480 1067 al criado den la muerte,
967 1066 1475 1116 y que luego á Genoveva
972 1114 1507 1165 con el hijo que ha parido
966 1163 1474 1213 los retiren á una sierra
972 1211 1551 1261 donde les quiten las vidas:
965 1260 1549 1313 y que se traigan por señas
967 1311 1513 1357 de que queda ejecutado,
973 1358 1499 1406 la lengua de la princesa.
964 1405 1479 1455 Alegróse el mayordomo
975 1456 1545 1503 con estas infaustas nuevas,
981 1503 1486 1555 y al punto dió al criado
977 1552 1481 1599 una bebida en que beba
939 1599 1527 1651 y sin ser sentida la muerte:
985 1649 1517 1699 y manda que á Genoveva
975 1700 1511 1745 le avisen que se prepare,
985 1742 1663 1794 que está su muerte muy cerca.
973 1797 1435 1844 Lleváronla la noticia,
977 1844 1515 1890 á esta inocente princesa,
988 1891 1651 1939 y bañada en tierno llanto...
987 1943 1535 1988 arroja al Cielo sus quejas,
995 1991 1515 2036 diciendo: ¡Jesus piadoso,
994 2038 1535 2087 es justo que la inocencia
991 2088 1449 2136 padezca tales rigores.
988 2133 1620 2185 á manos de la insolencia!
987 2187 1493 2234 Si acaso os he ofendido,
989 2235 1497 2289 pague yo sola la pena:
