1765 2512
161 228 673 273 pero este inocente niño,
165 275 751 324 ¿que culpa tiene, que ofensa
163 322 698 369 pudo cometer naciendo
167 372 689 415 sino nacer de mi mesma?
169 421 695 467 ¡Ay hijo de mis entreñas
175 469 816 513 que has venido ha pasar penas
165 519 682 561 por nacer de una infeliz!
165 567 749 606 Mas detente, infame lengua,
180 615 729 657 que quiero morir gustosa,
166 661 751 704 su puesto que así lo ordena
165 711 776 753 aquel Dios, á quien he dado,
174 758 773 799 de mi amor la imejor prenda.
166 807 787 848 Mientras esto, el mayordomo
173 856 673 897 á dos cridos les ordena,
178 904 709 948 que con disimulo saquen
171 951 801 996 hacia un bosque á la princesa
180 998 777 1042 con su hijo, y que á los dos
174 1048 824 1092 les dén la muerte que espresa
183 1099 645 1139 en su carta Sigifredo,
178 1148 710 1189 para vengar sus afrentas.
185 1197 643 1236 Obedecen los criados,
185 1241 787 1289 y á estos dos corderos llevan
187 1294 641 1338 para ser sacrificados.
185 1341 741 1384 Aquí enmudece mi lengua,
192 1388 676 1431 aquí faltan los sentidos
189 1436 617 1481 y el corazon titubea
192 1488 637 1527 al oir el dulce llanto,
189 1535 728 1575 los suspiros y las quejas,
202 1582 784 1623 con que humilde se despide
199 1633 688 1672 de su casa Génoveva.
187 1681 743 1721 A Dios, hermanos (decia),
190 1726 833 1768 á Dios montes, á Dios, selvas:
193 1775 766 1818 á Dios, pátria amada mia:
199 1814 1489 1866 á Dios, amigos, que es fuerza con sus cristalinas perlas.
199 1875 667 1916 obedecer á mi esposo,
201 1923 785 1964 llorad tristes, mis exéquias,
209 1972 699 2016 y sedme fieles testigos.
205 2021 709 2064 que mantuve la firmeza,
205 2070 709 2110 que á tal esposo debia.
212 2119 768 2157 Con esto llegó á la breña,
208 2165 700 2207 destinada para campo
220 2202 750 2252 de tan funesta tragedia.
225 2262 685 2292 Paráronse los criados,
213 2313 775 2360 y la dicen; Genoveva,
843 167 879 205 6
877 217 1425 254 como mandados, venimos
877 264 1384 303 á ejecutar la sentencia
880 308 1559 350 que manda el conde; tu esposo:
885 361 1453 402 y así es preciso que muera
884 410 1323 447 este niño y luego tú
886 457 1437 497 la misma suerte padezcas:
891 507 1429 544 dijeron: y al dar el golpe
887 554 1410 594 en aquella planta tierna,
894 604 1394 641 les dijo la triste madre
898 652 1440 689 deténed, si no sois fieras,
899 700 1435 739 ese golpe en mi primero,
896 747 1363 787 ese agudo acero hiera
903 796 1465 836 y no querais que una triste,
898 844 1392 883 duplicada muerte tenga
899 877 1573 931 viendo morir á mi hijo.
888 925 1595 981 Mas por alta providencia
904 975 1557 1031 los criados se conduelen,
903 1040 1505 1080 y entre si mismo conciertan
903 1088 1353 1124 dejar vivos á los dos
912 1135 1411 1175 en aquella oculta tierra.
911 1182 1431 1224 Asi lo hicieroní llevando
914 1232 1425 1271 al mayordomo la lengua
845 1279 1568 1318 de un perro, con que ocultaron
911 1310 1585 1367 su compasiva clemencia.
912 1358 1593 1419 Quedáronse los dos solos
919 1428 1429 1464 en la entrincada maleza
920 1474 1462 1512 de aquel monte sin tener
920 1524 1478 1561 mas abrigo que las peñas,
911 1570 1553 1609 mas amparo que el del Cielo,
921 1619 1495 1658 ni mas compañía que fieras.
919 1670 1413 1708 Anduvieron algun poco
915 1716 1379 1756 al eco de una risueña
915 1765 1441 1805 fuente que los convidaba
920 1862 1484 1902 Se acercó la triste madre,
931 1911 1445 1953 y reparó que allí cerca,
923 1956 1547 2001 se ocultaba entre unas ramas
924 2010 1349 2051 una retirada cueva.
928 2059 1341 2102 Alegróse por hallar
932 2105 1438 2150 algun sitio donde pueda
926 2153 1456 2200 reclinar ál tierno infante,
941 2192 1436 2237 suguro de tantas fieras.
931 2247 1466 2292 Levantó al Cielo los ojos,
924 2300 1417 2353 y agradeció con fineza
