1737 2508
928 304 988 340 7
272 364 766 417 encontrar algun amparo
273 413 833 464 contra tantas inclemencias.
274 465 750 511 En este tiempo repara
270 510 784 559 que por la celeste esfera
271 555 950 608 bajó un ángel que en sus manos
280 610 766 656 trae la imágen perfecta
276 654 784 703 de JESUS crucificado,
282 704 792 752 y llegándose á la cueva,
283 754 844 802 le dice en dúlces palabras,
279 800 713 850 ea amada Genoveva
286 850 891 896 por mas penas que te sigan,
290 898 884 947 por mas trabajos que tengas,
291 944 721 996 los endulzará JESUS
296 993 896 1044 con la sangre de sus venas.
289 1047 734 1090 En él hallarás alivio,
290 1090 925 1139 veslo, aquí lo dejo en prenda
299 1142 850 1187 de que no te desampara,
302 1186 944 1235 vive en Dios, con él te quedas!
301 1240 807 1284 Desapareciendo el ángel,
298 1285 832 1333 quedó la santa princesa
306 1332 799 1381 tan alentada, que todos
300 1379 882 1431 los trabajos é inclemencias
304 1427 848 1479 los llevaba con mas gusto
316 1478 845 1527 que su perdida grandeza.
306 1528 794 1577 Así pasó algunos dias
309 1577 871 1622 manteniéndose con yervas,
316 1625 897 1671 con que llegó á tal estado,
311 1674 790 1719 que perdida la belleza
325 1717 984 1768 de su rostro, aun no era sombra
319 1772 829 1816 de su antigua gentileza;
326 1816 875 1865 pero lo que mas la aflige
327 1866 917 1914 es que la mucha abstinencia
324 1917 762 1963 la debilita de modo
326 1962 959 2012 que falta á sus pechos néctar
332 2011 850 2061 conque mantener al niño
336 2061 931 2110 que con llantos y con señas
327 2113 748 2158 la pedia de mamar;
336 2159 903 2204 y acudiendo á la clemencia
339 2208 763 2252 de Cristo crucificado
329 2256 871 2302 reparó que hácia la cueva
334 2308 729 2350 se venia presurosa
336 2356 871 2400 una muy hermosa cierva,
344 2406 816 2446 y acercándose al niño
299 2449 795 2494 le dió de mamar hala,
1040 345 1459 394 Con este raro prodigio
1028 396 1439 441 se consoló Genoveva
1034 442 1584 490 y mas viendo que dos veces
1040 494 1441 537 en cada dia la cierva
1037 520 1659 584 daba de mamar al niño.
1033 571 1659 631 Dejemos á la princesa
1029 640 1433 681 y vamos á Sigifredo
1029 663 1663 730 que concluida la guerra
1031 712 1653 776 se volvia á su palacio
1031 784 1465 826 sin apartar de su ideá
1032 830 1543 877 la muerte que mandó dar
1031 872 1532 926 á su amada Genoveva.
1035 930 1511 974 Andaba siempre confuso
1027 977 1438 1022 ulpando su ligereza
1029 1027 1546 1070 le mandar quitar la vida
1029 1075 1545 1119 sin examinar las pruebas.
1035 1125 1566 1167 os amigos lle ácompañan
1028 1157 1673 1219 y piden que se divierta.
1036 1197 1683 1265 A este fin dispuso un dia
1032 1266 1700 1316 irse á un bosqué, donde pueda
1031 1317 1523 1362 divertir su pensamiento
1028 1363 1457 1412 en la gustosa tarea
1034 1412 1558 1459 de la caza; y convidando
1034 1460 1633 1508 á sus parientes, se acercan
1036 1508 1643 1557 á un monte, y á pocos pasos
1040 1557 1677 1606 descubrió el conde una cierva
1031 1609 1533 1654 que medrosa se retira;
1043 1657 1523 1706 y Sigifredo se empeña
1043 1704 1565 1752 en seguirla, hasta tanto
1043 1753 1641 1802 que se ampró de una cueva
1039 1802 1585 1850 á donde llevaba al conde
1039 1852 1509 1898 la Divina Providencia.
1047 1901 1567 1945 Desmontóse del caballo,
1053 1947 1659 1996 para hallar con mas presteza
1051 1998 1579 2043 la cierva que perseguia,
1052 2046 1597 2089 y muy cerca de la puerta
1052 2091 1627 2141 divisa un bulto, y dudando
1047 2143 1675 2188 si era hombre ó si era fiera,
1047 2192 1565 2237 entre confuso y turbado,
1052 2241 1636 2287 le preguntó que quien era;
1053 2290 1647 2334 entonces anegada en llanto,
1056 2339 1587 2383 le respondió la princesa.
1065 2390 1517 2431 Soy una infeliz mujer,
1068 2436 1682 2478 á quien traio á esta aspereza
