1752 2480
37 200 588 238 de que han de morir quemados,
42 248 594 297 que asi su secta lo ordena
43 297 605 348 Los infernales ministros
42 344 603 398 encendieron una hoguera
39 392 595 445 sacan á los dos amantes
42 439 595 490 ay qué dolor! ay qué penal
39 488 557 539 Belardo de veinte años
36 537 500 573 su cara hecha una azucena,
40 584 448 621 entre cándidos jazmines
41 634 581 685 sisciplinados de perlas,
40 681 535 738 y Rosa de diez y siete
42 729 509 783 u cara una rosa hecha
37 779 605 833 nmarañado el cabello,
40 826 602 873 lescalzos de pié y de piérna,
44 873 598 929 esnudos de medio arriba,
56 923 601 977 con dos gruesas cadenas
53 973 605 1026 porrazos y empellones?
39 1019 564 1059 on sangre manchan la tierra.
38 1066 500 1119 regoneros van delante.
40 1117 528 1158 on cuatro roncas trompetas,
40 1163 598 1217 ue son lenguas de silencio
44 1212 599 1267 ue publican la sentencia
40 1260 508 1303 legaron hasta el incendio,
40 1308 500 1354 onde el fuego los espera;
42 1357 603 1414 stándolos para echar
38 1406 597 1461 egó un moro á toda priesa,
40 1452 534 1494 ue dice: que el Gran Sultan
39 1501 500 1543 ue les perdona su ofensa,
752 203 1307 265 como manida el Alcoran.
760 250 1305 314 que se casen en su secta,
757 299 1309 361 y les perdona su yerro,
760 348 1313 406 y su cometida ofensa.
754 393 1313 454 Respondió Rosa encendida.
746 440 1306 489 en vivo amor, que se quema:
756 489 1310 539 Corre, perro, y dí á mi padre,
756 538 1301 600 que reniego de su secta
756 585 1311 648 que por no ver á Mahoma
750 633 1307 693 me arrojo á la muerte fiera.
749 684 1309 749 Ea, valiente Belardo,
747 733 1299 796 esta es la fé verdadera
742 783 1299 839 por ella hemos de morr,
744 827 1311 888 viva Dios, viva la inmensa
741 880 1303 942 María llena de gracia,
742 930 1305 988 y pues es de grácia llena
748 978 1307 1037 pidámosle quenos dé
746 1023 1307 1083 para este martirio fuerzas.
748 1072 1307 1135 Ea, amante de mi alma
742 1124 1305 1179 pídele á Dios la paciencia,
740 1169 1314 1228 que yo tambien de mi parte
744 1220 1216 1256 el hacerlo asi me es fuerza.
748 1267 1303 1330 Y arrojándolos al fuego,
733 1318 1301 1379 con la mayor entereza
737 1366 1307 1422 rindió Belardo la vida,
744 1415 1307 1474 y Rosa murió contenta
729 1464 1130 1498 sacrificando sus vidas
732 1512 1234 1548 por conseguir gloria eterna,
602 1875 787 1937 FIN.
480 2280 878 2317 CARMONA—1858.
110 2329 1244 2366 Imp: de D. Jósé M. Moreno, calle Juan de la Cabía n. 4.
