1777 2570
468 180 1056 221 sabrás que el verme en tus brazos
465 228 960 269 muchos suspiros me cuesta,
471 278 874 315 y que abrazáré gustosa
462 327 1063 396 la misma ley que profesas.
469 377 932 409 Belardo, que ya no puede
463 423 1067 490 resistir tantas teinezas,
461 473 1061 540 en el golpe def cuidado
461 519 893 554 y en el mar de sus ideas
467 543 1064 602 acordó dentro en su pecho
468 614 1007 684 de bautizar á la reina
462 662 903 699 con una cónchá de plata,
462 711 953 746 que ella misma trae puesta.
462 760 972 795 En nombre del Padre Eterno
460 809 959 845 le echó el agua en la cabeza,
456 856 914 892 le puso Rosa por nombre,
453 901 903 941 María por mas grandeza.
461 954 828 989 Enternecido Belardo,
461 1003 884 1037 le dice de esta manera:
456 1051 912 1086 señora, cosa es constante
455 1099 945 1135 que con postestad inmensa,
454 1148 781 1183 y con divino rocío
459 1197 900 1232 saque tu alma de penas:
451 1245 924 1281 te puse Rosa por nombre,
459 1293 861 1327 quedas Rosa tan bella,
460 1338 914 1375 que un ramillete de flores
453 1389 873 1425 pareces entre azucenas.
450 1438 968 1473 Los dos amantes se abrazan,
457 1485 917 1522 y con amor se requíebran.
451 1532 883 1569 Dijo Lucinda: Belardo,
455 1582 941 1620 ya no espero mas grandeza,
451 1630 937 1667 demas que ya soy cristiana,
458 1679 899 1713 sino que mi esposo seas.
464 1725 923 1763 Yo te prometo esta noche,
458 1775 907 1809 antes que la aurora bella
455 1820 895 1858 venga bordando claveles,
452 1871 917 1907 que nos vamos á tu tierra,
459 1917 925 1955 porque conozcas las ansias
451 1965 911 2003 de la que fué tu princesa.
454 2015 934 2050 Se quita un sendal morado
454 2065 898 2099 con un esmalte de perlas,
452 2112 877 2148 le dice: Toma, Belardo,
455 2161 870 2195 de nuestra fé verdadera
459 2207 860 2244 será este sendal testigo
458 2257 866 2293 hasta llegar á tu tierra,
454 2303 876 2342 y asi quédate con Dios,
1189 180 1699 222 antes que alguno nos sienta,
1188 227 1671 267 Se fué la reina, y Belado
1195 268 1739 313 quedó vago entre timéblas
1188 324 1658 364 esperando qué su esposá
1185 373 1665 410 le saque de aquellas pehas.
1186 418 1746 486 Se dieron tan buena traza.
1191 468 1687 507 que en aquellá noche misma
1190 515 1626 556 aprestaron un barquillo
1187 564 1658 606 y con él mil cusas buenás.
1183 614 1714 656 Los dos se metieron deñtío,
1191 660 1600 700 y dulcemente navegan,
1179 695 1748 749 llevan por remos los gustos
1181 757 1633 800 por árbol sus diligencias;
1185 810 1625 848 por el trinquete su amor,
1181 844 1762 893 y por descanso sus peñás?
1187 904 1686 942 por el mar de su esperanza
1177 954 1632 990 los dos amantes navegan;
1181 985 1760 1037 y donde los lleva elviaje
1187 1033 1762 1086 allá los guia su estrella.
1187 1078 1754 1134 Mas no quiso la fortuna
1182 1128 1754 1182 que llegáran á Valencia
1187 1192 1660 1235 porque los ecliaron meños.
1187 1242 1600 1281 El turco con rania fiera
1184 1291 1761 1332 manda al punto que los busquen
1181 1338 1654 1379 por el nar, y por la tierrá.
1187 1388 1612 1425 Dos galeras despacharon
1177 1416 1752 1474 muy ufanas, y sobeíbias,
1187 1485 1562 1522 carrozas de la fortuna
1183 1520 1734 1569 que con váivénes Havegan.
1183 1580 1655 1618 Cuando vieron los amantes
1184 1629 1613 1667 las dos corsarias galeras,
1175 1676 1620 1716 que les iban dando caza,
1183 1724 1641 1765 dijo Rosa con gran pena.
1180 1772 1657 1813 Belardo, perdidos somos,
1187 1821 1677 1863 porque sin duda en mi tierra
1177 1869 1659 1909 mos habrán echado menos,
1187 1916 1677 1959 que dos naos muy soberbias
1180 1962 1653 2007 vienen surcando las aguas,
1177 2014 1615 2054 navegando á toda priesa.
1187 2064 1629 2102 Cercan al triste barquillo
1187 2112 1602 2150 por tener poca defensa:
1183 2160 1665 2204 prenden á los dos amantes,
1183 2207 1653 2250 y á Turquía dan la vuelta:
1177 2256 1669 2296 el Gran Sultan que los vió
1187 2306 1686 2348 luego al punto los sentencia
