1752 2480
1120 212 1432 256 (Numero 329.)
225 1423 1537 1461 BELARDO Y LUCINDA.
160 1506 1546 1544 ROMANCE EN QUE SE DECLARA COMO LA HIJA DELGRANSULTAN
164 1553 1536 1589 de Constantinopla se enamoró de un cristiano cautivo suyo, y cómo éste
228 1597 1482 1633 la redujo á nuestra santa fé, la bautizó, y despues murieron los dos
762 1645 946 1683 quemados.
154 1765 618 1811 En el alcázar de Venus,
153 1816 661 1859 junto al Dios de los planetas
154 1862 680 1907 donde el Palenque de Adonis
150 1913 600 1952 tiene puesta su belleza:
152 1960 622 2002 Circulo del cuarto asiento,
150 2009 638 2048 donde las moras mas bellas
152 2057 646 2099 tienen preso al dios Cupido.
152 2106 679 2148 entre amorosas cadenas:
142 2155 680 2196 Es la gran Constantinopla
152 2204 683 2245 córte de la infame secta
148 2253 681 2289 donde el gran Sultan Selim
148 2302 685 2342 tiene sentada su fuerza;
150 2350 536 2388 este tal tiene una hija
875 1768 1417 1808 de aqueste Imperio heredera:
877 1819 1416 1857 Lucinda tiene por nombre,
877 1865 1416 1904 porque luce su belleza.
882 1914 1424 1953 mas que el trono de Amarilis,
876 1962 1416 2000 mas que el cielo de Amaltea.
875 2010 1419 2048 Herida está del amor,
872 2057 1420 2096 que con amorosa llecha
873 2106 1420 2144 le traspasó el corazon
873 2153 1420 2192 Cupido con sus saetas,
880 2202 1413 2241 por lo cual para penar
878 2250 1415 2288 ardia en ardientes quejas.
881 2299 1420 2337 Y fué la causasun cautivo
876 2349 1332 2388 de la ciudad de Valencia,
