1847 2473
388 172 895 210 que en los jardines del turco
379 221 854 258 las plantas cultiva y riega,
386 270 833 306 mozo, galan y alentado,
386 315 860 352 y de grande gentileza.
382 364 900 403 Mas Lucinda que no duerme,
380 412 806 450 y con ansias se desvela,
379 459 819 496 por ver qué remedio dar
380 508 824 547 para gozar esta empresa,
382 555 770 592 á despojos de Cupido
374 603 783 643 dió lugar la primavera.
385 651 898 691 Y fué, que estando Belardo
373 699 800 738 algo quejoso una siesta,
379 746 793 785 cantando de su fortuna
378 795 787 833 las sinrazones adversas
370 844 900 885 al pié de una hermosa fuente,
369 891 763 929 cuya corriente risueña
374 939 814 980 en gargantillas murmura
372 987 866 1028 lo que distribuye en perlas,
365 1035 892 1078 con un hermoso instrumento,
366 1081 833 1121 cuyas concertadas cuerdas
370 1131 862 1174 dán principio á sus acentos,
370 1179 842 1220 que dicen de esta manera:
368 1224 952 1272 Oh Vírgen! pues sois mi madre,
366 1275 832 1319 tened ya de mi clemencia,
362 1323 706 1360 si nací para penar,
364 1370 818 1413 el cielo me dé paciencia.
366 1421 848 1459 Lucinda, que ya no puede
356 1467 826 1508 reprimir mas su grandeza
364 1515 847 1557 hácia donde está su amante
362 1565 792 1604 paso entre paso se llega,
364 1613 806 1654 y dice: Cristiano amigo,
364 1661 922 1704 qué tienes ? por qué te quejas?
364 1709 873 1749 Sirena soy, que en tu canto
362 1757 810 1798 la memoria tengo puesta
362 1803 864 1850 entre mi amor, y tus versos,
357 1852 832 1895 ténlo por cosa muy cierta.
362 1899 833 1943 Por qué lloras, alma mia?
356 1949 838 1992 No derrames tantas perlas,
362 1998 842 2040 que segun sienten tus ojos
366 2044 962 2092 en mi alma están deshechas.
354 2096 943 2140 Alzó el cristiano la cara;
356 2144 785 2184 y mirando á la princesa,
353 2191 805 2227 con una serena risa
361 2238 769 2279 le dice de esta manera:
363 2286 780 2330 Cuándo merecí, señora;
1126 179 1594 214 que vuestra alteza me vea,
1122 228 1718 262 porque es gran dicha en un triste
1095 275 1592 312 el que lo mire una reina?
1091 323 1586 361 DDijo Lucinda : mis glorias
1110 367 1506 412 es ver unas azucenas;
1106 415 1658 456 Se me ha perdido un diamante
1109 465 1582 506 á el pié de aquesa maceta,
1105 513 1582 552 y ló he venido á encontrar
1105 562 1600 602 junto á esta fuente risueña,
1111 610 1608 652 El cristiano que la entiende,
1110 660 1517 699 le dice de esfá manera:
1102 707 1512 748 Ese diamante, señora,
1110 754 1576 799 es un fuego que se quema,
1103 803 1465 841 y no se puede gozar
1100 852 1576 891 diamante con falsa piedra.
1098 901 1580 942 Lucinda le echó los brazos,
1098 947 1489 987 con amorosa presteza
1101 996 1564 1038 diciendo: dueño del alma,
1090 1043 1684 1090 lo que quiero es que me quieras,
1102 1090 1586 1134 porque el fuego de tus ojos
1098 1137 1608 1184 es un volcan que me quema:
1092 1188 1573 1231 yo me muero, tú lo sabes,
1090 1238 1492 1277 y si tú no lo remedias,
1092 1285 1528 1326 la fuerza de mucho amar
1086 1333 1580 1378 me hará perder la paciencia.
1084 1377 1498 1424 Dijo Belardo: Señora,
1088 1428 1564 1474 repórtate, que estás ciega,
1095 1481 1743 1547 que soy cristiano y cautivo,
1089 1528 1741 1589 y vengo de bajá esfera
1090 1577 1675 1634 y tú mora, y de este Imperio.
1089 1620 1510 1665 eres señora, y princesa,
1085 1673 1509 1711 y no puede haber amor
1089 1719 1539 1762 donde la ley no empareja
1089 1767 1724 1805 Dijo Lucinda: Belardoy
1077 1816 1728 1854 no seas de esa manera,
1088 1864 1709 1906 que eres niño, y no lo entiendes
1081 1915 1742 1951 y es cosa muy lisonjera
1082 1961 1750 1999 no gozar de la ocasion
1081 2011 1746 2047 cuando el amor lo desea.
1077 2056 1565 2099 No seas ingrato, bien mio,
1081 2107 1729 2146 porque un alma que anda en penas
1074 2154 1533 2197 ha llegado á ver el cielo,
1076 2201 1558 2243 que es la gloria que desea.
1077 2249 1742 2290 Tú eres el cielo, Bélardo
1083 2303 1736 2341 y yo el alma que anda en penas:
