1737 2508
197 234 589 274 leño, para ser tizon
195 282 743 323 en las profundas cabernas,
194 329 600 373 antorcha, para lucir
205 379 690 419 en las celestiales fiestas.
204 427 717 467 De ser leño á ser antorcha
208 477 693 517 saca tu la consecuencias,
206 525 754 563 y escoge de estas dos cosas
203 575 678 612 la que mejor te parezca.
204 620 687 661 Si leño quieres quedarte
208 669 704 711 suma las horribles penas
210 717 738 759 con que son atormentados
212 766 803 806 los que erraron estas cuentas.
211 816 750 855 Procura ser como el agua,
215 865 798 904 que comenzando entre peñas,
209 914 737 953 si pasa por angosturas
213 962 772 1001 sale mas clara y masfresca;
212 1013 744 1050 al contrario si muy ancha,
213 1060 689 1099 por donde pasa navega,
219 1109 777 1148 saldrá turbia, gorda y mala,
213 1158 722 1196 que nadie pueda beberla.
224 1206 751 1245 Si tú, cristiano te angostas
222 1255 699 1293 te humillas y te sugetas
218 1302 687 1343 á la ley de Dios, saldrá
223 1352 765 1392 como el agua clara y fresca;
219 1400 784 1440 mas si quieres ensancharte
231 1450 750 1488 caminando á rienda suelta,
229 1496 675 1536 darás en un precipicio
225 1546 769 1585 donde despreciado mueras,
221 1596 711 1634 pon freno à tus apetitos,
235 1645 709 1684 tírate bien de la rienda,
236 1693 828 1732 que has costado mucho á Dios
238 1741 786 1779 y es lástima que te pierdas.
239 1790 639 1828 Ya sé queno pecarás
231 1840 680 1877 si con amor consideras
236 1888 672 1927 como Dios por tí pasó
231 1937 739 1975 tantas injurias y afrentas.
236 1985 614 2023 Considera que bajó
235 2034 820 2072 desde el cielo hasta la tierra,
246 2082 739 2121 y que nació en un portal
243 2132 727 2170 con humildad y pobreza.
240 2181 746 2220 Saca de aqui el poco caso
1481 163 1525 203 7
938 226 1538 264 que debes hacer de haciendas,
932 276 1472 313 de empleos, de dignidades,
927 324 1467 359 de mandos ni de riquezas,
932 371 1450 409 que las cosas de esta vida
925 420 1393 459 son cosas perecederas,
930 468 1451 507 y cosas que no son firmes
934 516 1573 555 no se ha de hacer caso de ellas.
930 566 1394 603 Mira á Maria Egipciaca,
939 614 1588 652 que haciendo á Dios mil ofensas,
941 663 1444 700 pasaba lo mas del tiempo
941 711 1384 748 necesidades estremas;
940 760 1383 797 enmendóse del pecado
934 810 1470 847 y haciendo de èl penitencia
935 858 1355 896 la sugetaba el Señor
935 907 1528 943 no comiendo mas que yerbas:
942 954 1395 993 de aqui puedes inferir
950 1004 1499 1043 que el pecado no sustenta,
949 1052 1495 1090 que antes destruye y acaba
948 1102 1503 1139 la complexion sana y buena.
953 1150 1429 1188 La gracia de Dios alivia
947 1201 1427 1236 las fatigas, las miserias,
946 1248 1450 1286 las congojas y las ancias,
956 1297 1442 1335 los trabajos y las penas,
955 1345 1445 1382 ¿pues cuanto mejor será
956 1394 1528 1431 buscar á Dios porque puedas
951 1442 1440 1480 hallar en tus aflicciones
956 1490 1347 1528 el alivio que desas?
951 1540 1447 1577 Animo, pues lector mio,
960 1588 1452 1626 valor, tu espiritu alienta
956 1636 1376 1675 para dejar el pecado
959 1688 1493 1727 y para buscar la enmienda.
961 1735 1396 1772 Considera por tu vida
968 1784 1575 1821 que no hay nadie que merezca
955 1833 1483 1870 ser mas amado, que Dios,
959 1882 1490 1919 en las cielos y en la tierra.
962 1931 1450 1969 Amale, pues, lector mio,
963 1978 1402 2016 ofreciéndote de veras
964 2026 1518 2064 antes perder cien mil vidas
977 2076 1556 2114 que volver á hacerle ofensas:
969 2124 1444 2163 mirar que su Magestad
969 2175 1598 2213 te está aguardando que vengas,
