1660 2448
328 203 362 237 2
228 248 797 286 Pongo el uno, luego al punto
238 296 793 335 con mucho amor considera
235 346 819 386 que hay un solo Dios, que es
236 393 808 435 quien crió el cielo y la tierra;
223 442 828 482 que hay sola una Virgen pura
219 490 724 530 á quien no tocó ladeuda
219 538 618 578 del pecado original
226 590 720 627 que cometió Adan y Eva,
226 639 808 677 que en todo el mundo no hay
220 686 790 725 mas que una ley verdadera,
223 734 757 775 que es la ley de Jesucristo,
223 784 799 823 porque las demás son sectas;
224 833 790 872 que hay una gloria no mas,
224 881 716 920 un purgatorio de penas,
221 931 814 972 y un infierno donde siempre
219 979 740 1017 los demonios atormentan.
222 1028 698 1066 La cuenta saldrá cabal
226 1076 760 1113 si es que asi lo consideras,
221 1124 720 1165 porque per otro camino
228 1173 712 1211 no sé si te saldrá cierta.
220 1222 792 1260 Pon el dos, y luego al punto
223 1271 739 1311 que tienes dos ojós piensa
217 1320 707 1362 para no ver cosas malas
225 1369 737 1406 si para ver cosas bueñas;
221 1417 759 1455 que Dios te dió dos oidos,
224 1466 720 1505 porque con ellos oyeras
223 1515 714 1552 del predicador las voces,
217 1563 790 1600 del confesor las sentencias;
222 1612 832 1650 que tienes tambien dos labios,
217 1660 793 1700 para que pronunciar puedas
217 1709 822 1748 las cosas de Dios bien claras
217 1759 768 1795 como lo son ellas mismas:
222 1806 743 1845 que tienes en las narices
218 1857 812 1892 dos ventanas con que huelas
221 1905 724 1942 de la gloria la fragancia
223 1954 835 1992 ó el hedor de las cabernas;
223 2003 834 2040 que tienes tambien dos manos
223 2052 714 2089 para remediar con ellas,
226 2101 662 2137 si acaso fuese posíble,
224 2149 738 2187 del prógimo las miserias;
220 2200 766 2238 dos pies para que camines
949 247 1449 286 por la verdadera senda,
963 295 1454 334 huyendo del precipicio
952 345 1454 382 que la culpa te acarrea.
948 393 1571 435 Esto es lo que el dos contiene,
953 443 1507 480 y sabrás que se aumentan
948 491 1498 528 sumando de aquesta suerte
946 539 1456 577 dos millones de riqüezas.
946 588 1474 623 Al poner el tres, te digo
949 636 1570 680 que es fuerza que te detengas,
953 685 1438 721 por ser el número tres
954 734 1492 769 el que mas valor encierra:
956 782 1500 820 Contemplarás en principio
951 830 1461 868 con humilde reverencia
959 879 1477 916 las tres divinas personas
951 928 1458 964 de la Trinidad inmensa:
957 977 1512 1014 luego, que tienes un alma
957 1026 1498 1063 formada de tres potencias,
958 1075 1530 1112 pero que hay tres enemigos
960 1123 1568 1160 que han de combatir con ellas
959 1173 1575 1209 que han de tener tres virtudes
964 1219 1496 1259 para que nunca la venzan;
952 1269 1476 1306 Fé, Esperanza y Caridad,
959 1317 1495 1355 armas con que se defienda.
960 1365 1452 1403 Que recien nacido Cristo,
957 1415 1434 1450 vinieron con diligencia
956 1463 1380 1499 tres reyes á visitarlo
959 1512 1499 1551 y à ofrecerle tres ofrendas:
961 1561 1477 1596 que subió á transfigurarse
959 1608 1440 1645 al Tabor, y con él lleva
959 1657 1479 1694 tres discipulos que fuesen
962 1707 1458 1743 testigos de su grandeza;
966 1756 1570 1791 que oró en el Huerto tres veces
955 1806 1551 1844 y que fué por culpas nuestra
955 1853 1461 1887 amarrado con tres sogas
955 1900 1493 1937 de Dios la suma inocencia:
959 1948 1502 1988 que negó tres veces Pedro
961 1998 1529 2036 y que con lágrimas tiernas
959 2047 1449 2084 lloró su culpa, y quedó
953 2095 1477 2134 absuelto de culpa y pena,
956 2145 1529 2181 que anduvo tres tribunales
965 2195 1461 2234 para darle la sentencia:
