1765 2512
328 232 353 268 4
224 279 738 316 Formando el ocho, diras,
224 328 903 374 que ochenta mil veces sea
227 377 894 418 por todo el mundo aplaudída
226 426 738 460 de Dios la ley verdadera.
224 474 796 514 Formarás el nueve, y luego
223 524 742 567 levantarás la cabeza
223 572 742 611 al cielo, donde verás
233 618 727 656 el sol la luna y estrellas
229 666 778 705 considerando en el nueve
223 714 865 754 los nueves coros que encierran
231 764 864 803 para que á Dios siempre alaben
240 814 654 849 divinas inteligencias.
233 860 851 900 Formarás el dia diez, pensando
229 908 778 950 que la ley de Diós ordena
244 958 917 997 que guardes diez Mandamientos,
227 1009 747 1045 so pena de grande pena,
236 1057 775 1093 de no quebrantar ninguno
233 1103 880 1142 tendrás siempre grando cuenta
238 1153 800 1192 ya que asi Dios te lo manda
240 1201 768 1239 razon es que lo obedezcas,
242 1250 804 1287 y mira que el diez se forma
237 1299 801 1336 con dos numero que enseña
235 1346 783 1385 lo que vá de Dios al mundo
240 1396 810 1434 si entrambos los consideras.
239 1445 782 1481 Con un uno y con un cero
241 1494 879 1530 forma el diez, y al punto piensa
251 1542 789 1583 que el uno es un solo Dios
243 1593 791 1631 y el cero al mundo semeja;
243 1641 670 1675 si pones el cero solo
243 1689 775 1728 y el uno por poner dejas,
249 1737 751 1773 dirás; cero y no vá nada
250 1786 840 1824 con que sin nada te quedas:
253 1837 689 1876 y asi podrás reparar
253 1885 872 1921 que si del mundo haces cuenta,
257 1931 765 1968 dirás; cero y no va nada,
254 1982 871 2026 y por el mundo á Dios dejas;
262 2029 880 2063 deja el mundo y busca á Dios
253 2075 876 2122 que en Dios están las riquezas
960 270 1648 310 porque el mundo es como el cero
959 318 1638 365 que solo habla con la cuenta.
966 368 1643 417 ¿Cuantos en aqueste mundo.
958 417 1613 463 habrás visto con riquezas.
959 467 1531 506 y despues los verás pobres,
964 514 1554 554 pidiendo de puerta en puerta,
967 562 1548 606 y si esto lo miras bien
964 613 1494 651 hallarás por cosa cierta
962 660 1637 701 que las cosas de este mundo
964 708 1427 747 son cosas perecederas.
973 755 1480 794 Verás un hombre llevado
972 803 1409 845 de vanidad y soberbia
966 852 1589 895 que no cabe en este mundo
969 903 1453 945 por su valor y su fuerza,
966 952 1558 991 mas en llegando á la muerte,
965 999 1413 1041 el que tan temido era
967 1045 1583 1089 no cabiendo en todo el mundo
976 1095 1559 1137 cupo en siete pies de tierra.
974 1145 1509 1185 Pues dí; cero y no vá nada,
980 1193 1587 1237 que cuando menos lo piensas
979 1242 1495 1282 vuelves á la misma nada
977 1289 1511 1335 por ser de la nada mesma;
983 1339 1557 1383 por lo cual procura siempre
980 1387 1552 1429 en cuanfas cosas emprendas
987 1436 1490 1477 de poner á Dios primero,
979 1485 1521 1527 porque el uno valor tenga.
979 1534 1541 1573 Porque la cuenta no yerres,
981 1581 1455 1623 válete de aquella Reina
991 1630 1548 1672 que en todas las aflicciones
994 1679 1472 1719 por los pecadores ruega;
983 1728 1477 1768 rezala siempre el rosario
985 1777 1473 1817 con fervor y reverencia,
981 1825 1506 1867 saldrás con la cuenta bien
990 1874 1462 1913 como ella te favorezca;
988 1922 1413 1963 aqui el poétarendido
991 1971 1485 2011 á aquesta parte primera
993 2020 1588 2060 dá fin, porque en la segunda
991 2070 1511 2110 decir lo que falta intenta.
612 2137 1339 2292 Fin de la primera parte.
