1737 2508
697 857 1087 1010 SEGUNDA PARTE.
185 1010 1610 1077 Que contiene del modo que se ha de sumar la cuenta para no llevarla
619 1068 1185 1111 errada al tribunal de Dios.
266 1227 811 1266 Habiendo, lector discreto,
189 1276 671 1317 prometido de la cuenta
195 1325 659 1366 sacar la segunda parte,
197 1374 760 1414 quiero cumplir la promesa.
193 1421 618 1462 Lo primero, declarar
199 1470 739 1510 es la suma de esta cuenta,
202 1518 763 1559 que despues de estar sumada
207 1567 690 1608 le sacaremos la prueba.
208 1616 740 1655 Suma pues, lector amigo,
205 1664 718 1705 de Dios la suma grandeza,
205 1714 688 1756 el poder, la magestad.
213 1762 724 1802 el saber, la providencia:
208 1811 752 1850 el grande amor, la piedad,
210 1858 800 1900 la mansedumbre y paciencia;
216 1905 834 1949 y en fin que es incomprensible
210 1956 729 1996 porque nadie lo penetra.
219 2005 687 2044 Si lo sumas poderoso,
209 2054 803 2093 mira al cielo, á las estrellas,
224 2104 726 2142 al sol, la luna, los astros,
220 2152 709 2189 con todos esos planetas.
225 2203 708 2239 Verás una arquitectura,
935 1214 1373 1256 cuya fábrica opulenta
935 1257 1611 1305 dá á entender con su hermosura
936 1310 1497 1353 que solo Dios pudo hacerla.
928 1360 1379 1402 Si miras con atencion
927 1409 1389 1450 al circulo de la tierra,
944 1456 1447 1498 verás las gentes, las aves,
931 1506 1483 1547 los frutos, las menudencias
940 1555 1439 1596 de pequeñuelos gusanos,
940 1603 1412 1645 cuya multitud sustenta
936 1649 1526 1692 el poder de Dios, que él solo
939 1701 1482 1741 es quien sustentarlo pueda.
947 1748 1435 1790 Si le sumas sábio, mira
947 1797 1457 1844 y ten por cosa muy cierta
951 1844 1540 1888 que el pensamiento mas leve
943 1896 1488 1938 no se escapa de su ciencia.
947 1944 1389 1986 Si lo sumas amoraso,
946 1994 1437 2035 con humildad considera
950 2041 1436 2083 que de tu amor obligado
955 2091 1433 2131 dió la vida con afrenta.
955 2138 1450 2179 Si piadoso, ¿donde pudo
947 2187 1513 2229 caber piedad que ofreciera
