1737 2508
1192 182 1450 337 Número 198.
435 1637 1331 1797 EL CONTADOR ESPIRITUAL.
179 1792 1590 1848 Que contieneun nuevo y curiosoromance declarando por los números lo
173 1844 1593 1898 que debe contemplar para no errar la cuenta que cada uno hemos de dar
474 1896 1312 1940 de nuestra vida en el tribunal de Dios.
690 1922 1075 2075 PRIMERA PARTE.
250 2077 699 2117 Habiendo considerado
188 2129 863 2167 que á Dios hemos de dar cuenta,
189 2177 667 2215 quisiera para no errarla
185 2227 673 2266 hacer una cuenta nueva;
902 2067 1414 2112 lo que con ella pretendo
918 2117 1484 2161 es dar á entender que sepan
916 2167 1488 2209 lo que se ha de contemplar
909 2217 1455 2261 en los números de cuenta.
