1765 2512
317 178 351 213 6
208 236 684 273 la vida siendo tú el reo
213 286 725 323 para que tú no murieras?
216 334 726 371 Si paciente, ¿donde pudo
220 383 724 421 tan invencible paciencia,
222 431 702 468 que te ofrece beneficios
212 478 770 516 cuando tú le haces ofensas?
218 528 656 568 Si lo sumas justiciero,
211 578 782 613 tendrás por cosa muy cierta
219 625 685 661 que dejára de ser Dios
214 673 770 710 antes que injusticia hiciera.
220 721 808 763 Si incomprensible, no dudes
218 770 764 809 que es imposible que pueda
219 818 738 856 comprenderle cosa alguna
208 866 828 910 ni en los cielos ni en la tierra.
215 914 800 962 Sumando de Dios lo grande,
214 963 656 1007 sumarás de tu bajeza,
208 1012 682 1056 lo débil, lo quebradizo,
216 1060 619 1097 la frágil naturaleza
213 1110 732 1149 el poco caudal que tienes:
214 1159 782 1203 pues si bien lo consideras,
212 1207 756 1252 no hay cosa que sea tuya,
214 1255 722 1296 sino es que la culpa sea.
216 1304 707 1343 Suma ahora la distancia
213 1354 799 1396 que hay de la suma grandeza
218 1402 680 1440 de Dios á la poquedad
220 1450 678 1491 de tu sobrada miseria,
213 1499 688 1539 y en sumándola podrás
213 1547 712 1591 afrentarte de vergüenza,
216 1597 908 1638 de que ofenda à un Dios tan grande
216 1646 684 1687 una cosa tan pequeña.
212 1695 646 1732 Ahora podrás sumar
216 1744 852 1786 que siempre que ingrato pecas,
214 1793 732 1835 à donde quiera que estás,
218 1841 752 1881 está Dios en tu presencia.
210 1888 739 1933 Dios está en todo lugar,
209 1939 642 1978 asi la fé nos enseña,
219 1988 831 2029 con que estará con el hombre
212 2034 709 2075 adonde quiera que peca.
215 2083 758 2127 Dios es puro é impecable,
218 2133 736 2173 la culpa es horrible y fea,
217 2185 765 2221 pues mira, ¿qué dirá Dios
951 235 1532 276 cuando en su presencia pecas?
944 285 1464 324 Deja el pecado, cristiano,
946 333 1514 376 mira que es tu conveniencia,
944 380 1438 419 que en pecar ó no pecar
944 428 1440 468 está tú gloria ó tú pena.
941 475 1487 517 Suma ahora de tus culpas
944 525 1426 566 la cantidad con presteza
942 574 1352 612 las dirás al confesor
942 623 1502 664 con propósito de enmienda.
943 671 1452 710 Deja los vanos deleites
941 721 1391 760 y busca la penitencia,
941 770 1447 809 pues para subir al cielo
954 816 1450 856 es la mas firme escalcra.
943 865 1540 904 Repara que un monte espeso
948 914 1440 952 en sus entrañas encierra
948 962 1449 1001 zarzas, abrojos y espinos
945 1011 1488 1052 con otras muchas malezas,
956 1060 1496 1100 y que un labrador le tala,
946 1110 1538 1150 le arranca, destruye y quema,
950 1157 1394 1196 le cultiva, y cultivado,
950 1207 1522 1245 de hermoso trigo le siembra,
951 1255 1577 1294 y aquel que antes amparaba
952 1306 1486 1343 en sus concabos las fieras,
947 1353 1575 1386 ahora dá trigo hermoso
945 1401 1522 1442 con que el trigo se sustenta;
951 1451 1505 1488 pues tala, quema y arranca
952 1499 1516 1539 de tu gran Dios las ofensas,
955 1547 1389 1586 y cultivate á ti mismo
959 1596 1397 1631 con áspera penitencia.
952 1644 1476 1680 Siembra luego de virtudes
948 1693 1454 1732 tu alma, no te detengas,
958 1743 1572 1780 que siempre sembrar temprano
952 1791 1454 1828 suele ser mejor cosecha.
950 1840 1460 1876 Dos cosas quiero pedirte
958 1888 1569 1929 porque en memoria las tengas,
961 1938 1431 1974 que como no las olvides
960 1986 1500 2021 serán para tí muy buenas.
955 2036 1579 2073 Que has de ser antorcha ó leño
952 2084 1476 2121 te quiero decir que sépas,
949 2133 1477 2168 leño, si el pecado sigues,
951 2182 1483 2219 bella antorcha, si le dejas
