1765 2512
302 217 336 282 8
208 295 807 337 que en pies, manos y costado
209 344 743 382 estan las puertas abiertas.
207 390 769 431 Mira que es Pastor que sabe
207 441 693 479 recoger bien sus ovejas,
211 489 791 529 que las compró con su sangre
215 538 720 575 y siente mucho perderlas,
215 584 653 626 llégate contrito y dile:
219 633 759 675 sacro Rey del cielo y tierra,
219 681 676 722 de yo haberos ofendido
216 730 724 770 una y mil veces me pesa;
213 778 727 822 prometo de aqui adelante
215 829 759 868 de mis pecados la enmienda
223 877 641 916 ayudado de la gracia
228 925 780 963 de vuestra bondad inmensa.
210 975 846 1013 Muchas son, Señor, mis culpas,
216 1024 752 1062 mas tengo por cosa cierta,
224 1072 827 1111 que por muchas que ellas sean
226 1121 780 1158 es mayor vuestra clemencia.
222 1170 736 1207 Amparadme, gran Señor,
232 1218 716 1255 de aquel lobo que desea
231 1267 745 1304 comerme, puesto que sois
236 1316 714 1352 Vos Pastor y yo la oveja.
223 1364 713 1401 No permitais, Jesus mio,
231 1414 701 1453 que tal mi desdicha sea,
229 1460 795 1502 pues por no ampararme Vos
226 1512 792 1548 él me coja entre sus presas.
226 1558 724 1597 Pongo por mi intercesora
226 1608 736 1645 con Vos para mí defensa
236 1657 710 1694 á vuestra divina Madre,
244 1706 856 1745 que es del Cielo y Tierra Reina,
240 1754 771 1793 que yo tengo por sin duda
245 1802 767 1840 que sumaré bien la cuenta
241 1850 706 1890 que tengo de dar á Vos
240 1900 712 1939 como ella me favorezca.
234 1950 714 1988 Reina de las gerarquias,
241 1996 722 2037 cuya magestad celebran
237 2047 767 2085 las que rúbicas escuadras,
940 288 1356 326 divinas inteligencias;
933 338 1411 377 que seais mi protectora,
936 385 1474 423 humilde mi amor os ruega
938 433 1431 471 para que Dios me recoja
943 486 1459 527 y porque yo no me pierda,
941 534 1495 568 que yo tambien os prometo,
952 580 1424 617 en tanto que vida tenga,
948 627 1422 664 de rezar vuestro rosario
951 675 1427 713 con fervor y reverencia.
939 724 1481 763 Aquesta es, lector discreto.
942 773 1492 813 la suma de aquesta cuenta,
939 826 1415 866 y ya que la suma sabes
948 874 1442 906 te quiero decir la prueba.
952 920 1459 959 ¿Cuantos bienaventurados
953 968 1477 1005 gozan de Dios la presencia
951 1018 1435 1054 porque dijerón las culpas
952 1067 1418 1102 buscando la penitencia?
955 1114 1521 1152 ¿Cuantos perdieron las vidas
951 1163 1464 1199 al rigor de la inclemencia
960 1213 1458 1247 de bárbaros que querian
956 1260 1426 1297 reducirlos á las sectas?
959 1310 1471 1350 ¡Que dolores! ¡que fatigas!
965 1360 1477 1399 ¡que trabajos, y que penas
957 1408 1437 1444 los mártires padecieron
961 1456 1548 1492 por no errar aquestas cuentas
963 1504 1434 1542 La prueba saldrá cabal,
960 1554 1408 1588 si se mira y considera
958 1601 1552 1637 que el que la acierta se salva,
967 1649 1513 1686 y se pierde el que la yerra.
963 1698 1499 1735 Ama á Dios; deja el pecado
968 1747 1494 1783 que asi la cuenta es cierta,
966 1796 1506 1832 que amar á Dios sin pecar
975 1844 1436 1881 es la verdadera prueba.
971 1893 1382 1931 Aqui, discrito lector,
969 1943 1501 1979 la suma de aquesta cuenta
966 1992 1436 2027 da fin, pidiendo perdon
962 2042 1427 2077 las faltas de mi rudeza.
793 2120 1104 2191 FIN.
261 2213 1639 2291 CARMONA:—Imp. de D. J. M.a M. calle de Madre de Dios n. 1.
