1737 2508
1461 148 1491 188 3
175 234 638 286 y la Cruz en que murió
181 284 733 334 que fué de tres palos hecha;
180 330 721 382 que llevándole al Calvario
179 383 663 430 cayó tres veces con ella,
178 435 653 480 para que tú no cayeses
176 480 746 527 en las profundas cabernas;
189 528 731 576 que limpiado con un lienzo
187 576 747 624 su Rostro, nos dejó impresa
192 623 753 673 tres Veróficas, que hoy dia
194 655 871 722 en el mundo se conservan:
196 722 733 769 que fué clavádó en la Cruz
183 767 817 817 con tres clavos sin clemencia
194 819 716 866 y le dieron tres barrenos
204 868 781 916 por donde los clavos entran;
202 916 789 964 que estando al pié de la Cruz
199 965 648 1013 paso la sagrada Reina
202 1013 718 1060 tres grandes necesidades
204 1063 690 1109 todas de cóngojas llenas:
202 1112 675 1159 que bajáron de la Cruz
203 1161 635 1205 á la difunta inocencia
203 1205 767 1254 tres varones y en los brazos
210 1256 772 1303 de su Madre se lo entregan:
213 1305 733 1351 que pusieron al sepulcro
215 1352 723 1400 tres guardias, y considera
220 1400 784 1447 que estando tres dias dentro
207 1450 769 1496 salió sin que éllos le vieran:
212 1498 696 1544 que salieron á buscarle
219 1545 779 1593 tres Marias con gran priesa,
224 1594 829 1643 que el que vá buscando á Dios
218 1646 809 1691 no es razón que se detenga.
218 1691 711 1740 Esto es del número tres
215 1740 805 1789 el grande valor que encierra,
222 1773 921 1833 si al formarle en cualquier parte
209 1841 709 1885 con amor lo consideras.
219 1887 723 1936 Al poner el cuarto, mira
218 1932 846 1984 cuatro Evangelios que enseñan
222 1985 681 2031 con claridad y patente
226 2034 747 2079 de Dios la ley verdadera.
226 2084 817 2132 Que hubo cuatro evangelitas,
237 2132 843 2176 que escribieron con prudencia,
224 2179 784 2227 siendo de Dios alumbrados
906 211 1396 261 las sacras divinas letras.
914 257 1452 311 Que crió cuatro elementos
909 306 1505 358 con que el mundo se conserva
836 355 1528 405 y que el año en cuatro tiempos
921 401 1392 450 se parte sin diferencia;
912 453 1504 501 que tu tienes cuatro humores
838 491 1508 549 que cuatro edades te esperan
928 550 1415 601 para vivir en el mundo
923 601 1459 648 si acaso á ser viejo llegas.
928 648 1411 697 Contemplarás en el cinco
930 695 1485 745 que la Santa Madre Iglesia,
926 738 1516 787 con sus cinco Mandamientos
927 795 1503 844 te manda que la obedezcas,
934 843 1496 892 que aquesos cinco sentidos
936 895 1419 941 que tienes en la cabeza,
923 943 1407 990 son para servir á Dios
930 991 1422 1039 con humilde reverencia;
936 1034 1521 1089 que dejó Cristo en su cuerpo
934 1086 1507 1137 cínco llagas, porque puedas
943 1136 1435 1184 conocer el grande amor
938 1186 1501 1232 que le obligó á padecerlas.
941 1235 1411 1282 Al poner el seis, dirás,
943 1283 1461 1330 que seis mil millones sea
946 1331 1370 1379 bendecida y alabada
943 1380 1491 1426 de Dios la suma grandeza.
948 1429 1321 1477 Al siete conocerás
956 1478 1493 1526 que la santa Madre Iglesia
955 1525 1441 1572 te dá siete Sacramentos
954 1576 1422 1623 para que te fortalezcas;
956 1618 1548 1671 que hay siete culpas mortales
954 1668 1547 1719 y que es menester que tengas
948 1721 1432 1767 siete virtudes que estan
951 1763 1540 1813 contra estos vicios opuestas:
959 1817 1434 1866 que dijo siete palabras
964 1865 1549 1913 Cristo en la Cruz cuando cerca
962 1917 1361 1963 estaba para espirar
968 1965 1449 2013 por redimir tus ofensas.
964 2012 1417 2062 Aquellos siete dolores
969 2060 1459 2108 de la Virgen, considera,
972 2110 1467 2159 cuyas penetradas puntas
967 2160 1405 2207 el corazon atraviesan.
