1620 2436
1308 249 1551 347 (Núm. 82.)
361 833 1474 932 APARTAMIENTO DEL ALMA Y DEL CUERPO.
211 942 1613 1020 Relacion para contemplar en la hora de la muerte, y considerar e
291 1014 1550 1067 gran dolor que siente el alma cuando se despide del cuerpo.
728 1093 1107 1189 PRIMERA PARTE.
249 1228 722 1295 Oigan el clarin sonoro
204 1265 735 1332 que con ecos compasivos
212 1319 701 1379 pretende muy fervoroso,
211 1362 653 1414 de la caridad movido
206 1407 724 1464 despertar á los mortales
204 1453 776 1503 que están en culpa metidos,
209 1496 777 1552 sin mirar que á Dios ofenden,
207 1529 734 1600 ni que van por el camino
212 1583 764 1639 muy cierto de su despeño;
211 1620 737 1684 por lo cual yo les suplico
210 1667 752 1730 que procuren enmendarse,
213 1717 719 1762 despertando los sentidos,
214 1752 758 1816 porque amenudo la muerte
213 1802 702 1857 viene cortando los hilos
215 1844 696 1900 vitales con su guadaña.
205 1886 751 1949 Bien sabeis que Jesucristo
211 1936 719 1983 es tan recto y justiciero,
216 1974 725 2036 como piadoso y benigno,
210 2014 678 2075 y que nos ha de pedir
211 2056 783 2120 cuenta estrecha, esto es fijo,
214 2098 748 2164 y tan presto ha de llamar
212 2154 737 2205 al anciano comó al niño.
212 2190 734 2251 Ante Dios seremos todos
224 2237 744 2302 iguales, porque allí el rico
220 2278 820 2335 no le ha de valer la hacienda,
215 2328 700 2393 á pontífices y á obispos
935 1224 1441 1283 las tiaras ni las mitras
938 1267 1528 1356 que en el mundo han poseido,
934 1322 1448 1377 ni á los reyes las coronas
940 1370 1441 1426 de esmeraldas y záfiros,
946 1408 1414 1463 porque allí solo valdrá.
938 1451 1426 1510 el haber á Dios servido.
940 1488 1473 1553 Y pues con écos tan altos
939 1545 1463 1596 nos está llamando Cristo,
937 1586 1462 1631 noten todos los cristianos
936 1619 1541 1686 los que hoy se hallaren vivos,
936 1672 1349 1727 el dolor intolerable,
933 1714 1413 1776 los sollozos y suspiros
942 1757 1573 1814 que siente en si el alma, cuando
938 1807 1459 1865 al partir de aqueste siglo
941 1841 1463 1910 se despide de su cuerpo,
947 1885 1514 1955 pues tiemblo yo al referirlo,
945 1933 1509 1994 oirán lo que dice el cuerpo
945 1973 1483 2039 disculpándose á si mismo.
946 2020 1476 2070 Despierta, alma, despierta,
935 2070 1471 2127 harta de mundanos vicios,
939 2111 1471 2158 que ya ha llegado la hora
945 2152 1534 2214 postrimera en que hemos visto
941 2197 1432 2258 á la parca que pretende
941 2236 1336 2297 con el acerado filo
939 2279 1437 2337 de su guadaña, cortar
943 2321 1503 2403 hoy de nuestra vida el hilo.
