1684 2448
119 267 650 332 Ya se acabaron los gustos,
114 308 619 371 los regalos, los vestidos,
120 356 613 417 aquellas cadenas de oro,
119 400 608 459 joyas perlas y cintillos.
122 445 622 501 Ya se acabó el ir á caza
114 481 669 545 las fiestas y los domingos;
122 535 615 592 en aquesto te ocupabas,
109 574 650 635 echando siempre en olvido
113 617 639 677 las misas y los sermones,
117 666 631 721 por no querer ir á oirlos.
112 708 589 767 Y pues ya llegó la hora
112 748 636 814 de tu guerra y el fin mio,
118 794 625 857 tu serás de Dios juzgada,
118 841 646 907 y yo en tierra sumergido.
118 881 565 938 ¡Oh tirano compañero!
115 925 613 989 respondió dando gemídos
109 970 669 1033 el alma, diciendo al cuerpo:
117 1011 703 1071 pues sabiendo que tu has sido
109 1055 613 1120 el autor de mis engaños,
115 1102 616 1170 la causa de mis delirios,
107 1139 559 1206 ¿ahera me eres cruel,
118 1193 643 1249 tirano, adverso y maligno?
109 1235 632 1298 Sabiendo que por tu boca
113 1272 557 1339 demasiado he comido,
112 1323 661 1386 que menti tambien por ella,
106 1370 589 1426 y que oí por tus oidos,
106 1401 619 1469 que vide por tus dos ojos
103 1447 562 1511 para perdimiento mio
106 1496 661 1555 muchas cosas, qne á mi mas
106 1544 645 1604 me valiera no haber visto,
98 1586 636 1644 y que tomé con tus manos
108 1624 627 1690 por un infame apetito
99 1667 612 1735 muchas cosas asquerosas,
103 1712 711 1780 y que yo con tus pies mismos
99 1755 626 1820 anduve muy malos pasos,
100 1803 637 1867 que me fueron prohibidos.
99 1848 602 1907 Siempre tuviste de sobra
99 1887 637 1955 los manjares mas crecidos,
99 1931 623 1993 y cuando triste te hallaba,
103 1973 574 2040 con cánticos delectivos
96 2020 575 2082 yo precuraba alegrarte;
102 2066 493 2126 y tu desagradecido,
99 2106 606 2166 mientras mas te deleitaba,
101 2151 625 2215 te mostrabas mas esquivo.
90 2187 605 2257 Pues no tienes tu razon
94 2238 582 2303 de ser ingrato conmigo,
96 2277 590 2349 ni de pagarme tan mal,
90 2323 594 2399 habiendote bien servido.
846 266 1433 338 Respondió el cuerpo diciendo:
852 327 1311 378 esos manjares crecidos
850 364 1286 429 el haberlos empleado
850 406 1402 466 mejor fuera en el mendigo
854 444 1423 522 cuando á tus puertas llegaba
855 494 1313 557 dando golpes desvalido:
851 545 1330 593 entonces te desnudabas
853 582 1308 642 de voluntad el vestido
847 627 1350 692 de aquella gracia divina,
821 675 1297 737 y con cánticos inícuos
843 714 1329 780 procurabas grangearme,
846 761 1435 817 y ahora infamas con tu dicho,
844 808 1403 870 que yo fuí quien te engañé,
845 850 1446 912 y no hay tal que tu has querido
839 898 1325 950 engañarte por tí propia,
842 934 1340 997 que yo soy seré y he sido
849 986 1432 1039 tierra, y donde me has llevado
847 1024 1401 1085 por allí siempre me he ido.
847 1067 1323 1127 Si tu hubieras ayunado,
847 1110 1389 1174 yo hubiera hecho lo mismo;
842 1154 1339 1210 y si al desierto te fueras,
839 1197 1398 1263 tambien te hubiera seguido,
839 1240 1334 1303 y si hicieras penitencia,
839 1285 1316 1349 yo sufriéra los silicios.
844 1333 1351 1391 Y pues hacer no quisiste
839 1370 1253 1436 nada de lo referido,
843 1428 1301 1467 sola llevarás la carga,
837 1460 1388 1521 pues tu sola la has querido.
833 1507 1410 1564 Muy triste y turbada el alma,
833 1552 1357 1609 dijo con tiernos suspiros:
843 1603 1362 1652 ¡Ay cuerpo! tu me tapaste
830 1637 1406 1695 los bienes del cielo empíreo,
839 1679 1355 1740 y del suelo me enseñaste
833 1718 1379 1790 los mas horrendos caminos;
835 1765 1312 1827 mas yo te comparo á tí
823 1811 1366 1868 al estiércol, que encendido
826 1862 1365 1909 se quema sin hacer llama,
834 1907 1425 1963 porque la oculta en sí mismo.
827 1939 1294 2002 Pero si yo barruntára
832 1988 1317 2048 de tu fuego lo escesivo,
824 2029 1273 2090 yo procuraba apagarle
821 2073 1285 2136 haciendo mis ojos rios.
828 2115 1401 2184 Grande pena es la que siento
822 2161 1341 2214 en ver cercano el fin mio;
824 2208 1307 2266 mas si yo vivir pudiera
827 2258 1242 2309 acompañada contigo
831 2296 1301 2351 un año tan solamente,
823 2339 1315 2413 llorára todos mis vicios.
