1656 2384
137 255 651 317 No tengo santo ni santa
138 308 753 354 á quien nombrar por padrinos;
136 343 657 398 mas vos, Vírgen soberana
146 382 643 449 del Buen Suceso, confio
141 435 638 484 me habeis de favorecer:
137 474 676 522 bien sabeis que con cariño
141 518 638 574 yo recé vuestra corona,
140 560 659 620 trayendo siempre conmigo
140 603 625 666 los sagrados Evangelios,
140 650 532 708 y retrato peregrino
139 687 589 751 de Cristo crucificado,
140 733 686 789 y el vuestro para mi alivio.
145 783 521 841 Sacratísima María,
139 818 749 882 ya es tiempo que á vuestro Hijo
139 878 719 932 rogueis por mí, gran señora,
140 906 613 968 use de piedad conmigo
146 957 667 1014 para que no me condene:
148 998 591 1058 un año de vida pido,
150 1046 667 1095 que por vos me lo conceda
146 1083 609 1147 para llorar mis delitos.
147 1126 623 1189 Aquella Vírgen sagrada
151 1173 625 1232 habló con Jesus divino
145 1217 636 1275 diciendo: Padre y Señor,
143 1259 597 1319 amado y querido Hijo,
144 1302 549 1363 el ánima pecadora,
149 1342 689 1408 Señor, de mí se ha valido,
151 1391 647 1451 y yo tengo de ampararla,
154 1441 674 1488 porque mi devota ha sido.
163 1477 701 1535 Que no vaya á los infiernos,
153 1521 703 1581 es, Señor, lo que os suplico.
148 1564 743 1616 Respondió Cristo á la Virgen:
146 1606 666 1660 bastante tiempo ha tenido
157 1653 635 1708 para poder enmendarse,
152 1693 694 1758 y pues ella no ha querido
148 1740 591 1803 sino apartarse de mí,
157 1784 667 1843 yo no la quiero conmigo,
163 1829 641 1888 que los tesoros del cielo
875 257 1391 324 los quiero para mis hijos,
865 298 1337 364 aquellos que fervorosos
874 344 1378 406 y leales me han servido:
872 397 1412 450 pues los temporales bienes
867 428 1414 486 con los pobres han partido.
871 474 1371 536 La vida y salud sobrada
875 518 1388 578 tuvo, caudales muy ricos,
873 574 1390 623 porque jamás dió limosna
868 603 1405 666 ni penitencia hacer quiso.
864 654 1392 710 Respondió la Vírgen pura:
867 692 1323 754 dulcísimo Juez divino,
872 739 1361 790 cese vuestro gran rigor,
871 780 1367 833 mirad que el rosario mio
867 831 1322 880 muchas veces lo rezó:
867 866 1428 921 haced, Señor, lo que os pido
875 922 1417 976 por la leche que mamásteis
871 953 1385 1011 de mis pechos cristalinos,
879 1001 1389 1063 que le espereis á que llore
879 1045 1425 1095 las culpas que ha cometido.
875 1091 1375 1147 Pues Madre de pecadores
871 1139 1356 1192 me apellidan, hijo mio,
883 1171 1387 1235 yo les tengo de amparar,
879 1217 1442 1281 pues me demanda mi ausilio.
875 1268 1350 1318 Dijo Jesus: Madre mia,
881 1310 1413 1366 de lo que me habeis pedido
875 1353 1401 1401 nunca os he negado nada,
883 1402 1351 1449 y ahora será lo mismo,
880 1435 1410 1490 si por vos me pide un año
876 1481 1429 1532 yo le otorgo dos cumplidos.
877 1522 1375 1578 Ea pues, alma cristiana,
883 1566 1353 1625 goza de estos beneficios,
886 1611 1458 1671 que Dios por su Madre amada
887 1658 1457 1708 ya el perdon te ha concedido.
882 1703 1392 1755 Y para que á los mortales
887 1746 1354 1801 esto les sirva de aviso,
885 1790 1350 1842 el autor muy fervoroso
878 1828 1430 1890 aqueste romance ha escrito.
744 2012 1036 2105 FIN.
669 2224 1070 2317 CARMONA:—1856.
291 2311 1472 2365 Imp. de D. J. M. Moreno, calle Juan de la Cabra, núm. 5.
