1737 2508
462 266 1313 395 SEGUNDA PARTE.
230 492 679 560 Tarde acuerdas infeliz,
181 539 709 602 el cuerpo al alma la dijo:
183 585 623 650 tú viviste vanamente,
188 619 735 697 por cuya causa has perdido
183 668 595 738 muchísimos jubiléos,
189 718 755 775 y cuarentenas que has visto,
190 761 686 823 y ahora llorar pretendes
191 797 732 870 el bien despues de perdido;
195 852 700 914 considerar bien pudieras
190 885 738 962 como el padre que te hizo
192 935 732 1000 murió y tu madre tambien,
197 975 703 1045 y que tu serás lo mismo,
194 1023 691 1090 y que por ser yo mortal
199 1067 667 1132 al partirme de contigo,
197 1103 715 1166 una azada y una espuerta
200 1149 743 1223 pronto estará á mi servicio,
198 1203 787 1257 que aquesta será mi herencia,
199 1237 689 1310 y que de lienzo podrido
207 1285 650 1348 le harán una mortaja
198 1330 671 1397 á este mi cadáver frio.
208 1372 689 1440 Alma, tú gozar pudieras
210 1411 726 1481 gloria si hubieras servido
207 1464 643 1526 á Dios Todopoderoso,
208 1500 744 1566 mas por tus graves delitos
212 1550 745 1613 te verás con los demonios
207 1593 739 1656 en los profundos abismos.
217 1635 712 1696 Llena de gran confusion
219 1682 792 1738 el alma al cuerpo le ha dicho;
220 1726 756 1779 vision horrible, espantosa,
221 1766 757 1831 pues dos caras has tenido,
218 1811 707 1874 sino hubiera acusadores
222 1851 730 1919 tú egercerias este oficio:
225 1905 727 1955 si por haber sido ingrata
222 1945 761 2007 á mi Dios yo le he ofendido
226 1969 809 2046 en algo (aunque fué muy poco)
225 2028 732 2093 yo creo que le he servido:
230 2065 821 2133 yo administré á mis hermanos,
228 2110 735 2184 hijos, parientes y amigos,
235 2149 781 2230 y si alguno en mi presencia
237 2200 781 2266 juraba el nombre de Cristo
234 2245 706 2314 yo procuraba instruirle
232 2289 762 2355 con la doctrina del mismo.
236 2341 678 2407 Con grande resolucion
916 466 1461 539 el cuerpo la ha respondido,
912 518 1389 582 diciendo: tú comparada
908 560 1376 623 á la tablilla has vivido
911 601 1428 667 del ventero que convida,
916 649 1417 723 al que va por el camino,
916 691 1425 752 con posada, y ella queda
914 729 1461 797 al agua al viento y al frio.
921 775 1495 841 Dices que por muy fervorosa
917 823 1464 893 tú por costumbre has tenido
923 864 1465 935 de enseñar buena doctrina,
917 911 1397 978 y de haber reprendido
913 955 1398 1022 los pecados y maldades
918 996 1426 1064 al prógimo en este siglo;
919 1042 1447 1104 ¿pues cómo tú no mirabas
920 1088 1531 1147 todo el tiempo que has vivido
916 1127 1464 1203 metida en culpas mortales?
927 1178 1366 1236 Delante de Jesucristo
920 1221 1362 1289 será tu mal acusado,
927 1270 1414 1334 y tu grande daño visto,
926 1307 1398 1377 no por espejo brillante
931 1346 1472 1422 de acero que esté bruñido,
924 1395 1397 1461 sino muy enteramente
935 1433 1481 1505 por cristal muy claro y fino.
934 1480 1437 1544 Allí no te valdrá el oro,
936 1519 1442 1597 faustos, galas ni vestidos,
933 1565 1427 1637 ni valdrá volverse atrás:
943 1607 1470 1681 pues fuistes por el camino
941 1653 1426 1726 tú de los desventurados
941 1698 1401 1765 á buscar tu precipicio.
939 1743 1431 1819 Allí pagarás tus culpas,
943 1782 1523 1862 pues harto tiempo has tenido
945 1831 1424 1904 para poder enmendarte
947 1862 1524 1946 con el tiempo que has vivido.
948 1914 1504 1994 Respondió llorando el alma:
953 1961 1411 2035 si acompañada contigo
947 2006 1386 2074 he vivido tantos años,
945 2044 1450 2114 mucho me hubiera valido
951 2092 1403 2170 y ganado mucho mas
957 2138 1427 2202 en no haberte conocido.
961 2177 1422 2248 Gran vergüenza pasaré
963 2225 1477 2291 delante del Uno y Trino,
964 2266 1516 2342 cuando le esté dando cuenta
961 2307 1497 2392 de lo que yo le he ofendido.
