1752 2480
1193 112 1475 265 Número 380.
481 1019 1349 1080 LA ZURRA.
192 1252 1617 1333 1560 ZAPATAZOS A CULO-PELADO.
204 1399 1612 1465 Aviso á los engañados y á las coquetas; á ellos,
320 1473 1536 1534 para que den duro, y á ellas paraque se
642 1544 1198 1598 chupen los dedos.
317 1706 746 1745 En la villa de Madrid
256 1754 710 1793 calle de Jacometrenzo,
252 1802 751 1841 vive una linda muchacha
255 1853 812 1892 que fué Coqueta en estremo.
319 1903 839 1942 Su madre Doña Prudencia
250 1949 668 1987 es una vieja sin ceso
251 2000 789 2038 que á pesar de sus setenta
252 2048 756 2087 todavia admite un tuerto.
316 2098 805 2137 Así no se ha de estrañar
249 2147 801 2185 que para un buscar yerno
245 2195 745 2232 permitiera que su hija
242 2244 782 2286 tuviera novios sin cuento.
1050 1711 1577 1755 Carmencita que de tonta
980 1758 1542 1804 no tiene siquiera un pelo,
975 1807 1525 1851 cautivos de su hermosura
971 1856 1496 1900 seis llevaba al retortero.
1048 1906 1619 1952 A los seis daba esperanzas,
977 1953 1544 2000 á los seis daba consuelos,
974 2003 1580 2049 los seis la amaban de veras
978 2052 1492 2094 y ella amaba su dinero.
1042 2099 1614 2149 Hoy don Ponce paga el gasto,
980 2147 1520 2197 mañana paga don Pedro,
975 2197 1456 2244 éste regala un vestido,
983 2249 1535 2293 aquel regala un sombrero.
