1765 2512
267 160 301 196 2
281 210 707 251 Uno regala á la hija
216 260 644 301 un abanico chinesco,
212 307 728 349 otro regala á la madre,
207 355 708 395 un lindo perro faldero.
277 404 798 447 Aquel convida al teatro,
211 452 848 495 este otro á un solemne almuerzo;
211 501 766 544 todos las miman y alhagan
211 549 658 591 todos tiran el dinero,
275 600 838 642 La madre finge ignorancia,
203 647 704 690 la niña virtud y miedo;
204 696 699 737 aquella pasa por santa,
212 746 746 786 esta por ángel del Cielo.
271 795 754 835 Como la mamá lechuza
204 842 794 888 iba con Cármen de acuerdo,
202 892 801 935 á todos seis de uno en uno
196 942 748 983 llamaba á solas su yerno
274 990 837 1033 Todos á una hora distinta
198 1038 648 1079 visitaban á su dueño,
199 1088 747 1127 pues es condicion precisa
202 1139 812 1180 que la mamá habia impuesto.
268 1186 717 1227 Así, seis enamorados
191 1234 676 1274 engañados y contentos,
195 1283 695 1323 se contemplaban felices
194 1334 714 1372 y en estremo satisfechos.
258 1381 808 1422 Pero como en este mundo
180 1430 778 1472 nada hay que sea duradero,
187 1479 827 1522 lo que hasta alli fué una gloria
180 1528 726 1568 se convirtió un infierno.
256 1578 731 1617 Don Lucas, un militar
186 1623 706 1665 subalterno tan travieso,
196 1675 760 1716 que por su génio le llaman
184 1722 728 1765 sus amigos, Lucastrueno,
255 1771 835 1815 Pasó á la casa del frente
178 1820 682 1863 á habitar el entresuelo,
183 1869 698 1912 con tres camaradas mas,
174 1920 816 1962 los cuatro de un mismo cuerpo.
250 1967 748 2011 Ver á la niña Coqueta,
180 2015 610 2056 apuntarla el catalejo
183 2067 763 2105 y decir: vesto me gusta,
177 2116 817 2157 fué todo obra de un momento.
251 2164 732 2204 Instalado en el balcon
179 2211 816 2258 comienza á hacer tales gestos,
171 2261 689 2302 que ningun mico podria
947 217 1465 257 imitar sus movimientos.
1022 266 1544 308 Pero cata que un amigo
944 312 1400 357 compañero de colejio
942 362 1376 404 tan erudito abogado
943 411 1467 455 como Lucas Pendencioro,
1023 459 1560 503 Se cuela en casa la niña
944 509 1536 552 muy petrimetre, muy tieso,
948 557 1584 604 de mucho fra, mucho guante,
939 607 1498 648 muy rizadito, muy puesto.
1014 657 1560 700 El oficial que lo observa,
940 704 1426 743 á su pesar pone ceño
938 754 1513 796 que á nadie le sienta bien
946 801 1508 844 perder en señas el tiempo.
1011 849 1510 894 Sale el amigo, le llama,
938 898 1576 947 se abrazan con mucho afecto,
935 948 1465 987 y al fin, de las vecinitas
936 995 1546 1039 se trata, aunque con rodeos.
998 1046 1434 1084 El abogado confiesa
936 1094 1576 1140 que arde el amor en su pecho,
940 1144 1508 1187 que se halla correspondido,
936 1193 1462 1233 y que se casarán presto.
1004 1241 1502 1282 No quiere ser derrotado
940 1288 1480 1332 don Lucas; asi en silencio
931 1339 1536 1380 escucha á su amigo, y calla
927 1387 1564 1429 lo que tiene en sus adentros,
1001 1438 1568 1478 Que en un hábil secductor
931 1483 1448 1526 cual en general esperto,
921 1531 1476 1578 á veces, mas que vencer,
925 1581 1406 1623 vale retirar á tiempo.
990 1631 1486 1671 Mas al cabo contenerse
920 1680 1566 1723 no le es dado al Subalterno,
919 1729 1448 1768 que contesta al abogado
932 1777 1446 1819 reventando de despecho.
870 1926 1561 1967 D. Lucas. «Parece querido amigo
917 1974 1410 2015 que te ciega la pasion.
869 2024 1566 2065 Abogado. «Tú me darás la razon
924 2073 1438 2114 de todo cuanto te digo.
868 2123 1558 2162 D. Luc. ¿Quizá, mas lo temo mucho.
864 2171 1562 2214 Abog. «Atiendo que es gran dolor,
913 2217 1538 2261 ver que en empresas de amor
914 2269 1458 2310 parezcas, tan poco lucho.
