1737 2508
223 223 854 264 Mi Carmencita aunque pobre
217 272 812 314 es un bellosángel del cielo,
217 320 663 363 ella será mi consuelo,
224 367 426 406 mi dicha.
166 418 742 457 D. Lucas, «Ojalá te sobre.
160 468 869 506 Abogado. «Calla y escucha: jamás
209 518 862 556 supo que era un pretendiente
212 564 494 601 su modestia.
165 612 669 650 D. Lucas. ¿Es aparente
215 662 739 701 tú la vieras por detrás.
171 711 849 750 Abog. CCalla lengua de escorpion
215 759 858 801 que eso es blasfemar sin tasa;
216 806 757 853 si nadie mas en su casa...
160 857 578 895 D. Lucas. ¿Entra?
164 906 490 946 Abogado. «No.
164 953 768 998 D. Lucas. «Abre el balcon.
210 1002 811 1047 Y en efecto en aquel punto
215 1053 784 1096 entró un jóven en la casa.
157 1101 745 1146 D. Lucas. ¿Entras tú solo?
158 1150 575 1189 Abogado. «Cachaza
215 1200 810 1242 que irá por distinto asunto.
167 1248 849 1292 D. Luc. ¿Pues yo te juro, que luego
211 1295 716 1340 vamos á salir de dudas.
207 1345 708 1389 ¡Ola! parece que sudas.
157 1396 851 1436 Abogado. ¿De tal visita reniego.
200 1445 806 1488 Las á menos cuarto dieron,
209 1490 719 1534 y el abogado en acecho
214 1541 828 1585 dijo para sí: cesto es hecho:
215 1591 800 1630 ambas á dos me vendieron.)
157 1639 850 1679 D. Luc. «Celoso estás? bueno, bueno
205 1685 852 1730 Tú entras de una á dos ¿no?
209 1737 824 1778 pues, el otro de dos á tres.
158 1786 780 1830 Abogado. Si fuese verdad.....
153 1833 643 1874 D. Lucas. «Un trueno.
201 1882 748 1923 Yo me encargo de indagar
194 1932 768 1974 la verdad de este negocio;
199 1980 790 2023 de este modo mato el ócio.
151 2029 621 2069 Abogado. «Ahora sale.
157 2078 723 2121 D. Lucas. «Voile á hablar,
202 2126 654 2168 Tras la saliente visita
195 2176 694 2219 cual el rayo destructor,
195 2225 652 2267 con amor ó sin amor
194 2274 694 2320 don Lucas se precipita.
1470 182 1546 197 3
1029 228 1598 268 Alcanzando que hubo al mozo
955 275 1492 316 le hace subir á su casa,
966 323 1447 365 y allí todo cuanto pasa
956 374 1454 412 se lo esplica sin rebozo.
1035 421 1599 463 Contando no haber tramoya
955 469 1449 509 dijo el jóven ami visita
956 520 1603 558 es porque amo á Carmencita.)
961 569 1574 609 ¡Dios eternol aquí tué Troya.
1027 618 1509 656 Ambos rivales, con ira
953 667 1475 705 se prodigan mil insultos.
968 716 1584 754 ¡Baya unos requiebros cultos
961 765 1542 803 que el uno al otro se tira!
1031 815 1599 855 Armados de uñas y dientes,
961 864 1532 903 principia un combate fiero,
956 912 1600 950 mas, Lucas, grita cun tercero?
951 964 1473 1002 y paran los combatientes.
983 1060 1547 1100 Contar de aquel dia aciago
904 1107 1448 1151 los diferentes encuentros
903 1156 1419 1197 que el engaño mas cabal
913 1205 1409 1246 pusieron de manifiesto.
975 1253 1475 1301 Fuera no acabar jamás,
904 1302 1378 1344 fuera no poder leerlo,
900 1352 1362 1391 fuera reventar de risa
906 1401 1535 1442 apesar que hubo algun tierno
974 1450 1544 1490 Baste decir que á los seis
898 1499 1433 1539 logró don Lucas con celo
907 1549 1492 1587 juntar en su casa, y dirles
910 1596 1460 1637 partes á todos del enredo,
971 1648 1537 1687 A todos y de uno en uno
904 1692 1440 1736 logró meterles en fuegos;
891 1742 1362 1784 á todos inspiró rábia,
897 1789 1409 1833 y vengarse prometieron
966 1840 1434 1884 Alli juntó al Abogado,
892 1888 1432 1932 al Médico, al Cordonero,
892 1938 1420 1979 al Arquitecto, al Notario,
893 1986 1530 2029 y al sesto que era un Cerero.
964 2035 1513 2081 Y socarron como él solo,
896 2082 1392 2127 estudiando voz y gesto,
891 2134 1405 2172 arengó á los seis rivales,
891 2183 1528 2224 diciendoles puesto entre ellos:
966 2230 1526 2275 «Fuera para mi un pesar,
895 2280 1435 2323 «ver entre seis caballeros
