1737 2508
1430 112 1468 167 3
151 169 684 241 tres princesas? pues tu muerte
156 223 480 274 pagará tal demasia.
151 241 628 321 El respondió; pues, señoras,
146 305 551 352 como ese favor consiga
155 343 596 394 de morir á vuestros ojos.
155 376 613 436 causará mí muerte envidia,
152 415 606 473 y así tendreis por sabido,
158 461 621 515 que como ustedes permitan
160 496 685 564 que las hbre de este encierro,
154 535 535 590 aunque para la salida
153 575 672 630 todo el mundo se me oponga
155 611 643 678 no es posible que me rinda.
156 656 575 710 Unánimes respondieron;,
155 697 640 750 pues como el valor te asista
156 742 621 788 todas tres te obedecemos
156 769 656 828 muy grandemente propicias,
158 814 584 876 y te será bien premiado;
150 855 512 910 mas para eso precisa
164 884 651 948 que á tres hermosos caballos
162 932 648 988 que en este castillo habitan
156 972 545 1019 á cada uno una cerda
153 1011 696 1074 le quitarás, que en las mismas,
156 1057 645 1115 está nuestro encantamiento,
156 1088 599 1145 y todas en mucha estima,
167 1136 647 1192 porque en cualquier fracaso
165 1169 621 1226 que te halles, no te aflijas
157 1209 599 1269 si el elemento del fuego
161 1246 567 1304 á cada uno le aplicas.
165 1287 549 1343 Esto dijeron, y luego
159 1331 589 1387 dispuso bajar las damas,
167 1366 577 1421 que de placer y alegria
166 1407 585 1462 mil parabienes le dadan.
167 1448 569 1503 con ternezas y caricias,
164 1477 608 1544 y al impulso de la cuerda
166 1525 624 1582 á la hermana mayor liga,
166 1565 545 1625 y con valor increible
167 1603 541 1668 en tierra la deposita;
158 1642 616 1701 lo mismo fué la segunda,
172 1687 602 1751 quedó sola la mas chica;.
872 167 1279 230 le dijo: jóven gallardo,
881 210 1313 261 toma aquesta gargantilla,
883 221 1405 313 que en el valor poder y hechura
884 290 1267 345 otra alguna no la imita,
882 332 1386 386 y aunque en diversos trabajos
878 377 1330 424 te atormenten y persigan
881 408 1334 464 jamás te enagénes de ella,
884 428 1363 506 que podrá ser que algun dia
881 487 1394 544 te importe, y con esto el cielo
883 526 1296 586 te libre como nos libras:
887 544 1354 627 con esto descendió al suelo
886 606 1281 653 con la misma armonía.
894 627 1318 705 Y habiéndolas ya librado
889 685 1315 748 de esclavitud tan indigna
882 725 1310 780 le arrebataron la cuerda.
888 759 1346 823 ¡Quién vió mayor bastardía
889 786 1411 867 entre hermanos! pues se halló
892 844 1302 900 con la esperanza perdida
889 890 1358 947 de bajar pues ni los clavos
893 923 1302 981 hincados en ella había;
889 944 1361 1014 entonces los dos hermanos
893 1005 1244 1062 con infernal avaricia
891 1022 1381 1105 conociendo que su hermano
889 1082 1324 1141 todo el premio merecia,
891 1125 1281 1186 envidiosos dispusieron
894 1163 1310 1219 ponerse luego en huida;
897 1180 1370 1261 montándolas en sus brutos,
903 1245 1277 1298 volaban y no corrian,
899 1281 1276 1336 hasta llegar á la córte,
894 1305 1337 1377 donde el rey se maravilla
903 1357 1308 1414 en ver á sus hijas libres
903 1380 1422 1457 que aun viéndolas no lo creia;
890 1440 1302 1495 ellas guardaron secreto,
894 1473 1306 1536 solo dijeron que habian
901 1499 1340 1574 por los dos sido libradas;
898 1540 1427 1619 y viendo el rey que eran nobles
893 1598 1277 1656 al proviso determina
906 1615 1334 1697 desposar las dos mayores
904 1674 1381 1739 con fiestas muy divertidas.
708 1732 1052 1826 SEGUNDA PARTE.
213 1839 573 1898 Afligido y pesaroso,
169 1882 584 1937 melancólico y suspenso,
177 1900 670 1979 lleno de horrores y espanto
179 1960 708 2020 quedó en la torre el mancebo,
173 2001 621 2062 sin hallar norte ni senda
179 2041 591 2096 para salir del encierro:
178 2080 593 2137 pero entre tantas fatigas
176 2122 613 2176 se acordó que le digeron
175 2160 647 2217 que en los caballos tendría
181 2200 625 2271 de sus penas el remedio.
896 1811 1411 1899 Se fué al sitio donde estaban;
907 1875 1333 1937 que sabía por muy cierto
908 1918 1242 1971 el que le pertenecia
902 1930 1299 2006 á su enamorado dueño
912 1991 1344 2049 que le dió la gargantilla,
912 2031 1343 2086 en el cual montó ligero;
913 2052 1402 2130 dió un brinco tan formidable
912 2110 1363 2170 el bruto con tal estruendo
912 2153 1349 2212 que pareció que la torre
914 2168 1410 2256 se arrancaban sus cimientos,
