1765 2512
136 201 498 260 y su esposa le rogaba
140 245 546 300 que no se mostrase tibio
135 282 574 345 en descubrirse, pues todos
136 325 489 376 afeaban sus delirios,
132 368 580 419 mas el hasta mejor tiempo
131 404 580 456 tuvo el secreto escondido.
131 444 613 501 Lloraba el rey su desgracia,
134 484 557 536 sin hallar en nada alivio,
134 512 607 584 tanto fué que cayó enfermo:
142 562 516 619 y de la vista perdido,
141 599 573 660 que con el continuo llanto
143 642 551 696 quedó ciego su sentido.
147 678 558 735 Vinieron médicos sábios
138 719 564 774 haciendo consulta unidos
137 761 612 815 hasta que el último acuerdo
137 808 655 861 fué decir, que entre unos riscos
146 837 620 900 en los montes de Esclavonia
140 880 501 933 estaba el único alivio,
140 920 601 974 en las aguas de una fuente:
145 958 588 1017 mas que habia un gran peli
148 996 531 1053 por las indómitas fieras
149 1015 620 1093 que habitan en aquel sitio,
144 1078 569 1135 y consiguiendo el traerla
150 1115 493 1174 tendria el rey alivio.
148 1157 618 1212 Los dos yernos se ofreciero!
158 1195 543 1252 prontos y reconocidos,
154 1221 631 1290 aunque aventuren sus vidas
150 1272 559 1329 y pasen dos mil peligros
153 1318 572 1372 osto lo supo el hermano,
158 1357 563 1408 y sin darle á nadie aviso
153 1396 622 1456 llamó al caballo encantado,
157 1437 538 1491 de los tres el primitivo,
160 1471 508 1528 y montándole, salió
155 1522 645 1569 mas veloz que un torbellino;
153 1550 680 1618 fué á la fuente, y tomó el agua,
162 1594 534 1648 y viniendo de camino
154 1613 671 1680 se encontró con sus hermanos
165 1674 600 1728 que iban al intento mismo
156 1715 520 1767 y les dijo: caballeros,
163 1748 545 1807 ese trabajo es perdido,
161 1791 596 1848 que aqui llevo ya el ágüa,
166 1834 669 1886 y aguardo un premio crecido.
162 1871 666 1917 Entonces los dos á un tiempo
160 1911 590 1964 le digeron; noble amigo,
163 1956 561 2004 nosotros te lo daremos
170 1993 562 2046 en plata y en oro fino,
162 2033 660 2086 como el agua quieras darnos.
171 2071 581 2125 Y prontamente les dijo,
162 2111 664 2164 no quiero otra cosa en premio
173 2146 652 2205 que dos peras que he sabido
172 2189 672 2246 que á ustedes presentó el rey
170 2230 596 2295 por favor muy esquisito,
862 184 1272 251 y pues consigo las traen,
860 216 1346 287 esto es lo que en premio pido
866 280 1257 330 luego se lo ofrecieron,
868 313 1342 371 por entrar mas aplaudidos.
863 340 1395 416 Hecho entre los tres el cambio
858 394 1260 447 se volvieron al proviso,
865 436 1352 490 con lo cual cobró el rey vista,
868 474 1302 532 y ellos el quedar lucidos.
864 510 1342 571 Tuvo de alli á poco tiempo
864 550 1284 609 con grandísimo peligro,
871 588 1281 647 el rey otra enfermedad,
864 639 1260 687 y médicos muy peritos,
869 670 1329 715 no encontraban medicinas,
864 705 1327 766 hasta que el mas sábio dijo,
873 753 1380 810 que en los desiertos de Albania,
873 786 1288 843 entre sus montes altivos
874 828 1332 887 hay entre sus muchas fieras
873 868 1286 926 de tanta especie distinta
878 908 1278 963 muchas leonas, si á una
873 947 1272 1004 pudieran con artificios,
866 987 1304 1047 sin darla muerte sacarla,
873 1035 1276 1087 el néctar de su recinto
875 1069 1265 1124 era singular remedio,
869 1107 1360 1160 lo cual no hay otro mas fijo;
882 1144 1342 1203 por gozar todos los fueros,
873 1185 1304 1241 los dos hermanos unidos
870 1223 1300 1285 salieron bien prevenidos,
880 1272 1385 1327 y el pequeño al mismo tiempo
882 1307 1406 1363 se salió al campo y dió un grito,
875 1343 1315 1405 llamó al segundo caballo,
885 1382 1329 1443 y luego que hubo venido,
886 1422 1361 1485 se montó aunque disfrazado
890 1463 1315 1511 con otra forma y vestido.
885 1500 1366 1554 Llegó al monte, y como iba
884 1544 1296 1601 con la magia y hechizo,
889 1582 1232 1639 pudo coger la leona,
878 1617 1341 1679 sin que de él fuese sentido
882 1663 1302 1722 y sacó porcion de leche
886 1702 1358 1749 á su eleccion, cuanta quiso.
891 1738 1348 1805 Se volvió, y á pocas leguas
892 1776 1275 1835 encontró los referidos
894 1824 1298 1876 hermanos, que deseosos
893 1858 1341 1917 ser del rey los mas validos
894 1900 1300 1949 iban resueltos y osados,
894 1940 1359 1992 por quedar mas aplaudidos;
895 1982 1300 2039 luego que se saludaron,
896 2020 1292 2074 así les habló y les dijo;,
893 2052 1333 2115 amigos, yo ya he logrado.
897 2097 1404 2147 lo que pretendeis vos mismos;
889 2138 1312 2195 ruegánle que se la diese
899 2174 1334 2234 por cuanto fuese servido;
901 2217 1312 2291 y él les dijó: caballeros,
