1765 2512
188 233 225 286 4
102 245 604 339 y aun creyó de que el abismo,
99 310 530 370 se los tragaba en su seno,
98 349 519 412 y al volver en sí se halló
106 395 484 450 en un aspero desierto,
112 422 523 495 todo poblado de troncos
111 473 502 527 tan montuoso y espeso,
113 511 512 571 que jamás le penetraron
110 542 548 604 del sol los claros reflejos.
121 590 548 649 Caminó á larga distancia,
120 627 650 686 cuando encontró á un ganadero,
112 669 555 731 al cual dijo que de cierto
113 712 488 771 le dijese que parages
118 747 502 810 ó paises son aquellos.
127 774 558 852 Respondió muy agradable
129 827 552 891 esta tierra es de suecos,
126 869 532 930 y segun dice este trage
130 893 614 964 vos no sois de aqueste reino.
121 948 510 1010 No, amigo, le replicó;
130 980 568 1047 soy un hombre forastero,
130 1026 562 1087 que buscando mi fortuna
137 1059 592 1124 me ha traido á tal estremo:
138 1102 607 1166 y por quien sois, os suplico
141 1135 669 1199 que nuestras ropas cambiemos;
131 1183 542 1243 bien conoceis la mejora
135 1219 604 1282 que se os sigue en hacerlo
148 1259 645 1314 Cambiaron y quedó en breve,
145 1299 539 1362 nuestro noble caballero
145 1345 538 1399 todo vestido de pieles,
150 1374 587 1442 y de un reciente cordero,
145 1417 556 1481 de la piel hizo una gorra
146 1465 549 1521 á fin de cubrir el pelo,
159 1500 505 1564 vestido á lo pastoril
150 1529 574 1595 tan tosco como grosero,
165 1573 633 1644 pidiendo á algunos limosna
161 1617 634 1679 pasaba de pueblo en pueblo.
162 1644 657 1716 Llegó al reino donde estaban,
160 1697 646 1755 sus hermanos, que de cierto
161 1733 608 1793 estaba ochocientas leguas,
167 1771 662 1834 lo cual gastó mucho tiempo,
168 1822 547 1875 y con las calamidades,
169 1859 596 1923 trabajos y contratiempos
166 1897 619 1955 mudo la faccion del rostro
167 1937 610 2001 muy distinto del primero.
174 1978 539 2039 Fingía llamarse Juan
180 2012 593 2081 y con estos fingimientos
177 2053 574 2114 se hizo loco declarado,
173 2093 583 2162 pues ya para conocerlo,
181 2133 568 2191 decian Juanillo el loco,
178 2168 642 2233 no dándole en nada asenso
181 2212 626 2278 En aqueste tiempo, el rey
183 2251 599 2318 á su hija por momentos
185 2294 528 2361 le decia se casase,
837 227 1248 314 para llevar en muriendo
831 285 1270 355 el consuelo que quedaban
837 331 1273 394 todas tres ya con empleo,
839 368 1220 433 y ella siempre se negó
842 402 1268 465 á sus misiones y ruegos,
841 448 1227 504 hasta ver si la fortuna
845 491 1236 548 la traia el dulce objeto
842 520 1275 592 á quien dió la gargantilla
845 566 1180 629 como referido dejo
845 599 1225 669 pero la discreta dama
849 649 1298 704 á sus solas y á su intento,
848 686 1236 750 dibujó una gargantilla
845 720 1273 790 al arte, forma y modelo
858 754 1307 829 de la que le dió en la torre
849 800 1311 866 al que se muere por verlo.
851 842 1330 905 Dijole á su padre, entonces,
861 880 1334 949 que se buscase un maestro
864 919 1370 985 que sin que le falte un punto
858 962 1301 1022 haga otra, pues su intento
862 1004 1286 1062 es ver si hallaba la suya,
866 1044 1280 1106 y sin que haya remedio
861 1085 1306 1148 promete ser digna esposa
867 1118 1360 1184 de aquel que la tenga; y esto
861 1163 1266 1220 se puso luego por obra,
871 1189 1380 1253 se buscó entre los mas diestros
873 1239 1317 1305 al mas sapiente alquimista
869 1265 1363 1339 que habia entre los espertos.
875 1313 1346 1376 A este tiempo habia entrado
873 1363 1258 1418 á servir de mandadero
879 1387 1291 1455 Juanillo; el fingido loco,
887 1436 1277 1500 pasando plaza de serlo;
885 1478 1296 1538 dióle el rey dicho dibujo
884 1517 1304 1582 al alquimista, y diciendo
885 1543 1418 1616 que en el tiempo de dos meses
887 1590 1372 1655 con primor, arte y concierto
894 1633 1366 1695 se ha de hacer la gargantilla,
894 1671 1370 1743 y que de haber falta en ello,
893 1713 1337 1776 al impulso de un verdugo
901 1753 1312 1814 le hará dividir el cuello.
897 1796 1342 1857 Llevó el dibujo á su casa;
905 1833 1304 1897 y luego fué previniendo
898 1876 1340 1936 las esmeraldas mas finas,
898 1899 1394 1975 los diamantes de mas precio;
899 1951 1298 2008 mas con todo no podia
901 1989 1368 2051 hacerla, y entonces, viendo
909 2031 1306 2096 que se pasaban los dias
912 2066 1421 2135 y el tiempo se iba cumpliendo,
914 2112 1263 2172 era sin igual la pena
915 2135 1365 2215 por saber que sin remedio
918 2192 1259 2246 moriria si no hacia
911 2214 1369 2289 lo que se habia propuesto;
915 2271 1330 2344 viéndole su mozo triste,
