1765 2512
247 265 293 317 8
142 293 596 362 mas él humilde y propicio
147 360 594 409 lè pidió al rey por mercec
153 393 609 444 se muestre con él benigno,
151 428 567 485 que el dia de su partida
159 474 587 526 dentro del palacio mismo
153 478 647 562 se junten todos los grandes,
157 551 569 603 para un famoso convite.
149 589 517 647 Esta súplica le hizo
161 610 594 685 que por último consuelo
156 649 616 723 lo pide y ha de cumplirlo;
159 705 596 762 le concedió el pedimento
164 745 620 801 y acudió inmenso gentio.
161 785 625 835 Fué el que tenian por loco,
158 825 598 888 y se adornó de un vestido
167 861 603 924 que su valor y hermosura
161 905 599 966 fué en grado superlativo;
167 943 635 1003 se afeito y quedó su rostro
166 979 612 1046 brotando grana y armiño;
172 996 665 1084 entró dando envidia á todos
167 1056 609 1115 al ver su garbo y su brío;
175 1099 595 1160 entonces lo conocieron
164 1116 665 1201 sus hermanos de improviso,
176 1187 659 1242 que les motiyó un desmayo
176 1213 602 1277 envueltos en sudor frio;
172 1258 641 1311 sacó entonces las dos peras
174 1307 590 1356 diciendo; yo no permito
175 1340 618 1396 me digan mas vituperios,
181 1378 605 1442 que bastantes he sufrido
185 1420 661 1481 por mis traidores hermanos,
184 1457 595 1516 sin haberlos merecido.
179 1471 682 1560 Yo, gran Señor, soy el mismo
187 1542 615 1597 que liberté las princesas,
179 1561 672 1639 bien lo saben que yo he sido,
185 1616 654 1674 el mismo que trage el agua
188 1656 667 1716 por lo que hube conseguido
185 1677 726 1758 que estas dos peras me diesen:
190 1730 655 1794 se dió por yerdad lo dicho;
191 1775 632 1837 y ahora quiero que todos
184 1808 618 1873 manifiesten sus oidos;
193 1844 578 1911 quitáronse las pelucas
201 1869 661 1952 y luego en los dos se vido,
191 1934 626 1993 que les faltaba una oreja,
199 1973 615 2035 y él las saca del bolsillo,
193 1985 733 2076 diciendo: estas son las mismas
197 2053 687 2120 que á los dos corté yomismo
875 281 1300 351 cuando trajeron la leche
884 314 1374 399 que os dió en los ojos, alivio,
884 377 1261 437 gran señor y para que,
883 402 1313 468 queden del todo corridos
875 453 1315 511 descúbranse las espaldas,
879 493 1303 547 vereis son esclavos mios,
887 512 1357 592 que asi lo dirán las señales;
880 571 1282 624 este fué mayor martirio
887 594 1313 672 y vergüenza que pasaron
887 651 1311 711 manifestar lo escondido.
891 690 1303 749 Y luego en público dijo:
890 729 1263 789 esto lo hecho tan solo
892 755 1380 831 porque estos hermanos mios
888 811 1227 865 trazaron la falcedad
887 824 1321 908 que ejecutaron conmigo:
883 873 1347 950 mas para que de mi pecho
897 928 1301 982 conozcan lo esclarecido
894 973 1311 1027 yo les perdono ya todos
897 1005 1300 1065 los agravios cometidos:
895 1021 1394 1107 y viendo el rey que de todos
897 1085 1311 1144 aplausos solo era digno,
893 1104 1431 1183 le dió un muy estrecho abrazo,
897 1162 1334 1219 diciéndole, amado hijo,
899 1181 1443 1261 si hasta aquí te he despreciado,
903 1244 1394 1309 desde hoy mudo el designio:
902 1285 1287 1339 tú solo serás de todos
895 1319 1292 1379 mis bienes heredativo;
902 1340 1401 1427 como así fué, que por muerte
900 1402 1326 1463 del rey gozó el señorío.
900 1412 1409 1503 No quiso que á sus hermanos
910 1480 1353 1543 les diesen ningun castigo,
909 1522 1347 1579 sino que allí se quedasen
904 1559 1355 1623 sin que tuviesen dominio
913 1593 1361 1659 en cosa alguna en palacio;
911 1640 1330 1703 estos son los merecidos
915 1679 1343 1742 que consiguen los avaros
923 1694 1451 1779 que emprenden casos indignos,
918 1761 1364 1822 y asi quien todo lo quiere
916 1796 1298 1848 todo lo pierde de fijo.
919 1817 1362 1904 Y aqui Alonso de Morales,
923 1865 1412 1935 que este suceso halló escrito,
923 1924 1331 1975 quiso reducirlo á versos
921 1957 1366 2017 al mandato de un amigo,
922 1980 1399 2060 pues los que súbditos nacen
926 2037 1285 2104 obedecer es preciso.
852 2133 972 2212 FIN.
720 2250 1124 2323 CARMONA:—1855.
327 2302 1511 2381 Imprenta de D. José María Moreno, Descalzas, núm. 1.
