1737 2508
1449 161 1475 218 5
165 215 559 287 dijole; señor, yo quiero
163 261 598 323 que me digais los motivos
160 293 622 359 de la tristeza en que os veo,
161 342 648 401 por ver si á vuestros pesares
166 384 573 442 algo remediarlos puedo:
169 425 520 485 por último se lo dijó,
169 464 583 519 que es alivio del enfermo
168 504 560 554 el comunicar sus males
168 531 655 599 que en parte se alivian ellos.
165 583 515 641 Dijole al amo; señor
164 613 622 678 sin duda alguna me atrevo
169 662 637 717 de hacerla mejor mil veces
166 693 680 753 que lo que el rey ha propuesto.
176 742 536 798 Todo lo menesteroso
172 782 574 839 le puso en un aposento,
168 818 597 876 dejándole allí encerrado,
174 856 626 917 y el muy alegre y contento
178 883 689 956 por saber bien que en sumano
177 940 566 995 pendia todo el enredo.
180 980 567 1034 Con una sin igual pena
178 1011 574 1073 llegó el dia postrimero,
175 1055 605 1115 y el amo triste y lloroso
181 1095 662 1148 fué aquel dia mismo á verlo,
177 1138 573 1192 y apenas entró, le dijo:
186 1165 708 1234 pues Juan simple, ¿qué tenemos?
186 1220 572 1274 mas él con fingida risa,
182 1260 563 1313 y con agradable ceño
178 1285 588 1352 le dijo: ya nuestro amo,
186 1332 717 1389 no ha de ser el rey sangriento,
184 1375 661 1431 contra vos, pues ya la pieza
182 1417 700 1466 con todo primor se ha hecho;
182 1457 573 1510 sacando la gargantilla,
190 1489 643 1551 que fué el origen primero,
185 1535 642 1585 quedándose el amo absorto
194 1569 639 1627 pues ignoraba el misterio;
189 1612 564 1668 mil parabines le daba,
891 205 1336 274 con muchos ofrecimientos
885 253 1340 309 la tomó y se fué á palacio,
892 290 1375 355 y en las manos del rey mismo
890 333 1284 395 la pusó: pero la infanta
899 369 1376 435 luego al punto que la dieron
893 414 1272 473 la noticia, vino á verla,
892 455 1303 510 y la conoció al momento
897 495 1296 553 diciendo: ¿qué lapidario
900 532 1320 585 es de esta obra el dueño?
890 571 1353 634 ¿quién bizo tan bella alhaja?
899 612 1328 672 porque quiero conocerlo.
894 652 1277 711 Y el maestro receloso
897 696 1282 753 no le cojan en enredo,
896 728 1316 790 contó desde su principio
901 770 1322 831 toda la verdad del hecho,
895 811 1308 872 Entonces dijo la infanta;
905 848 1381 916 ya, padre, se llegó el tiempo
896 887 1334 949 sea quien fuera el sugeto,
900 928 1272 989 Al palacio fué llevado,
901 969 1281 1027 y luego se conocieron,
898 1010 1282 1070 solamente que los dos
903 1046 1317 1109 supieron guardar secreto
907 1088 1259 1147 hasta mejor ocasion,
905 1112 1362 1185 como en efecto lo hicieron:
899 1164 1381 1227 le fué fuerza al rey casarlos,
908 1207 1388 1269 aunque con gran sentimiento.
910 1248 1318 1304 Sus hermanos y cuñadas
910 1289 1258 1344 le decian vituperios,
914 1327 1297 1386 mas poco tiempo duró
912 1362 1310 1424 desatar aqueste enredo.
906 1410 1254 1465 Y para dar finiquito
912 1435 1421 1500 de este admirable compendio,
909 1488 1353 1540 qniere Alonso de Morales
913 1524 1304 1582 darlo todo por estenso,
911 1566 1306 1624 y en otra tercera parte
918 1600 1346 1672 deshacer quejas y duelos.
525 1756 1285 1843 TERCERA PARTE.
228 1915 728 1975 Teniendo la hermosa infanta
187 1966 655 2017 sus gustos ya conseguidos,
200 2004 626 2064 de su gargantilla y dueño
203 2046 595 2099 que la libró del peligro,
200 2087 584 2136 no dudó darle la mano
202 2128 593 2182 como habia prometido,
207 2159 681 2220 causando en el rey tal pena,
209 2203 616 2256 que fué bastante motivo,
206 2241 664 2303 que todo el mundo afease
915 1907 1379 1968 el mal gusto que ha tenido,
914 1954 1318 2013 reduciendolo á tristeza,
926 1989 1376 2050 en ves de hacer regocijos,
922 2042 1404 2095 no queriendo que en palacio
920 2077 1392 2133 viviese, ni aun por indicios,
922 2116 1386 2168 y á fuera en los estramuros
928 2154 1373 2210 un tosco albergue les hizo,
927 2193 1353 2253 donde apartados viviesen,
926 2234 1341 2301 sin ser oidos ni vistos,
