1737 2508
1205 147 1457 233 Númorǝ 91.
388 222 1329 327 DESPERTADOR ESPIRITUAL.
491 1687 1278 1804 CURIOSO ROMANOE,
173 1803 1619 1892 En el que se espresan las voces con que se ha de despertar al pecador,
295 1863 1490 1951 que por su gran desdicha se esta durmiendo en el pecado.
703 2003 1102 2095 PRIMERA PATTE.
228 2120 777 2190 Si en la cama de la culpa
187 2176 735 2239 estás pecador durmiendo,
186 2227 703 2302 despierta ya por tu vida,
187 2276 822 2363 no duermas en tan mal sueño.
910 2104 1430 2182 Considera, que esa cama,
920 2164 1445 2230 es la causa del infierno,
921 2206 1506 2279 y que en ella estás labrando
924 2261 1484 2343 las prisiones de tus yerros.
