1737 2508
1442 175 1483 244 3
155 255 685 321 Aquella tan gran desdicha
157 307 739 373 de penar con alma y cuerpo
153 355 641 414 en compañía de diablos
157 399 676 465 que jamás tienen sosiego.
158 452 655 511 Si aquesta corta pintura
153 500 720 567 no te despierta, bien puedo
158 545 711 616 decir, que por tu desdicha,
165 591 733 667 tienes muy pesado el sueño.
161 648 771 709 Levántate y mas no duermas,
169 700 646 760 si tienes entendimiento,
165 731 751 811 que no has de ganar dormido
168 793 697 858 lo que pudieras despierto.
165 837 709 900 Mira bien cuantos trabajos
166 886 579 956 y fatigas padecieron
162 939 679 1009 aquellos que por salvarse
164 983 727 1051 con paciencia los sufrieron.
175 1032 710 1100 Mira á san Juan sin cabeza;
179 1082 710 1143 mira asado á San Lorenzo,
174 1136 650 1195 mira á Pablo degollado,
170 1192 750 1243 y puesto en la cruz á Pedro.
177 1228 708 1294 Mira á san Andres aspado,
173 1281 641 1343 y mira el dolor acerbo,
175 1325 588 1394 que pasó Bartolomé,
186 1372 628 1437 despojado del pellejo.
178 1431 615 1490 Mira a santa Catalina.
182 1460 706 1528 como fué su padre mismo
178 1522 717 1585 el que en rueda de navajas
171 1570 679 1643 hizo pedazos su cuerpo.
181 1619 672 1687 Mira que con ser gentil
181 1670 695 1725 tuvo aquel conocimiento,
187 1707 773 1780 que el amor de Dios tan solo
190 1765 645 1820 es el amor verdadero.
183 1811 617 1883 Y por último te digo,
192 1857 705 1931 que te mires á ti mismo,
183 1911 730 1978 que si á ti mismo te miras,
190 1953 766 2027 tendras gran conocimiento;
194 2012 623 2078 Y si llegas á mirarte,
189 2061 766 2116 lo que has de mirar primero
188 2108 816 2166 es lo mucho que á Dios debes,
199 2159 727 2222 pues te sufre tus defectos.
205 2206 745 2266 Mira tambien su paciencia,
202 2250 736 2323 pues estándole ofendiendo,
202 2303 718 2363 al paso que tú le ofendes
196 2340 770 2421 te está tus culpas sufriendo,
890 238 1424 302 Mira que al primer pecado
894 293 1429 355 que cometes, hay derecho
892 342 1349 404 de ejecutar el castigo,
899 388 1354 445 enviándote al infierno.
898 435 1467 504 Mira que si es muy piadoso,
898 487 1428 547 tambien es muy justiciero,
896 520 1480 595 y que castiga al que es malo,
899 584 1558 642 como premia aquel que es bueno.
898 633 1406 689 Dime, cristiano, si acaso
906 681 1478 750 por desdicha estás enfermo,
897 734 1360 790 ¿no procuras al doctor,
897 776 1470 833 buscando á tu mal remedio?
905 827 1459 892 Pues si aquestas diligencias
907 875 1443 934 haces por sanar el cuerpo,
909 923 1508 986 que lo han de comer gusanos
909 978 1414 1041 al punto que sea muerto.
909 1029 1491 1085 ¿Por qué no haces diligencia
907 1071 1425 1134 de dar la salud tan presto
902 1123 1428 1189 al alma, que por la culpa
915 1160 1506 1223 de enferma se está muriendo?
911 1215 1437 1273 Busca remedio á tu alma,
920 1273 1461 1322 mira que es notable yerro,
919 1312 1473 1380 dejar que se muera al alma,
927 1361 1439 1428 por no buscar el remedio.
915 1406 1407 1473 Si el remedio te costára
926 1457 1439 1528 gran cantidad de dineros,
914 1507 1346 1572 entonces podrias dar
918 1560 1435 1619 por disculpa no tenerlos;
928 1611 1452 1667 Mas si no te cuesta nada,
929 1653 1440 1728 y el doctor está diciendo,
936 1702 1469 1766 «aquí los remedios tienes
938 1749 1441 1807 cúrate y estarás bueno.»
932 1793 1461 1865 Si tú no quieres tomarlos,
934 1848 1468 1912 lo puedes tener por cierto
937 1895 1426 1965 de que el doctor te dirá,
936 1927 1537 2007 por no curarte te has muerto.
938 1994 1431 2060 El que se cura en salud,
936 2043 1447 2111 es por no caer enfermo,
947 2083 1563 2154 que el mal si una vez se pega,
935 2140 1511 2213 es muy comparado al fuego.
947 2191 1481 2258 El fuego con muy poquito
943 2233 1519 2300 hay para quemar un pueblo,
944 2291 1390 2356 y con un pecado solo
949 2347 1441 2405 basta para ir al infierno.
