1765 2512
260 172 307 224 8
156 204 667 278 Dios es un Ser absoluto,
156 266 730 339 tan sin dependencia Eterno,
169 322 817 383 que aun no deja á sus criaturas
165 373 695 432 trascender tales respetos.
165 421 679 480 Sustancia sin accidentes,
157 472 727 524 recto, puro, sábio y bueno,
160 518 629 580 misericordioso y justo,
168 562 724 633 incomprensible é inmenso.
163 609 645 680 Estos atributos y otros
173 656 656 729 con infinidad perfectos,
165 702 686 780 son simplicísima esencia,
170 754 740 817 un ser digo, un compuesto,
170 801 658 874 de perfecciones unidas,
181 845 885 922 porque aunque en Dios conocemos
176 905 759 964 muchas perfecciones juntas,
174 941 818 1005 cuando en distintos conceptos,
177 1001 751 1067 hace la union, si las junto,
182 1047 780 1114 ó en número, si las cuento,
173 1098 776 1164 no en Dios número ni union,
180 1147 648 1204 sino unidad considero.
189 1191 813 1266 Ve este gran Dios su sustancia,
184 1240 817 1313 y viendose engendra el Verbo,
189 1287 707 1361 qué es su unigénito Hijo,
190 1340 741 1410 parte de su entendimiento,
184 1389 742 1447 amante el Hijo y el Padre,
185 1450 784 1504 y de ambos á dos supuestos,
189 1483 754 1560 por voluntad una en ambos
197 1536 761 1611 procede siempre el tercero,
195 1584 714 1655 que es el Espiritu Santo,
198 1642 759 1707 cuyo amor sacro é inmenso,
197 1683 749 1754 dió luz al misterio grande
195 1730 799 1793 de la Encarnacion del Verbo.
198 1777 795 1844 Para que mas claro entiendas
197 1832 715 1900 estos sagrados misterios,
195 1876 766 1955 son tres personas distintas,
195 1929 747 2004 y un solo Dios verdadero.
886 184 1457 277 La segunda que es el Hijo,
892 251 1385 318 nos sacó del cautiverio,
893 293 1464 374 en que estábamos esclavos
894 350 1366 417 por el pecado primero.
896 405 1415 456 La vida dió por nosotros
898 445 1367 518 en un sagrado madero,
888 497 1413 572 clavado de pies y manos,
899 536 1502 607 de una lanza abierto el pecho.
898 592 1438 658 No te digo mas, cristiano,
894 636 1484 714 ni á decirte mas me atrevo,
910 688 1459 762 que es poca mi inteligencia
905 737 1399 809 para tan altos misterios.
906 787 1414 858 Lo que te pido y suplico
911 832 1442 909 con humilde rendimiento,
907 884 1448 955 es que despiertes si acaso
913 934 1510 992 en la culpa estás durmiendo.
906 981 1358 1049 Considera que por tí
915 1022 1512 1101 dió la vida un Dios inmenso,
906 1078 1470 1155 y que es lástima se pierda
913 1128 1487 1190 quien costó tan alto precio.
915 1177 1387 1248 Pídele perdon contrito,
915 1227 1461 1287 con humilde acatamiento,
925 1277 1480 1343 que para quien se humilló,
918 1324 1490 1397 siempre fué manso cordero.
929 1374 1398 1438 Prométele firmemente
933 1423 1446 1489 de no volver á ofénderlo;
938 1446 1464 1545 que si prometes y cumple
937 1504 1585 1579 tendrás de Dios grande premio.
938 1564 1485 1626 Su magestad nos dé gracia
942 1617 1486 1684 para que todos le amemos,
940 1658 1502 1735 y que despues de esta vida
945 1711 1494 1773 vamos á gozar sus premios.
943 1759 1464 1834 Y aquí el poéta, señores,
941 1808 1469 1877 con humilde rendimiento,
942 1858 1369 1931 á todos pide perdon
944 1899 1483 1993 de sus faltas y sus yerros.
794 2108 1077 2241 FIN.
223 2286 1662 2386 CARMOMA:—Imp. de D. José Maria Moreno, calle Madre de Dios.
