1752 2444
275 150 305 221 4
172 201 783 272 Pues tú que estás en la culpa
178 255 698 319 los meses y años enteros,
175 298 737 363 donde el fuego del pecado
170 349 720 419 tu alma está consumiendo;
162 397 807 471 Si n duda alguna que duermes,
174 456 746 517 que si estuvieras despierto,
170 507 717 573 sintieras el ver quemarte,
180 545 639 614 y apagaras este fuego.
183 593 667 664 Mas si quieres apagarlo,
181 649 724 715 repara en aqueste ejemplo,
186 690 698 758 que si tú bien lo reparas,
175 740 705 811 saldrás del pecado presto.
184 788 703 853 Mira las flores del campo,
176 843 800 912 si no llueve en mucho tiempo,
187 886 703 958 como se van marchitando,
177 938 757 1007 y por puntos consumiendo:
174 987 659 1055 Mas si llueve, las verás
182 1034 660 1103 como salen esparciendo
183 1079 687 1146 mil fragancias de suaves
187 1131 697 1202 olores, que dán contento.
171 1176 689 1244 Si tú acaso por la culpa
172 1233 729 1295 te sientes marchito y seco,
174 1276 659 1346 llora el pecado contrito,
185 1331 684 1392 te volverás luego fresco:
179 1372 684 1439 Las lágrimas derramadas
174 1421 660 1492 de dolor y sentimiento,
174 1482 797 1545 al alma que se halla enferma
178 1522 648 1585 la sirven de refrigerio
170 1570 719 1635 Llora, pecador, tus culpas,
182 1621 741 1688 muchas lágrimas vertiendo,
176 1663 692 1734 que las lágrimas vertidas
176 1715 817 1778 quitan las manchas muy presto.
171 1762 702 1834 Es el pecado una mancha
179 1812 798 1881 tan malá, que no hay remedio
186 1862 619 1929 para quitarla, sino es
174 1916 671 1982 el llorar de sentimiento.
178 1954 671 2024 Llora, pecador, contrito
176 2016 672 2074 con el corazon diciendo:
174 2057 698 2123 pésame, Señor, mil veces
177 2106 785 2176 de que me atreví á ofenderos;
178 2151 673 2221 Yo conozco, Señor mio,
174 2199 761 2282 que fué grande atrevimiento,
906 210 1537 275 mas con vuestro sacro auxilio
912 272 1567 321 desde hoy la enmienda prometo.
910 309 1397 373 Para poder conseguirlo,
907 364 1428 427 me quiero valer primero
910 411 1443 475 de vuestra piadosa Madre
909 452 1419 520 Señora de los Remedios.
918 508 1468 572 que con su piadoso amparo
919 555 1519 627 tengo, Señor, por muy cierto,
908 602 1529 672 que naufragando entre culpas,
907 660 1518 717 saldré con victoria al puerto.
910 699 1415 768 Reina de las Gerarquías,
910 749 1402 816 brillante y sacro lucero,
919 803 1486 860 pues sois la luz de las luces,
917 851 1489 914 dad luz á mi entendimiento,
919 894 1419 965 para que deje el pecado,
913 945 1352 1009 y con amoroso afecto
920 998 1506 1055 guarde y conserve humillado
919 1049 1519 1114 de mi Dios los Mandamientos,
915 1089 1431 1161 amándole como es justo,
914 1144 1520 1205 no jurando en ningun tiempo,
921 1190 1383 1252 santificando las fiestas,
922 1247 1509 1299 y honrando con gran respeto
910 1284 1465 1352 á mi padre, y á mi madre,
923 1342 1511 1405 y á los que fueren mas viejos,
919 1386 1378 1449 y no matar á ninguno,
908 1435 1546 1495 que es el quinto mandamiento,
915 1478 1395 1546 de huir el pecado torpe,
911 1527 1392 1594 de no robar, y prometo
908 1585 1404 1639 no levantar testimonios,
907 1625 1390 1692 ni desear nunca quiero
907 1669 1360 1741 del prójimo la mujer,
906 1721 1390 1792 ni de codiciar lo ageno.
915 1774 1409 1834 Esto prometo, Dios mio,
913 1819 1525 1890 y á cumplirlo estoy dispuesto,
915 1881 1400 1938 aunque por ello supiera
914 1920 1446 1985 perder mil vidas primero.
921 1967 1484 2039 Si esto dices, y lo cumples,
912 2013 1434 2082 obras con grande acierto.
916 2062 1493 2127 Dios permita que despiertes,
908 2122 1568 2185 y no estés siempre durmiendo
911 2163 1469 2227 porque no pierdas dormido
911 2217 1566 2277 lo que has de ganar despierto.
570 2272 1216 2383 FIN DE LA PRIMERA PARTE.
