1737 2508
273 252 1390 413 SEGUNDA PARTE,
124 499 1557 607 DEL DESPERTADOR ESPIRITUAL,
143 642 1563 716 en que se declara que no hay cosa que mas
198 744 1500 840 despierte al pecador, que la memoria de
266 854 1428 962 la muerte, los tormentos del infierno,
435 992 1373 1108 y los deleites de la Gloria.
182 1333 725 1405 Si con el primer romance
136 1389 748 1449 no estás, pecador. despierto,
147 1444 708 1502 quiero ver con el segundo
140 1482 789 1552 si hacer que despiertes puedo.
138 1533 810 1591 No hay cosa que mas despierte,
142 1583 663 1640 suele decir el proverbio
152 1636 751 1695 que dormir sobre la muerte:
150 1681 760 1748 y yo digo que es muy cierto.
149 1721 692 1792 Considera, pues, cristiano,
148 1774 660 1838 si tienes entendimiento,
156 1820 772 1891 que estás condenado á muerte,
150 1876 736 1944 y has de morir sin remedio.
142 1923 693 1985 Hasta el reloj por minutos
153 1973 677 2039 te está la vida midiendo,
149 2022 781 2084 pues siempre que dá la hora
153 2076 638 2139 tienes una hora menos.
151 2117 773 2187 El mundo que es tu enemigo,
149 2170 662 2235 con engaños manifiestos
156 2214 683 2274 te busca mil precipicios
158 2268 739 2325 para que acabes mas presto.
159 2321 704 2381 Cuantos pasos das y andas,
151 2363 652 2436 todos caminan derechos
870 1322 1411 1388 donde la muerte te espera
874 1383 1392 1439 para darte el fin postrero.
869 1437 1361 1490 Y si acaso por valiente,
871 1482 1393 1545 por galan ó por discreto,
879 1523 1482 1592 piensas que no has de morir,
874 1574 1374 1634 es falso tu pensamiento.
868 1629 1395 1686 Muy valiente fué Sanson,
878 1669 1412 1729 el Cid, Roldan y Oliveros,
869 1722 1453 1778 mas no les temió la muerte,
871 1773 1458 1828 aunque tan valiente fueron.
877 1816 1465 1879 Por sábio no has de escapar,
874 1871 1428 1939 que muy sabio fue Galeno,
878 1915 1427 1983 y dando salud à muchos,
882 1972 1399 2024 para sí no halló remedio,
879 2016 1396 2081 En ser galan no te fies,
888 2063 1394 2125 que galan fue Gerineldo,
883 2105 1324 2177 y si preguntas por él,
873 2152 1519 2227 te dirán que ya sa ha muerto.
873 2209 1397 2275 Por ser rico y poderoso,
882 2253 1502 2312 con mucha hacienda y dinero,
882 2309 1530 2366 no te has de escapar tampoco,
885 2356 1379 2436 que nada vale todo eso.
