1737 2508
1431 149 1461 206 7
122 182 593 251 Amale, pues, pecador,
118 244 657 295 no seas tan poco atento,
123 287 755 348 que por dar gusto al demonio,
122 338 629 405 pierdas á Dios el respeto.
120 397 627 441 Cuatro cosas postrimeras
123 439 743 493 te esperan, donde te advierto,
122 489 774 544 que no has de escaparte de ellas
124 534 715 590 por mas que busques rodeos.
123 583 621 647 Es la primera la muerte;
117 631 605 696 segun te voy refiriendo;
115 683 607 751 y la segunda es el juicio
126 741 770 797 donde han de juzgar tus yerros.
119 777 607 844 Es la tercera la Gloria,
119 824 667 878 á donde gozan los premios
121 878 661 938 los que guardaron de Dios
120 925 652 974 los divinos Mandamientos.
125 975 724 1038 La cuarta son las mazmorras,
121 1020 592 1084 y calabozos horrendos,
121 1071 650 1134 donde infernales ministros
125 1127 673 1177 no paran de dar tormentos.
127 1172 633 1233 Estos lugares te esperan,
120 1217 648 1283 mas ahora estás á tiempo
125 1267 657 1328 de vivir como Dios manda,
122 1314 668 1377 y escojer el mejor de ellos.
123 1366 628 1428 Y pues te dan á escojer,
119 1421 646 1475 no seas tan torpe y necio,
121 1459 627 1527 que dejes el de la Gloria,
131 1517 608 1576 y escojas el del infierno.
115 1556 583 1623 No por un vano deleite
124 1606 677 1674 que dura tan poco tiempo,
124 1654 686 1719 quieras perder para siempre
123 1716 699 1771 un descanso, que es eterno.
126 1749 759 1822 ¿Quién habrá que por un gusto
134 1806 603 1871 dlepravado, torpe y feo,
129 1853 652 1917 quiera perder las riquezas
126 1903 644 1959 de los tesoros del Cielo?
131 1947 636 2013 ¡Válgame Dios, pecador,
122 1998 645 2063 y si hicieras un concepto
125 2045 691 2105 de que Dios te va buscando,
122 2097 663 2159 y tú siempre vas huyendo,
115 2144 625 2213 que te busca para darte,
127 2190 718 2261 como á hijo muchos premios,
128 2243 648 2295 y tú ingrato á sus favores
117 2290 727 2357 huyes de ellos con desprecio!
860 185 1361 255 Mira que esta ingratitud
862 247 1471 299 no cabe en cristianos pechos,
870 289 1398 350 pues los elementos todos
854 339 1475 410 siempre están á Dios sujetos.
854 389 1549 453 El mar que es monstruo del mundo
857 436 1402 500 recogiéndose en su centro,
855 501 1410 552 guarda, á pesar de su furia,
856 545 1409 590 de Dios el sacro precepto.
859 584 1409 644 La tierra tiembla asustada,
858 633 1371 695 como dándonos ejemplo,
862 683 1391 749 y á los preceptos de Dios
861 738 1424 798 tiembla todo el firmamento.
859 779 1394 844 Si el viento brama furioso,
857 831 1400 896 luego se humilla abatiendo
850 878 1318 941 su altivez para castigo,
859 934 1396 985 de que quiso ser soberbio.
854 971 1385 1040 Si el fuego voraz y altívo
861 1026 1341 1083 pretende subir al Cielo,
870 1068 1386 1130 pierde sus flamantes luces
858 1123 1388 1178 en pena de sujardimiento.
854 1178 1523 1239 No hay cosa alguna en el mundo,
862 1217 1449 1288 que pierda á Dios el respeto,
863 1269 1477 1338 sino es el hombre, que ingrato
862 1326 1474 1381 con culpas le está ofendiendo.
859 1367 1400 1426 Si no te corres y afrentas,
860 1428 1384 1475 pecador, con estos versos,
859 1469 1293 1527 ó no conoces á Dios,
864 1510 1341 1579 ó no quieres conocerlo.
861 1555 1313 1623 Si lo conoces y pecas,
859 1614 1480 1671 bien claro se está entendiendo,
866 1658 1479 1721 que haces de Dios poco caso,
859 1712 1399 1766 pues le pierdes el respeto,
866 1761 1391 1816 Y si es que no le conoces,
870 1808 1365 1874 que será notable yerro),
860 1856 1386 1921 para saber sus grandezas,
864 1903 1297 1963 procura de conocerlo
864 1960 1404 2015 que si una vez lo conoces,
860 2004 1359 2059 tú tendrás conocimiento,
857 2051 1437 2115 que estabas loco y sin juicio,
867 2098 1425 2154 cuando llegaste á ofenderlo.
860 2150 1367 2212 Y por si acaso ignorante
854 2200 1372 2265 estás de su Ser inmenso,
856 2246 1366 2318 atiende mientras te digo
855 2296 1436 2373 lo que alcanzáre mi ingenio.
