1765 2512
209 160 252 213 2
120 204 653 275 Repara que el ser esclavo,
122 258 567 323 es penoso cautiverio;
119 306 600 370 y si puedes estar libre,
120 352 723 420 ¿por qué quieres estar preso?
123 405 658 467 No hay cosa mas parecida
121 452 721 515 á la muerte, que es el sueño
122 498 762 569 porque aquel que está dormido,
124 560 724 611 puede decir que está muerto.
123 598 669 670 Si tú duermes en la culpa,
117 649 569 706 falto de conocimiento
123 692 777 758 de que la muerte es muy cierta,
126 744 772 808 y el como y cuando es incierto,
130 795 688 857 ¿cómo no temes cristiano,
129 847 683 908 de que te coja durmiendo,
121 890 614 958 y sin poder remediarte,
132 942 643 1000 despiertes en el infierno?
122 986 679 1052 Mas vale saber que haber
124 1037 645 1100 suele decir el proverbio;
135 1086 653 1144 pues si no sabes salvarte,
126 1135 725 1202 bien te puedes llamar necio.
133 1180 613 1238 Si buscas tu salvacion,
132 1231 718 1300 ahora y en cualquier tiempo
128 1292 662 1348 cualquiera que te conozca
128 1329 629 1394 dira que fuiste discreto.
131 1378 701 1438 Mira bien que Dios te llama,
131 1427 680 1495 y te está á voces diciendo:
130 1489 708 1546 despierta, no duermas mas,
131 1533 718 1589 mira que se pasa el tiempo;
132 1576 712 1638 y el tiempo una vez pasado,
133 1627 597 1689 te digo como maestro,
134 1670 727 1731 que tarde ó nunca se cobra,
136 1723 693 1789 que va á la posta corriendo.
134 1768 761 1826 El tiempo es como los bienes,
140 1817 809 1888 que unos tienen mucho y bueno,
142 1868 636 1933 y otros apenas alcanzan
140 1919 656 1974 para el humano sustento.
140 1973 671 2023 Unos viven muchos años,
138 2015 746 2081 y otros mueren en naciendo;
143 2063 719 2131 con que en esta triste vida
139 2118 679 2177 cada cual tiene su tiempo.
139 2162 713 2228 El tiempo que ahora corre,
136 2211 750 2277 es el tuyo; y si en el mesmo
137 2260 617 2322 no buscas tu salvacion,
138 2312 637 2380 mal podrás en el ageno.
859 199 1389 269 No digan, segun caminas,
861 254 1396 312 ya tropezando, y cayendo,
858 298 1394 371 que te ha faltado la vista,
857 348 1419 420 y que estás del todo ciego.
861 400 1337 465 Abre pecador los ojos,
866 451 1348 511 corrige tus desaciertos
863 492 1322 560 y camina con sentido,
866 529 1532 613 mira que hay muchos tropiezos.
860 593 1484 660 El mundo, padre de engaños,
862 641 1412 700 te divierte con mil juegos,
865 692 1329 754 con regalos, y deleites,
866 740 1398 806 y engañosos pasatiempos.
871 790 1371 861 La carne te pide gustos,
868 834 1466 905 y el demonio en todo tiempo
862 890 1394 939 te tienta, para que caigas
871 938 1391 987 en lascivos pensamientos.
868 982 1378 1052 Mira que estos enemigos
870 1032 1360 1095 la procuran con desvelo
863 1083 1375 1147 un precipicio á tu alma,
867 1127 1381 1199 para llevarla al infierno.
867 1188 1411 1242 Para que mejor despiertes,
875 1231 1375 1293 considera los tormentos,
868 1273 1410 1335 que los que se condenaron,
878 1322 1412 1380 estan siempre padeciendo.
877 1373 1358 1438 Aquel nunca ver á Dios,
870 1423 1454 1487 será el mayor, segun pienso,
867 1466 1500 1536 porque el no ver á Dios nunca,
869 1516 1450 1587 ¿que mas crecido tormento?
868 1564 1390 1636 Aquel estarse á si mismo
872 1616 1423 1682 por instantes maldiciendo,
876 1675 1408 1729 ¿qué tormento mas cruel
882 1711 1452 1772 que maldecirse á si mismo?
887 1760 1421 1824 Aquel no se ha de acabar
881 1815 1470 1876 esta pena en ningun tiempo,
881 1859 1470 1926 que mientras Dios fuere Dios
876 1910 1452 1978 siempre estarán padeciendo.
873 1962 1354 2019 Aquella horrorosa voz,
878 2010 1428 2062 que allá en el dia postrero
883 2055 1420 2114 les dirà: volved, malditos,
888 2109 1440 2170 para siempre á los infiernos.
877 2153 1366 2223 Aquella rabiosa envidia
888 2197 1528 2267 que tendrán de que en el Cielo
882 2254 1450 2309 gocen de Dios para siempre
887 2304 1412 2372 los que salvarse supieron.
