1765 2512
187 200 618 239 Si las mugeres son malas;
194 243 632 276 ¿por qué procura el soltero
189 280 650 318 cuando una novia pretende,
184 319 554 356 acreditarse de bueno,
195 358 634 394 observando el mejor modo
191 398 610 435 de agradar á aquel objeto
185 436 558 475 á que dirige su amor?
194 475 590 516 y si no logra su intento,
195 516 566 554 entre suspiros solloza,
196 557 612 596 quejándose de si mesmo,
200 597 593 631 y á sus solas se lamenta
195 634 602 672 anegado en llanto tierno.
190 673 614 715 Con que podremos decir,
191 714 604 752 como á la vista tenemos,
196 753 624 790 que estamos hablando mal
195 792 692 831 de aquello que mas queremos.
186 831 584 870 Es un Jardin agradable,
194 871 529 908 es un soberano cielo
188 911 562 948 una muger, si á la luz
192 951 590 987 de toda razon la vemos,
192 991 662 1026 pues su frente es un florido.
190 1031 664 1068 y un hermoso campo ameno,
196 1069 538 1105 que sábia naturaleza
188 1109 668 1147 formó con cuidado estremo,
179 1149 555 1186 su cejas arcos de paz,
180 1187 576 1224 sus ojos claros luceros,
189 1228 576 1263 Sol y Luna las mejillas:
194 1267 600 1302 clavel sus labios los veo;
188 1307 640 1343 cristal y perlas los dientes,
192 1347 634 1383 y puro alabastro el pecho,
192 1385 598 1421 son azucenas sus manos
193 1426 614 1462 cuyas ojas son sus dedos,
192 1465 664 1503 con que en suma, viene á ser
183 1504 548 1537 este divino embeleso
186 1543 584 1579 Cielo, Sol, Luna Jardin,
191 1583 664 1621 perla, cristal, campo ameno,
192 1623 542 1659 clavel, azucena, rosa,
191 1662 564 1697 alabastro, paz, luceros
192 1703 682 1736 y archivo, donde encerrados
187 1743 672 1777 en el mas breve compendio
185 1781 598 1816 están hermosura, gracia
184 1821 576 1855 primor recato, y aseo.
192 1861 672 1898 Los principes, los monarcas,
189 1900 580 1937 el señor, el caballero,
184 1939 702 1977 el duque, el conde, el marques,
189 1980 565 2014 el cardenal, el excelso
188 2019 592 2052 Pontífice, y en fin todos
190 2059 625 2092 los nobles, y los plebeyos
181 2099 634 2134 los Arzobispos, y Obispos,
190 2137 600 2174 de las mugeres nacieron;
186 2175 550 2212 esto ninguno lo duda;
188 2217 651 2256 Luego á la muger debemos,
187 2257 607 2292 despues de Dios, estimar
920 207 1314 241 este ser, que poseemos.
920 247 1258 282 Adan en el paraiso,
917 287 1296 319 hallándose tan desierto
920 327 1336 359 á Dios pidió compañera,
919 366 1383 398 y estando en profundo sueño
913 405 1311 437 Dios le sacó una costilla
923 445 1367 478 y se la formó al momento.
912 485 1368 517 Despertó, y halló á su lado
922 524 1314 556 lo que queria su deseo.
912 563 1380 599 Salió la muger del hombre,
913 603 1311 635 y claro está que por eso
920 643 1316 674 debe tenerse uno á otro
924 682 1330 717 el mas entrañable afecto;
915 722 1332 755 por que ella fue formada
919 762 1368 795 de la misma carne y hueso.
920 802 1386 835 Claro está que á las mugeres
914 840 1350 874 cuanto somos le debemos,
920 880 1398 917 pues sabemos que nos paren,
921 920 1360 952 y que despues con esmero
912 960 1372 993 nos limpian, cuidan y crian
922 998 1366 1034 con sus maternales pechos,
923 1038 1311 1070 y luego con gran cario
920 1078 1312 1110 nos buscan el alimento,
912 1116 1362 1152 nos visten y nos desnudan,
914 1156 1370 1194 cuando somos pequeñuelos,
912 1195 1291 1228 despues en la Religion
916 1235 1340 1268 nos instruyen con esmero
915 1275 1377 1310 para que con nuestras obras
922 1314 1314 1348 podamos ganar el Cielo,
912 1355 1362 1389 Luego á la muger es fuerza
918 1394 1318 1428 tenerle el mayor afecto.
911 1434 1312 1467 Por otro orden tambien
919 1474 1345 1506 probaré mas este intento:
918 1513 1398 1546 Si á los hombres se atribuyen
918 1552 1292 1586 hazañas de lucimiento,
912 1592 1355 1625 tambien la hermosa Judith
915 1631 1352 1664 me sacará de este empeño
916 1671 1380 1706 cuando triunfó de Olofernes
915 1711 1312 1744 con un varonil denuedo
919 1751 1248 1783 cortándole la cabeza
917 1790 1336 1826 á aquel General soberbio,
911 1830 1309 1862 librando asi á su Ciudad
911 1870 1319 1903 del mas duro cautiverio,
918 1909 1374 1944 que los hombres no podian
912 1949 1348 1980 de manera alguna hacerlo.
911 1989 1353 2021 Otras muchas á este modo
915 2028 1390 2062 pudiera citar, que han hecho
916 2068 1328 2102 las mas heróicas hazañas,
907 2107 1321 2142 pero las dejo al silencio,
916 2147 1382 2179 porque en tan corto volumen
915 2186 1347 2220 no puedo ser mas estenso.
908 2226 1286 2260 Y Mendoza pide ahora
910 2267 1394 2300 perdon de sus muchos yerros
319 2344 1443 2398 CARMONA:=1858: Imprenta de D. José Maria Moreno.
