1765 2512
222 219 708 254 un David, y un Salomon,
227 263 727 296 sin otros muchos, que dejo
226 309 736 340 por decir, que aprisionados
220 351 746 387 con los lazos del Dios ciego,
224 395 652 429 habiendo venido á dar
218 439 732 476 en manos del escarmiento,
220 481 686 517 tuvieron bien que llorar
224 525 751 564 todo el tiempo que vivieron,
219 570 620 603 solo porque se fiaron
218 614 688 651 de sus fingidos enredos;
224 658 696 692 pues por la muger no hay
216 701 748 740 cosa que nos lleve al Cielo,
216 744 581 780 sino todo precipios
224 789 639 826 para bajar al Infierno;
216 834 780 873 pues con los trajes que usan,
220 877 706 915 y el mirar tan alhagüeño,
220 921 652 957 profanamente vestidas
216 963 646 1003 con costosos adarezos,
224 1007 762 1047 dan lugar á que los hombres
224 1051 716 1092 hagan muchos desaciertos;
225 1097 655 1132 y para ver si es verdad
216 1140 716 1180 lo que aqui voy refiriendo
228 1183 653 1220 escuchen con atencion
224 1225 694 1267 aquestos rústicos versos.
220 1269 662 1308 El que trata de casarse
224 1315 742 1355 en estos presentes tiempos,
224 1357 748 1398 yo lo tengo por muy simple,
226 1402 764 1444 por un tonto ó por un necio;
216 1445 672 1489 sea oficial ó del campo,
216 1489 640 1529 empleado ó jornalero;
224 1534 692 1574 recorra bien la memoria,
218 1579 746 1619 meta la mano en su pecho,
218 1621 700 1659 considere bien los gastos
224 1666 752 1705 que debe hacer sin remedio,
222 1711 696 1748 y los jornales tan cortos,
227 1755 810 1790 que un hombre solo á sí mismo
218 1799 650 1836 no se puede mantener,
221 1843 755 1878 y anda que bebe los vientos
224 1887 650 1923 por tener que trabajar,
222 1931 679 1966 y siempre tras el dinero.
213 1975 667 2012 El que casarse quisiere,
213 2019 658 2052 considere bien primero
212 2064 774 2098 lo que vá á hacer, y pregunte
217 2108 715 2143 para qué son de provecho,
211 2154 690 2185 ni para qué serán buenas
217 2198 736 2228 las mugeres de este tiempo?
213 2243 669 2277 para tener que vestirlas
217 2287 698 2319 con mucho garvo y aseo,
215 2330 761 2365 y andar sin sol y sin sombra
229 2375 711 2407 para buscarle el sustento;
946 217 1477 251 y si un hombre se descuida,
954 261 1334 294 cátalo hecho Correo
948 305 1442 342 de Cabra ó de Carcabuey,
942 350 1396 381 ó Cofrade muy perfecto
951 393 1536 426 de la Hermandad de S. Márcos.
954 437 1477 471 Yo digo, que lo mas cierto
950 481 1390 514 es vivir el hombre solo
949 525 1474 557 sin tener que pagar tercios
952 568 1382 602 del aquiler de la Casa,
943 613 1428 645 ni del Matrimonio el peso
948 657 1428 691 ni muger que mantener
940 701 1468 737 y otras cosillas, que pienso
951 745 1371 777 que fuera mejor criar
947 789 1474 823 un cochino, que á lo menos
950 831 1431 868 viene á ser una alcancia,
945 877 1487 911 que alcabo del año es cierto
948 920 1453 955 se halla el dinero en junto
944 965 1444 997 para comerlo ó venderlo:
946 1009 1440 1043 y lo que aqui mas admira,
946 1052 1418 1088 y eleva el entendimiento,
952 1096 1464 1131 es, que no son las mugeres
944 1139 1388 1172 para cosa de provecho.
936 1182 1450 1218 Por la muger en la Cárcel
936 1226 1560 1264 se ven muchos hombres presos;
944 1272 1424 1303 y por ellas los presidios
950 1314 1496 1352 de hombres se miran llenos,
947 1361 1433 1393 y cuantos en las Galeras
941 1402 1390 1437 agarrados van al remo,
948 1448 1412 1481 y todos sin mas delito,
944 1491 1532 1525 que haber muger de por medio.
946 1533 1472 1569 Otros se han visto por ellas
944 1578 1433 1614 maltratado de sus dueños,
944 1621 1344 1656 ultrajados sin razon,
945 1668 1389 1700 y perdidos sus empleos.
941 1711 1448 1743 Otros han sufrido y sufren
937 1755 1396 1788 por ellas un cautiverio
942 1798 1368 1832 insoportable y penoso
948 1844 1548 1877 que á renegar los ha espuesto.
945 1887 1374 1921 Agregados á las armas
937 1932 1539 1965 siempre se ha visto un inmenso
940 1977 1474 2008 número de hombres, siendo
946 2021 1420 2052 la muger el instrumento.
939 2064 1357 2096 Por la Cava se perdió
946 2108 1488 2141 de España el hermoso Reino,
948 2153 1498 2185 quedando por muchos siglos
948 2197 1428 2228 bajo el dominio Agareno.
944 2240 1402 2274 Por ellas los Hospitales
937 2284 1512 2321 se ven poblados de enfermos,
939 2329 1487 2365 y en el del fuerte Mercurio
943 2375 1504 2408 muchos han dado el pellejo.
