1737 2508
166 211 696 247 Por las mugeres se ha visto
168 256 663 291 perder la gracia del Cielo
161 300 756 339 hombres, que en su penitencia
166 343 616 381 á todos daban ejemplo,
168 387 624 423 y cuantos en una horca
168 432 650 469 han visto su fin postrero,
168 476 642 512 y por las mugeres otros
175 518 688 559 vida y caudales perdieron;
167 561 660 600 cuantos dejaron su patria,
170 606 674 645 desnudos, y casi encueros,
160 650 652 689 siendo la muger la causa,
168 693 668 734 se van á distintos Reinos,
161 735 657 775 y á rodar por ese mundo
162 780 813 826 muertos de hambre y sedientos.
163 824 708 867 Cuantos se ven hoy liciados,
899 220 1500 256 cojos, mancos y sin miembros,
904 263 1409 296 por causa de las mugeres;
893 306 1499 340 no hay número, si lo cuento.
899 350 1445 384 Mas yo à mi salvo conducto
895 395 1340 427 de todas ellas reniego,
897 438 1470 473 y tambien me holgára mucho
893 480 1366 516 verlas á todas en Beyro,
893 527 1414 562 supuesto, que por su causa
894 571 1411 604 se van muchos al Infierno.
891 613 1340 646 Y asi al que dijere bien
883 657 1429 694 de ellas, lo tengo por necio.
891 702 1366 734 Y si en aqueste romance
883 746 1365 779 hubiere andado grosero,
890 789 1258 822 en el segundo diré
892 835 1394 868 en lo que son de provecho.
248 833 1480 993 Beneficios que logran los Hombres por las señoras Mugeres.
199 995 609 1032 Muy irrtado he quedado
162 1033 578 1071 de oir á un músiconecio
168 1073 600 1111 decir mal de las iugeres;
163 1112 602 1154 conozco que es indiscreto,
161 1152 558 1188 porque si discreto fuera
162 1191 574 1227 hablara con mas respeto,
163 1231 647 1268 del secso, á quien se le debe
157 1270 544 1308 el debido acatamiento,
168 1311 698 1349 que el que se tiene por hombre,
158 1349 692 1389 mientras mas hombre de hecho,
161 1388 546 1425 mas honor le debe dar
161 1428 576 1465 al hermoso y bello secso.
161 1469 630 1504 No todos los hombres saben
151 1508 676 1545 lo que es muger, que á saberlo
162 1547 548 1584 no las trataran tan mal;
161 1587 558 1624 les tuvieran mas afecto,
165 1627 644 1664 y aunque sus defectos tengan,
155 1667 584 1701 nunca pierden el derecho
155 1707 655 1742 de ser del hombre amparadas
158 1746 530 1780 por antiguo privilegio.
161 1786 652 1823 Qué hombre habrá con honor
164 1825 610 1864 que no le toque el empeño,
163 1865 590 1901 cuando viere á una muger
163 1904 576 1940 en algun cercarno riesgo,
160 1943 577 1980 de darle auxilio y librarla
153 1983 498 2014 á costa de su pellejo?
151 2023 633 2060 Es la muger para el hombre
152 2062 504 2097 un acrisolado espejo:
149 2103 668 2141 por la muger tiene el hombre,
152 2143 596 2181 gusto, descanso y sosiego,
161 2183 568 2219 está curioso, está limpio,
159 2221 538 2257 y sale con mucho aseo,
152 2263 580 2298 tiene gobierno en su casa,
159 2302 571 2336 y la comida á su tiempo,
153 2342 586 2376 y el hombre con la muger,
155 2382 592 2416 como buenos compañeros,
892 1002 1305 1034 comunican sus cuidados,
885 1041 1255 1073 y toma como discreto
896 1081 1316 1113 parecer de muchas cosas,
885 1120 1375 1152 y á no tomarlo es gran yerro.
890 1160 1424 1194 Logra un hombre muchas veces
897 1199 1308 1232 por la muger un empleo;
880 1239 1394 1271 si toma un hombre en la calle
887 1279 1295 1310 algun pesar, al momento
880 1317 1255 1350 solo con ver su muger
880 1357 1314 1390 se le quita el sentimiento.
880 1396 1280 1430 Si tiene hijos chiquitos,
888 1437 1285 1468 la muger lidia con ellos:
882 1475 1263 1508 todo la muger lo llena:
887 1515 1295 1548 si falta solo un momento
886 1555 1258 1587 una muger de su casa,
886 1595 1314 1628 todo se ve descompuesto;
879 1635 1320 1666 y ya le parece á el hombre
879 1674 1314 1706 se le cae encima el techo.
879 1713 1306 1744 Haya un festin y no haya
875 1752 1312 1784 mugeres, parece entierro;
881 1792 1403 1825 aunque muchos hombres dicen
879 1831 1334 1864 desgracias y contratiempos
881 1870 1296 1903 suceden por las mugeres,
883 1910 1385 1944 yo respondo á ese argumento.
875 1951 1334 1984 Pintan á España una Dama,
882 1989 1276 2021 y los Reyes Estrangeros
873 2030 1282 2062 á un tiempo la solicitan,
875 2069 1370 2102 y se muestran muy guerreros
881 2109 1288 2141 cada cual por alcanzarla:
878 2149 1308 2182 las mugeres es lo mesmo,
884 2189 1292 2221 que muchos las solicitan,
878 2224 1268 2262 y procura ser el dueño,
884 2267 1203 2298 cada uno de por sí.
880 2307 1290 2341 Yo le aseguro y prometo,
878 2347 1286 2381 que si nadie las quisiera,
875 2386 1251 2418 no sucedieran excesos.
