1737 2508
554 1605 1347 1654 DEVOTAS COPLAS
784 1711 1136 1761 EN ALABANZAS,
217 1883 1697 1935 DE LA SANTISIMA CRUZ DE CARABACA.
181 2029 1728 2066 que fué bajada del cíelo á la tierra por la Divina Providencia, y misterio de sus
184 2078 1722 2114 Angeles, para exaltacion dé nuestra Santa Fé Catolica: es un especial antídoto
179 2125 1733 2162 contra rayos, centellas, nubes tempestuosas, terremotos y huracanes, incen.
184 2172 1727 2210 dios y otros muchos peligros. Toda persona que lleváre consigo esta divina
184 2220 1732 2259 Estampa rezando un Credo, un padre nuestro,ó ácto de Contricion, ganará por
182 2268 1733 2306 cada cosa de estas tres mil trescientos cuarenta dias de indulgencias que
183 2315 1695 2354 estan concedidas por varios Cardenales, Arzobispos y Obispos de España
176 2365 1732 2405 América, y por otros muchos Sacerdotes que han tenido facultades paral
180 2415 421 2454 concederlas.
