1765 2512
32 299 565 338 Oiga todo cristiano, milagros
15 341 637 382 le la Santa cruz que voy á esplicar,
14 382 625 426 ue así ha obrado con todo devoto
14 428 667 470 ue ha venerado con gran voluntad,
256 473 500 512 oid, declarar
24 516 593 560 s prodigios de la Cruz bendita
34 561 586 606 que Jesucristo amó sin igual.
40 645 662 690 Por consejos del Padre Fray Diego
23 688 729 735 ue dió á una doncella, la Cruz tanto amó
28 735 673 780 ue queriendo un mancebo gozarla,
15 777 687 823 ptrando en su cuarto la Cruz la libró,
234 824 509 862 y fué la ocasion
21 868 569 910 ue se puso encima de la cama
20 909 698 956 hndo resplandores y el traidor huyó.
42 996 741 1042 Trabajando en el campo tres hombres
32 1042 693 1087 armó una tormenta y un rayo cayó:
23 1092 514 1131 los tres á los dos abrasa,
34 1129 733 1176 el que estaba enmedio quedó sin lesion
261 1175 553 1213 el milagro obró
26 1222 595 1263 na cruz que traia en el pecho,
50 1265 623 1308 cual estampada en él se quedó.
44 1355 570 1394 Un devoto de la Santa Cruz,
41 1396 653 1439 que la llevaba pues tanto la amó
39 1440 595 1483 ue por robarlo un tiro le tiran
39 1484 621 1526 n balas y postas y no le agravió,
276 1528 529 1564 es admiracion
34 1573 616 1614 ue en la Cruz que llevaba en el pecho
34 1615 615 1660 htampó las balas y la municion.
58 1704 643 1746 Una pobre que estaba de parto,
47 1749 589 1790 de cinco dias sin poder parir,
37 1792 649 1836 pn la Cruz le santiguan el vientre,
47 1836 659 1877 dió á luz un niño que pudo vivir,
287 1879 649 1917 pero es de advertir,
45 1925 669 1967 ue esa Cruz la trajo una parienta,
59 1966 669 2013 con fé le dijo no te has de morir.
820 282 1403 322 Por el mar una Nave marchaba
787 327 1481 366 con el viento en popa iba muy veloz,
787 373 1297 411 tropezó con una fuerte roca,
787 415 1439 454 como una granada la Nave se abrió;
1027 459 1363 496 pero aquel Patron
784 502 1393 542 á la Cruz se encomienda y le pide
791 546 1383 588 por toda su jente, nadie peligró.
832 632 1397 674 En la lancha que lleva la Nave
791 678 1471 718 todos se acojieron con grande fervor,
784 721 1461 763 á la Cruz se encomiendan y al punto
787 767 1223 806 á orilla la lancha se vió:
1057 809 1405 845 con gran devocion
791 854 1371 895 á la Cruz le rendian las gracias
791 893 1471 941 pues de aquel peligro en paz los sacó.
843 981 1473 1027 Que cristiano será el que no lleve
795 1028 1485 1071 metida en su pecho la Cruz con amor,
795 1072 1405 1113 importante reliquia que en ella
791 1114 1510 1158 dio su vida y sangre nuestro Redentor:
1059 1159 1431 1200 y con grande amor
800 1205 1445 1246 la mandó desde el Cielo á la tierra,
802 1246 1449 1290 dentro de Carabaca fué y le colocó.
843 1334 1415 1376 De las nubes, rayos y centellas
808 1379 1373 1422 de los terremotos y tribulacion
804 1422 1377 1466 será libre todo aquel que lleve
805 1466 1481 1508 à la Santa Cruz con gran devocion:
1076 1509 1401 1549 que asi le ofreció
803 1554 1419 1597 Jesucristo cuando murió en ella
808 1598 1439 1642 solo por solvarnos en ella espiró.
850 1684 1500 1728 Cuando el agua del santo Bautismo
805 1727 1439 1773 el cura nos hecha repara y verás
807 1772 1413 1817 una Cruz nos hace en la cabeza.
807 1816 1449 1861 y una despues de muerto señalada está,
1084 1860 1427 1900 tambien es verdad
816 1903 1389 1952 que sin ella ningun Sacerdote
820 1949 1441 1996 el gran Sacrificio puede celebrar.
672 2190 908 2228 FIN.
610 2397 994 2436 CARMONA:—1859.
360 2434 1462 2490 Imprenta de D. José María Moreno, calle de Madre de Dios núm. 1
