1765 2512
178 299 1493 335 VERSOS EN OBSEQUIO
741 511 911 545 DEL
650 799 1498 835 SANTISIMO CRISTO DE ZALAMEA.
93 1094 791 1131 ¡Oh cristiano que atento me escuchas!
47 1138 733 1175 de este Santo Cristo te voy á esplicar
49 1183 681 1219 los prodigios y milagros que obra,
55 1227 727 1263 que ninguna pluma puede numerar:
315 1272 652 1306 con gran voluntad
52 1316 638 1350 colocad en el pecho la estampa
49 1359 633 1396 de este crucifijo y os consolará.
86 1447 712 1482 En este Cristo que es de Zalamea,
55 1491 677 1526 veneraban antes en la Parroquial;
43 1535 631 1575 y por ser muy antigua su efigíe
49 1579 731 1614 en aquella iglesia, lo mandan mudar
304 1622 650 1656 á el santo hospital
47 1666 597 1701 de los pobres, y el hospitalero
51 1710 633 1746 una lámpara le puso alumbrar.
89 1797 725 1832 En Llerena un hombre hechizado,
52 1840 671 1876 triste y afligido en su enfermedad
49 1884 633 1921 implorando el auxilio y amparo
54 1930 700 1964 de este Santo Cristo, la salud le dá;
311 1975 597 2007 oid y escuchad,
47 2019 555 2054 que el aceite de la lámpara
55 2061 655 2097 terribles hechizos le hizo arrojar.
96 2149 755 2184 Una enferma se hallaba en la cama
49 2193 729 2230 ya ciega y tullida, y al Cristo ofreció
56 2239 710 2272 darle un paño junto con diez reales,
51 2283 659 2320 y el Divino Cristo buena la dejó:
315 2328 613 2363 y al punto quedó
50 2373 636 2404 libre y sana de todos sus males;
54 2414 673 2450 atended cristianos lo que sucedió.
874 1093 1576 1127 Otra enferma la encontró en la calle,
845 1138 1507 1170 le proguntó afable y ella respondíó:
852 1181 1530 1215 no de valde me ha sanado el Cristo,
853 1225 1436 1258 diez reales y un paño me costó;
1109 1269 1457 1303 y al punto se halló
852 1313 1418 1347 tan enferma como antes estaba
844 1357 1471 1392 que este crucifijo á sí lo permitió.
890 1444 1514 1477 Otro hombre que sembrado habia
847 1488 1478 1520 el trigo en tierra, al Cristo ofreció
848 1532 1408 1565 la cosecha que sacara partirla,
879 1577 1452 1609 y esta portentosa maravilla obró:
1116 1619 1394 1653 tened atencion,
844 1663 1495 1698 que en brevísimo tiempo este trigo
843 1707 1510 1742 espigado y seco el hombre encontró
892 1796 1430 1828 Un devoto y su muger vivian
848 1839 1516 1875 dentro Zalamea, con gran devocion,
850 1883 1427 1918 si algun ciego pasa por la calle
843 1928 1514 1963 al punto le manda rezar la oracion,
1116 1970 1480 2007 de este gran Señor,
842 2014 1435 2050 y el demonio envidioso por esto
839 2059 1556 2094 un falso testimonio contra ellos movió.
887 2148 1476 2183 Lleve todo Cristiano la estampa
851 2191 1566 2228 de este Santo Cristo con grande fervor,
847 2236 1466 2274 arma fuerte contra los demonios,
841 2280 1540 2318 que siempre tentando van al pecador,
1101 2324 1416 2363 digan con amor:
858 2368 1430 2408 Viva, viva la gran Féde Cristo,
832 2414 1482 2450 y vivamos todos en gracia de Dios.
