1765 2512
228 272 720 310 Llora José y Nicodemus
222 322 672 357 llora la sagrada Reina
224 370 794 410 y todos los que allí estaban,
236 418 768 457 tambien Juan y Magdalena;
238 466 680 505 tales eran los sollozos,
230 516 782 556 que los corazones quiebran,
228 564 692 601 mas la dolorosa Madre
231 613 712 652 dijo: la noche se acerca;
232 660 672 698 y José con Nicodemus
226 709 654 746 arriman las escaleras
228 758 736 799 al santo árbol de la Cruz,
229 807 776 846 y ambos subieron por ellas.
226 857 652 895 Quitáronle la corona,
226 904 714 943 se la dán con reverencia
224 952 640 992 á la dolorosa Madre,
219 1003 633 1040 y tomándola la besa:
223 1051 789 1087 corona que el Rey del Cielo
226 1098 738 1137 tuvo puesta en la cabeza,
228 1146 828 1186 haz, mi Dios, que los mortales
223 1195 730 1233 la traten con reverencia.
227 1245 760 1282 Luego la dieron los clavos
223 1293 725 1330 y con humildad los besa;
232 1342 780 1378 ¡oh clavos que atravesábais
224 1391 754 1428 aquellas palmas supremas
222 1438 816 1477 que al Cielo y todas las cosas
234 1485 736 1526 dieron ser y las conserva!
227 1536 644 1573 herísteis mi corazon
224 1584 660 1622 con una aguda saeta.
227 1633 699 1671 Bajan el difunto cuerpo
224 1685 720 1720 y S. Juan por la cabeza,
226 1730 710 1771 Magdalena por los pies,
228 1779 764 1818 á la Vírgen se lo entregan;
230 1827 780 1867 y teniéndole en sus brazos,
228 1875 704 1915 mirando aquella belleza
231 1924 742 1966 que está tan desfigurada;
221 1971 791 2013 muy triste á decir comienza:
225 2018 760 2061 «venid, los que teneis sed,
232 2070 840 2111 que están las fuentes abiertas;
227 2118 1443 2161 venid, los que estais hambrientos y consolarla en sus penas,
225 2167 738 2208 á este Pan de vida eterna:
228 2215 852 2259 venid, los que estais enfermos,
942 279 1418 314 que la medicina es esta,
944 323 1406 364 venid, á todos convido,
941 373 1493 411 pues que á nadie se niega.»
942 422 1442 459 Luego José y Nicodemus
939 471 1531 508 dan los ungüentos que llevan
943 521 1401 558 unjen el divino cuerpo,
939 569 1409 603 y en una sábana nueva
940 616 1498 653 le envolvieron, y un sudario
942 666 1404 703 pusieron en su cabeza;
937 715 1385 750 y con amorosos pasos
938 763 1514 800 hácia el sepulcro se acercan.
942 809 1476 852 Van muchos fieles delante,
935 858 1476 899 y los que al difunto llevan,
936 908 1310 945 Nicodemus y José,
942 957 1516 995 (que fué su suerte tan buena)
929 1004 1398 1044 el Centurion y S. Juan,
932 1053 1469 1091 luego vá la humilde Reina
944 1102 1357 1139 cercada de serafines,
933 1149 1405 1187 las tres Marías con ella:
944 1198 1498 1235 mas en llegando al sepulcro
940 1248 1418 1284 le ponen con reverencia;
939 1296 1400 1332 y luego cierran la losa.
931 1345 1469 1380 Muchos ángeles se quedan
944 1393 1418 1430 acompañando al Señor:
935 1442 1476 1478 los demás dieron la vuelta
939 1492 1475 1527 y al pasar por el Calvario
940 1539 1354 1575 adoró la triste Reina
936 1587 1444 1626 el santo árbol de la Cruz,
943 1636 1448 1673 todos los demás con ella.
943 1684 1372 1721 A Jerusalen caminan,
936 1732 1455 1769 mas al despedirse de ella
944 1780 1456 1818 todos se apartan llorando,
937 1830 1446 1868 y su bendicion les hecha.
938 1878 1316 1914 Al Cenáculo se fué
943 1927 1464 1966 con Juan y la Magdalena,
936 1977 1374 2014 hasta la resurreccion,
936 2026 1522 2060 que con grande fé la esperan.
940 2074 1453 2109 Tratemos de acompañarla
944 2171 1390 2207 para recibir el premio
936 2220 1452 2256 despues en la vida eterna.
885 2293 949 2329 FIN
387 2264 1457 2415 Carmona, imp. de D. José M. Moreno, Madre de Dios 1.
