1712 2496
113 204 1496 242 RELACION MISTICA DELA DOLOROSA PASION Y MUERTE DE NUESTRO
294 252 1323 285 SEÑOR JESUCRISTO, Y EL DESCENDIMIENTO DE LA SANTA CRUZ.
160 391 662 429 Alma, si eres compasiva,
122 439 626 475 mira, atiende y considera
115 488 584 525 al pié de la Cruz Maria,
120 535 726 575 viendo estar pendiente de ella
116 584 524 621 á su dulcísimo Hijo,
116 632 646 670 abierto con cinco puertas,
116 682 682 721 corriendo arroyos de sangre,
116 730 496 765 coronada la cabeza
122 778 563 813 de penetrantes espinas
124 828 636 865 corriendo sangre por ella,
116 876 608 912 que por su divino rostro
124 925 552 959 de hilo en hilo gotea.
120 971 618 1012 Mira aquel color difunto,
122 1023 624 1061 y aquella boca de perlas,
131 1072 616 1105 parece un clavel morado
131 1119 722 1159 de haber caido en las piedras;
122 1166 628 1206 las rosas de sus mejillas,
126 1215 604 1253 dos cardenales en ellas,
131 1264 616 1302 su garganta que la nieve
126 1312 570 1351 no le hacia diferencia,
134 1360 582 1400 desollada y denegrida;
125 1410 706 1450 hombros y espaldas abiertas,
133 1459 641 1494 que de los gruesos azotes
133 1507 684 1546 los huesos se ven por ellas.
133 1555 602 1591 En los brazos y rodillas
132 1604 598 1639 tiene las llagas abiertas
134 1652 660 1689 de haber caido en el suelo
140 1699 664 1740 llevando la Cruz á cuestas,
130 1750 664 1788 llagado y corriendo sangre
136 1798 612 1836 de los pies á la cabeza.
139 1847 660 1887 Su Madre le está mirando,
140 1894 559 1932 oye como se lamenta:
145 1941 564 1982 «Hijo de mi corazon,
139 1996 759 2032 ¿qué culpas fueron las vuestras
139 2044 636 2078 que así os quiten la vida,
137 2091 675 2126 siendo la misma inocencia?
137 2139 634 2179 ¡Oh todos los que pasais,
143 2187 632 2226 atended, mirad mi pena,
133 2238 680 2273 si hay dolor que á mi dolor
139 2288 691 2327 pueda hacerle competencia!
828 389 1220 425 Solo este Hijo tenia
825 439 1328 476 y por envidia y soberbia,
829 488 1392 523 sin culpa me lo han muerto.
835 536 1386 571 ¡Ay Jesus! que me atraviesa
828 584 1298 621 una espada el corazon.
833 633 1432 670 ¡Ay que la noche se acerca...?
830 682 1308 719 No tenga una sepultura,
827 729 1307 765 ni una mortaja siquiera:
835 778 1448 813 no hay quien de la Cruz lo baje:
829 829 1439 868 ¿qué hará esta esclava vuestra?
836 878 1302 911 Angeles de mi custodia
831 924 1379 961 ¿cómo no aliviais mi pena?,
834 973 1352 1010 Los ángeles respondieron;
835 1020 1356 1056 ano nos han dado licencia
833 1069 1366 1105 de bajar, que vuestro Hijo
835 1119 1430 1155 no corre por nuestra cuenta.)
850 1166 1340 1206 Volvió la Virgen los ojos,
836 1216 1343 1254 y viendo que viene cerca
838 1264 1292 1300 una cuadrilla de gente
840 1312 1342 1351 que traian dos escaleras,
838 1362 1228 1397 le dijo sobresaltada
839 1410 1370 1445 á S. Juan, de esta manera:
839 1457 1376 1496 ¿dime, Juan, hijo querido,
839 1508 1407 1545 ¿sabes qué gente es aquella?
841 1558 1367 1595 ¿qué injuria querrán hacer
838 1607 1334 1640 á esta infinita grandeza?
844 1653 1348 1693 S. Juan dijo: Madre mia,
850 1702 1332 1740 dejad y no tengais pena,
852 1751 1382 1791 que son José y Nicodemus,
851 1800 1346 1835 y vendrán á cosa buena.)
852 1849 1374 1887 Llegan los santos varones,
849 1896 1290 1933 viendo la divina Reina
848 1946 1376 1984 al pié de la Cruz llorando,
849 1995 1357 2031 y á su hijo muerto en ella:
848 2043 1356 2081 á sus pies se arrodillaron,
852 2092 1384 2130 comenzaron con gran pena,
842 2140 1360 2178 á espresar su sentimiento,
845 2189 1355 2226 y á las palabras primeras,
855 2238 1314 2273 con la fuerza del dolor
854 2288 1353 2324 todos á llorar comienzan.
