1765 2512
266 138 317 174 6
176 191 721 231 despues de haber penctrado
170 237 667 274 Italia, Francia y España,
169 280 685 317 buscando tu real persona;
169 323 627 365 pero ¿quien imaginara
183 367 717 405 que estuviera una princesa
183 411 677 449 en una cueva encerrada?
185 454 717 495 ¿Posible es que una señora
181 499 735 535 discreta, hermosa y bizarra,
179 542 707 580 siendo princesa en Sicilia,
187 587 653 623 que será reina mañana,
183 630 663 667 así se deja á sus padres
183 675 629 713 y el regalo de su casa,
187 716 679 754 por vivir entre las fieras
184 762 696 797 en esta áspera montaña,
191 805 682 841 con tan conocido riesgo
185 850 714 884 como á su alteza amenaza,
191 894 701 928 sola en aqueste destierro,
196 938 744 972 niña y con tan linda cara?
187 981 673 1018 ¿Por qué quieres imitar
191 1026 622 1059 á Maria la Egipciaca,
190 1070 687 1102 si ella fué tan pecadora,
195 1113 677 1151 y tú inocente te hallas?
193 1157 791 1190 si tú á Dios no has ofendido,
197 1200 777 1239 ¿por qué con rigor te tratas?
204 1244 722 1277 Vamos, señora á palacio,
209 1286 705 1321 que tu padre nos aguarda
206 1331 754 1364 tan penado de tu ausencia,
205 1374 708 1409 que solo espirar le falta:
211 1418 705 1455 y si por tu causa muere,
204 1461 664 1495 te acreditas de tirana;
205 1503 817 1543 y el ser cruel con los padres
211 1547 845 1582 no es justo, ni Dios lo manda.
215 1591 771 1630 ¿Qué me respondes, señora?
207 1634 805 1670 Resuélvete ya: ¿qué aguardas?
215 1680 737 1717 porque si no te resuelves,
216 1724 722 1757 aunque al decoro faltara,
221 1768 824 1802 te habré de llevar por fuerza,
224 1808 779 1845 ó dejarte aquí con guagdas
221 1853 799 1889 hasta dar cuenta á tu padre,
221 1897 824 1933 que es quien buscarte manda.
227 1940 715 1975 Oyendo aqaestas razones
227 1985 751 2019 quedó confusa y turbada,
221 2029 762 2062 sin saber que responderle,
232 2072 729 2108 ni poder hablar palabra.
230 2116 669 2152 Alzo los ojos al Cielo
233 2159 831 2201 y á su amado Esposo llama,
231 2203 711 2240 pidiéndole que la libre
238 2246 816 2282 del peligro en que se halla.
234 2292 630 2327 Acudió crucificado,
234 2334 779 2372 lleno de luces muy claras
897 182 1343 223 y le dice: esposa mia,
895 221 1465 260 no temas, que esa fué traza
891 265 1413 303 del demonio que pretende
891 310 1407 348 amancillar tu constancia;
900 352 1465 389 pero yo siempre te amparo.
895 397 1389 435 Ella respondió humillada:
901 442 1329 477 Soberano dueño mio,
895 484 1448 524 si tu Magestad me ampara,
902 525 1487 566 venga contra mí el infierno,
908 567 1511 611 que con ser mis fuerzas flacas
907 613 1327 653 antes perderé la vida
907 655 1497 697 que falte yo á mi constancia.
908 701 1409 743 La estimó Dios la fineza
907 746 1367 785 con amorosas palabras,
913 788 1413 831 y desclavándose un brazo
911 833 1403 871 estrechamente la abraza,
915 875 1381 915 arrimándola al costado
920 919 1325 958 dejándola confortada
923 962 1394 1003 para mayores empresas
922 1005 1477 1046 como adelante la aguardan.
915 1049 1409 1092 E! demonio muy corrido
919 1093 1407 1138 procuró tomar venganza
920 1140 1389 1180 en su delicado cuerpo,
928 1180 1511 1222 ya que no pudo en el alma,
924 1226 1379 1266 tomando forma visible,
927 1267 1397 1311 la dice con voz airada:
936 1312 1459 1354 loca, hipócrita, embustera,
921 1357 1293 1398 atrevida temeraría
931 1398 1439 1444 ¿qué haces en esa cueva,
928 1441 1367 1484 donde vives ignorada?
937 1485 1485 1530 ¿piensas engañar al mundo,
931 1527 1497 1573 porque te tengan por santa?
934 1572 1405 1614 de todos estos engaños
937 1617 1487 1657 tendrás muy presto la paga,
941 1660 1461 1702 porque tu padre ya viene
943 1704 1351 1745 á llevarte meniatada
937 1747 1483 1793 y á encerrarte como loca,
939 1786 1582 1835 que ese el premio que aguarda
951 1832 1513 1877 quien dá crédito á ilusiones
951 1879 1329 1923 y fantasias soñadas.
946 1919 1506 1964 Ya perdiste el ser Princesa
949 1965 1435 2009 y de tu padre la gracia;
955 2009 1433 2052 pero si librarte quieres,
954 2048 1603 2094 vete á España ó vete á Francia,
959 2096 1401 2139 que allí vivirás segura
963 2140 1395 2181 y serás muy estimada.
963 2184 1433 2226 Vete, que si no te vas,
955 2224 1557 2273 pondré fuego á esta montaña,
967 2267 1557 2313 ó haré que una horrible fiera
969 2313 1521 2357 te despedace en sus garras.
