1660 2460
241 215 282 256 2
156 268 658 300 y ejemplar de penitentes.
156 312 586 343 Para que todo imitara
149 355 542 386 al divino precursor,
147 398 696 432 quiso que fuese anunciada,
152 443 702 474 á asi dispuso que un ángel
147 485 551 517 á su madre visitara,
152 529 564 561 y la noticiase el dia
149 573 699 606 del feliz parto que aguarda,
155 617 601 649 y que la dichosa niña,
153 660 634 692 cuando reciba la gracia
153 703 673 735 en el primer Sacramento
158 747 708 779 de nuestra Iglesia Romana,
151 790 614 823 que la llamen Rosalia,
164 834 733 868 que asimismo Dios lo manda,
163 878 713 911 porque quiere que sus rosas
161 921 724 954 que son timbre de su casa,
149 964 696 997 al nacer la den el nombre
163 1009 637 1041 y al morir la coronaran.
150 1053 732 1086 Nació esta hermosa princesa,
153 1095 696 1130 y aunque fué tan deseada,
156 1141 574 1173 no nació para reinar,
157 1183 696 1217 que como prenda tan alta,
164 1227 642 1259 desde sus primeros años
153 1271 684 1302 la tuvo Dios tan guardada,
160 1315 742 1348 que hasta su dichosa muerte,
163 1359 693 1390 vivió siempre resguardada.
160 1403 586 1434 Criábase aquesta niña,
157 1444 614 1477 y las primeras palabras
159 1489 714 1522 que pronunció en su niñez,
155 1533 739 1566 fue decir con voz muy clara:
155 1577 549 1610 Jesus, María y José;
153 1620 672 1653 y desde su tierna infancia
157 1664 655 1697 fue inclinada á la virtud
155 1708 641 1740 y diestra en ejereitarla;
161 1750 757 1783 que aunque tenian sus padres
157 1796 710 1827 maestras que la enseñaran,
157 1839 670 1870 escedió su entendimiento
163 1883 716 1915 las reglas de la enseñanza.
156 1927 646 1958 Era discreta y hermosa,
157 1972 661 2002 muy honesta y recatada,
157 2013 794 2045 y aunque princesa, era humilde
155 2058 706 2090 en la condicion muy llana,
159 2102 746 2134 muy piadosa con los pobres,
163 2145 747 2177 y en dar lismona muy franca.
154 2189 779 2221 Mas como siempre á los niños
164 2232 619 2264 todo lo vistoso agrada,
152 2277 670 2309 con el trage de princesa
156 2321 744 2353 se fue inclinando á las galas,
149 2365 660 2397 como niña y no por eso
173 2410 655 2441 izo su virtud mudanza.
874 267 1375 301 Siendo ya de doce años,
877 311 1404 342 trata el padre de casarla
876 355 1348 386 con el conde Valduino,
875 397 1438 431 sobrino del rey de Francia,
876 439 1253 471 y deudo de rosalia
879 484 1429 516 para que los dos reinaran.
874 527 1366 559 Mas como Dios la tenia
888 570 1327 606 para corona mas alta,
884 613 1288 647 escogida por esposa,
883 657 1358 690 vino amante á visitarla.
883 702 1454 734 Estando en su cuerto un dia
877 746 1306 778 ricamente aderezada,
877 788 1414 821 le dió una dama el espejo
884 834 1422 865 para que en él se mirara,
878 876 1396 910 y al ver en él su rostro,
890 918 1394 952 vió á la Imagen soberana
875 964 1292 996 de Cristo crucificado,
883 1007 1422 1039 vertiendo sangre sus llagas,
880 1050 1437 1083 y que con voz muy sentida
884 1094 1364 1126 la decia estas palabras:
874 1138 1352 1172 mira cual estoy por tí,
873 1182 1342 1214 Rosalia, mal me pagas
875 1225 1456 1257 si á la vanidad te entregas;
878 1268 1374 1303 deja esas profanas galas,
884 1313 1368 1345 y si quieres hermosura,
875 1357 1349 1388 á tu rostro color saca
879 1400 1371 1431 de esta roja sangre mia,
875 1442 1490 1476 que por tu amor se derrama;
879 1488 1392 1522 has de mis espinas joyas,
882 1530 1374 1563 y estarás mas adornada,
887 1573 1500 1606 que las que en el pecho tienes
876 1618 1394 1651 son lazos para las almas,
881 1662 1494 1694 con que el demonio aprisiona
886 1706 1470 1738 a cuantos de mi se apartan,
883 1749 1326 1781 buscando su perdicion
883 1794 1366 1825 en la liviandad profana.
876 1838 1376 1869 Si deseas ser mi esposa,
884 1879 1390 1913 y quieres lograr la palma
883 1924 1368 1958 de mis amadas esposas,
877 1967 1398 2001 vete al Salvador mañana,
877 2012 1420 2044 y allí harás solemne voto,
880 2055 1517 2087 que es mi gusto que lo hagas.
879 2099 1304 2131 Recibe Sacramentado
879 2143 1440 2175 mi Cuerpo, porque tu alma
876 2187 1444 2221 se limpie de tus descuidos,
875 2229 1436 2262 y se adorne con mi gracia.
883 2274 1414 2306 Entonces serás mi esposa,
884 2318 1398 2351 dándome mano y palabra
874 2363 1382 2395 de ser como esposa mia,
1296 2405 1433 2443 y casta.
876 2407 1231 2440 humilde, obedient
