1765 2512
276 159 328 200 8
174 213 678 261 hija del Conde de Rosas,
168 261 628 301 y princesa propietaria,
168 301 657 342 de mi voluntad renuncio
172 345 691 388 cuantas riquezas humanas
168 389 708 432 me tocan y tocar puedan.
166 431 787 478 Y en la misma cueva se hallan
164 475 678 521 en lengua latina escritas,
158 519 634 562 como las dejó la santa.
158 563 690 608 Pasó al monte Peregrino,
159 610 737 650 y el palacio que la aguarda
160 649 608 693 es una cueva horrosa,
153 692 628 737 muy fria y desabrigada;
156 737 632 780 en un peñon eminente,
153 780 760 828 que está á la orilla del agua,
150 827 736 870 y en un hueco de una pena,
158 867 682 910 de lo ancho de dos varas
152 911 602 952 hizo nido esta paloma,
156 957 618 996 y allí tuvo su morada
154 999 664 1041 por tiempo de siete años.
150 1043 651 1084 Y cuando ya se acercaba
152 1084 606 1127 de su partida la hora
143 1128 662 1174 de su amor tan deseada,
144 1171 590 1216 enfermó de calentura;
144 1220 642 1260 y viendose ya postrada,
138 1261 726 1306 pidió á Dios que la conceda,
142 1303 784 1351 que antes que del mundo salga,
132 1347 592 1388 reciba los sacramentos
142 1391 576 1433 para morir consolada.
142 1435 608 1477 Se lo concedió piadoso,
136 1481 638 1522 y á los ángeles les manda
138 1523 622 1566 que partan á la ciudad,
132 1569 604 1608 y que vayan á la casa
132 1609 590 1652 de Cirilo el sacerdote,
127 1652 700 1699 hombre de vida muy santa,
134 1700 606 1739 y de su parte le digan
127 1738 665 1783 que los sacramentos traiga
125 1782 584 1827 á una santa penitente,
132 1827 757 1874 que á la muerte está cercana.
124 1869 616 1916 Fueron los embajadores,
124 1916 586 1957 y dandole la embajada:
128 1957 540 1999 obediente se previno
121 2001 599 2046 de las cosas necesarias.
116 2046 564 2089 Salieron de la ciudad,
888 236 1470 281 y los dos que le acompañan
890 277 1424 323 fueron por todo el camino
896 319 1464 370 alumbrando con dos hachas.
884 364 1361 409 Llegó Cirilo á la cueva
882 407 1302 450 donde Rosalia estaba
883 450 1339 496 en un rincon retirada,
884 492 1347 540 honestamente acostada.
880 538 1372 585 Recibió los Sacramentos,
878 584 1391 630 y luego su esposo manda
878 625 1344 671 cuente á Cirilo su vida
888 669 1326 714 para que la publicara;
884 711 1338 758 se la dijo por estensos
880 758 1347 800 y acabando de contarla
876 799 1320 844 se llenó toda la cueva
880 841 1398 894 de resplandor y fragancia,
877 883 1272 931 y vido Cirilo entrar
880 928 1308 978 á la Vírgen soberana,
876 972 1380 1026 siendo trono de su Hijo,
876 1020 1349 1064 y llegándose a la cama
875 1060 1322 1109 de la enferma Rosalia,
867 1104 1363 1152 estrechamente la abraza.
868 1151 1479 1200 y en los brazos de la Vírgen
864 1190 1350 1240 Rosalia entregó el alma,
860 1235 1456 1288 en las manos de su Esposo,
867 1280 1422 1331 que la puso una guirnalda,
872 1323 1300 1370 y coronada de rosas,
868 1365 1356 1418 del esposo acompañada,
860 1409 1330 1458 de su soberana Madre,
855 1453 1356 1503 ángeles, santos y santas,
855 1498 1427 1549 subió triunfante á la gloria
860 1541 1260 1586 la rosa Palermitana,
864 1585 1378 1635 dejando acá sus reliquias
859 1628 1336 1677 en la cueva sepultadas,
853 1673 1402 1719 dentro de la misma piedra
856 1717 1468 1767 que al cuerpo sirvió de cama;
848 1763 1432 1807 y ahora en el mismo monte
856 1802 1362 1851 tiene su templo la Santa,
856 1850 1400 1893 y es de todas las paciones
852 1890 1276 1934 conocida y venerada.
848 1934 1367 1980 Y así pidamosla humildes
847 1979 1390 2024 nos alcance de Dios gracia
840 2021 1406 2070 de imitarla en su virtudes
840 2071 1382 2112 y libre de peste á España.
739 2117 909 2274 FIN.
620 2304 1024 2355 CARMONA:—1856.
176 2340 1459 2418 Imprenta de D. J. María Moreno, calle Juan de la Cabra, núm. 5.
