1737 2508
1360 236 1386 268 7
1394 252 1399 266 :

261 282 1307 343 LOS ENAMORADOS DE CRISTO
400 1297 1189 1343 RELACION
142 1404 182 1427 en
213 1403 275 1435 que
306 1402 339 1427 se
371 1394 509 1428 declara
539 1394 571 1427 el
604 1396 798 1435 argumento
829 1401 891 1435 que
926 1392 993 1424 han
1025 1390 1138 1423 tenido
1168 1394 1234 1424 tres
1259 1390 1435 1433 religiosos

590 1447 649 1470 con
678 1438 707 1470 el
737 1436 839 1469 Santo
871 1436 993 1468 Padre.

132 1591 152 1622 A
173 1593 227 1622 tan
256 1589 401 1623 sublime
430 1589 572 1632 empeño

84 1636 114 1666 H
136 1634 340 1676 desempeño
364 1644 400 1667 es
416 1634 558 1676 preciso;

85 1679 114 1709 *•1
138 1688 203 1719 que
231 1680 323 1711 fuere
355 1679 559 1711 enamorado

84 1721 124 1752 de
147 1724 189 1754 mi
209 1722 316 1755 Señor
339 1720 538 1755 Jesucristo:

85 1766 255 1806 présteme
283 1766 441 1798 atención
470 1776 515 1798 un
545 1769 629 1803 ralo,

87 1819 100 1840 v
134 1812 266 1853 aplique
289 1810 364 1843 bien
386 1811 415 1842 el
439 1810 526 1848 oido,

86 1862 161 1893 para
187 1864 251 1897 que
280 1864 333 1887 me
355 1853 537 1888 entiendan
560 1853 653 1886 todos

83 1898 185 1930 desde
209 1898 239 1931 el
261 1906 378 1939 mayor
406 1900 435 1930 al
468 1907 538 1930 mas
565 1898 673 1934 chico,

84 1941 153 1974 oirá
182 1944 222 1975 de
249 1952 346 1975 amor
371 1943 417 1974 las
450 1943 585 1980 finezas,

85 1987 275 2019 maravillas
306 1996 321 2027 y
354 1985 530 2028 prodigios.

86 2029 132 2061 En
157 2030 186 2061 la
204 2040 288 2072 gran
305 2030 425 2064 ciudad
452 2031 493 2063 de
513 2031 628 2068 Roma,

84 2073 196 2107 donde
224 2075 253 2107 el
275 2075 408 2108 Vicario
437 2074 476 2107 de
504 2075 608 2108 Cristo

89 2119 176 2150 tiene
198 2128 235 2151 su
264 2118 359 2153 córte
385 2129 401 2161 y
423 2119 562 2159 palacio,

108 2172 150 2196 re
166 2165 242 2197 Dios
257 2163 386 2204 guarde
405 2163 545 2195 muchos
561 2163 673 2205 siglos;

84 2210 86 2243 .
103 2210 122 2239 *.
146 2209 262 2241 fueron
296 2208 313 2240 á
350 2208 468 2240 visitar

104 2262 154 2283 res
182 2251 354 2293 religiosos
386 2252 541 2293 antiguos

98 2296 154 2328 dos
179 2295 232 2328 del
260 2296 355 2329 reino
387 2295 428 2328 de
455 2295 598 2337 España;

91 2335 151 2379 lio
184 2340 224 2373 de
260 2344 356 2374 santo
387 2339 561 2382 Domingo,

811 1592 885 1621 otro
914 1584 955 1621 de
990 1596 1047 1620 san
1080 1586 1218 1628 Agustín

813 1642 830 1665 v
856 1632 885 1665 el
907 1635 981 1664 otro
1015 1632 1057 1664 de
1078 1641 1137 1663 san
1164 1629 1357 1664 Francisco.

813 1678 924 1717 Luego
953 1686 1017 1718 que
1050 1676 1079 1707 le
1110 1674 1289 1707 saludaron

813 1729 876 1753 con
911 1720 958 1752 los
987 1722 1134 1760 respetos
1156 1718 1292 1751 debidos

811 1764 827 1795 á
849 1773 887 1797 su
908 1763 1069 1796 Santidad
1095 1772 1131 1795 so
1150 1762 1284 1794 ofrecen

812 1808 970 1850 disponga
997 1807 1037 1840 de
1062 1815 1117 1839 sus
1143 1805 1314 1838 servicios.

810 1852 881 1894 Dijo
909 1852 939 1884 el
959 1849 1123 1884 Pontífice
1153 1854 1326 1882 entonces;

810 1905 923 1928 nunca
946 1905 989 1927 en
1011 1895 1055 1927 mi
1075 1894 1248 1936 presencia
1267 1893 1308 1926 he
1326 1892 1411 1926 visto

813 1944 878 1972 tres
904 1939 1075 1980 capitanee
1101 1947 1170 1970 mas
1197 1937 1313 1970 nobles

811 1984 850 2016 de
882 1984 910 2015 la
937 1982 981 2016 Fé
1013 1983 1053 2014 de
1075 1982 1273 2015 Jesucristo;

812 2037 828 2068 y
849 2027 880 2060 el
908 2026 1047 2060 coronel
1066 2035 1132 2068 que
1159 2034 1217 2066 soy
1247 2035 1296 2066 yo,

811 2071 829 2103 á
853 2070 955 2113 quien
986 2070 1061 2104 todo
1079 2071 1110 2102 el
1132 2068 1359 2103 cristianismo

811 2124 874 2148 con
895 2115 959 2148 mis
982 2115 1123 2149 órdenes
1148 2122 1297 2154 espresas

811 2160 921 2202 sujeto
949 2168 1007 2192 sus
1037 2155 1214 2190 alvodríos:

811 2214 828 2244 y
848 2212 931 2246 pues
954 2212 1018 2244 que
1042 2203 1156 2244 juntos
1176 2205 1334 2237 estamos,

810 2248 929 2281 hemos
952 2248 992 2280 de
1015 2246 1129 2278 hablar
1151 2255 1193 2278 un
1220 2244 1357 2287 poquito

810 2293 852 2325 de
872 2291 922 2323 las
945 2296 1015 2324 tres
1034 2288 1163 2324 divinas
1193 2290 1291 2322 obras

811 2344 875 2379 que
907 2340 1046 2370 nuestro
1071 2335 1146 2369 Dios
1173 2333 1304 2368 infinito
