1765 2512
205 189 298 233 quiso
327 190 429 225 hacer
457 201 516 234 por
544 192 684 226 redimir

205 246 221 268 a
247 235 295 268 los
320 236 478 270 hombres
510 237 561 270 del
591 237 734 279 peligro,,

203 289 268 321 que
293 280 346 312 fué
370 290 538 316 encarnar
563 291 580 323 y
609 282 725 319 morir,

203 334 226 365 y.
247 324 410 365 quedarse
437 327 622 358 Jesucristo

203 370 465 402 Sacramentado
497 380 538 402 en
569 371 599 402 la
636 369 753 403 tierra,

202 413 248 446 líe
274 416 362 445 estos
387 414 530 453 grandes
554 414 750 453 beneficios,

203 466 221 498 y
249 460 314 488 tres
340 457 370 488 di
376 458 404 489 vi
412 467 467 489 ríos
495 458 660 491 Misterios

201 500 293 541 ¿cual
303 500 342 532 de
357 502 439 533 ellos
464 511 534 533 mas
551 503 676 543 grande
692 503 732 535 ha
744 501 837 536 sido?

204 556 219 585 y
245 545 275 577 al
293 553 357 585 que
379 555 449 578 mas
474 545 565 579 claro
590 547 621 579 lo
640 547 764 589 pruebe

202 589 241 621 de
264 589 312 620 los
336 592 410 621 -tres
434 598 476 621 en
497 593 568 623 este
592 591 687 629 sitio,

200 633 232 665 Je
260 633 300 664 be
330 631 370 665 de
390 633 449 665 dar
474 643 538 665 una
562 634 694 676 imagen

201 675 350 717 preciosa
378 677 419 709 de
445 687 489 709 un
518 679 687 721 Crucifijo,

202 730 266 761 que
294 719 352 753 mil
385 721 531 754 ducados
560 723 601 755 de
622 724 733 764 precio

201 765 291 797 íiene
321 773 379 805 por
405 764 548 799 número
568 767 634 809 fijo.

203 807 303 840 Habló
324 809 354 840 el
380 808 567 846 Dominico,
596 821 613 852 y
634 811 717 845 dice:

200 860 306 893 según
338 852 368 884 el
392 857 557 895 concepto
584 854 662 894 mió,

201 896 276 937 digo
305 905 369 938 que
404 896 456 929 l'ué
483 897 513 930 el
543 907 722 934 encarnar.

202 941 227 972 Y
248 939 424 981 respondió
448 942 476 973 el
503 942 678 984 Agustino:

200 994 240 1025 yo
272 984 348 1025 digo
379 994 443 1026 que
469 986 522 1019 fue
543 987 573 1019 el
602 988 716 1020 morir.

204 1028 271 1069 Dijo
294 1031 458 1061 entonces
483 1031 511 1061 el
533 1030 726 1065 Francisco:

202 1075 231 1108 el
260 1072 386 1113 quedar
409 1073 693 1115 Sacramentado,,

200 1127 258 1153 ese
285 1127 319 1149 es
348 1126 462 1157 mayor
492 1117 669 1152 beneficio,

203 1166 262 1197 bes
291 1170 411 1203 repuso
440 1160 471 1193 el
505 1162 607 1195 l’adre
638 1163 752 1197 Santo:

204 1216 284 1249 pues
312 1205 389 1238 todo
416 1205 446 1238 lo
468 1215 533 1247 que
562 1206 676 1241 habéis
694 1208 794 1240 dicho

199 1249 419 1294 pongámoslo
445 1259 485 1282 en
514 1249 697 1288 discusión,

200 1305 218 1336 y
238 1296 318 1329 cada
340 1294 414 1326 eual
441 1303 479 1327 su
508 1295 640 1335 partida

200 1340 307 1382 puede
339 1337 510 1373 defender,
549 1348 703 1374 veremos

200 1384 301 1425 quien
323 1391 357 1414 se
376 1382 460 1414 lleva
484 1383 514 1414 lo
542 1383 700 1416 ofrecido.

200 1429 236 1460 El
272 1424 445 1461 Dominico
472 1427 650 1468 responde:

200 1472 216 1504 á
244 1473 274 1505 lo
301 1471 400 1504 dicho
425 1480 465 1503 no
486 1470 622 1512 desdigo

202 1517 234 1548 ni
257 1525 321 1550 una
349 1514 483 1556 palabra
512 1514 671 1556 siquiera,

199 1570 217 1601 y
245 1569 297 1592 me
325 1562 508 1599 mantengo
525 1568 565 1590 eri
589 1559 619 1591 lo
644 1558 757 1595 dicho;

199 1604 306 1646 repito
330 1604 383 1635 fue
413 1604 442 1635 el
467 1611 636 1636 encarnar

199 1648 229 1680 el
251 1656 345 1681 amor
370 1656 440 1678 mas
466 1646 599 1680 infinito

199 1701 263 1734 que
280 1691 319 1724 ha
336 1690 460 1723 obrado
478 1690 553 1723 Dios
565 1699 624 1733 por
641 1692 689 1723 los
706 1691 876 1729 hombres;

198 1739 238 1769 de
267 1740 335 1769 esta
366 1738 479 1768 suerte
503 1734 557 1768 fué
578 1736 608 1767 el
631 1735 780 1777 prodigio

198 1781 230 1812 la
257 1780 371 1813 madre
411 1780 538 1820 Agreda
567 1779 654 1817 dice,

198 1824 344 1867 capítulo
376 1823 488 1856 veinte
521 1832 537 1864 y
561 1824 658 1856 cinco

197 1879 239 1902 en
270 1879 309 1901 su
338 1869 500 1901 escritura
535 1872 643 1903 santa,

197 1916 328 1954 (cuenta
357 1921 421 1954 que
452 1921 489 1953 yo
515 1921 557 1944 no
577 1912 609 1944 lo
643 1912 727 1953 digo)

197 1968 261 1999 que
279 1968 319 1991 en
341 1958 493 1994 Nazoret,
512 1956 633 1999 pueblo
652 1956 819 1991 hermoso,

197 2003 237 2035 de
264 2012 374 2035 marzo
400 2001 416 2033 á
447 2002 494 2034 los
525 2001 637 2034 veinte
660 2010 675 2040 y
696 1999 807 2036 cinco,

196 2047 227 2078 al
259 2051 362 2088 punto
384 2046 425 2081 de
447 2045 554 2078 media
576 2044 697 2082 noche,

196 2091 328 2123 viernes
355 2089 370 2123 á
396 2091 443 2122 las
475 2089 559 2123 doce
582 2088 731 2125 mismas,

195 2134 271 2176 bajó
291 2135 321 2168 el
339 2134 437 2176 ángel
466 2143 525 2168 san
552 2133 697 2168 Gabriel,

196 2189 214 2221 y
239 2179 278 2212 de
305 2182 374 2211 esta
395 2182 509 2211 suerte
528 2178 557 2210 la
580 2177 619 2210 ha
642 2177 753 2210 dicho:

194 2213 383 2256 Áve-Maria
413 2222 453 2254 de
473 2222 597 2263 gracia,

195 2276 250 2299 sea
269 2267 298 2299 el
335 2267 441 2299 Señor
468 2265 617 2306 contigo,

196 2321 213 2354 y
239 2312 278 2344 do
305 2314 338 2345 tu
369 2310 509 2353 sagrado
542 2310 674 2344 vientre

929 192 1001 226 será
1023 193 1053 227 el
1079 193 1167 229 fruto
1191 196 1341 229 bendito.

929 238 992 270 Mas
1009 238 1050 271 de
1065 239 1163 273 saber
1183 251 1249 283 que
1266 241 1341 273 Dios
1363 240 1478 282 quiere

930 291 995 324 que
1015 292 1053 316 su
1082 284 1259 326 unigénito
1287 284 1359 326 Dijo

929 336 1034 367 venga
1064 326 1081 359 á
1111 337 1281 362 encarnar
1301 338 1342 361 en
1368 333 1402 360 tu
1420 329 1563 363 vientre.

930 371 971 403 Da
998 369 1121 413 Virgen
1152 374 1192 406 ha
1222 372 1434 414 respondido:

930 413 1045 454 ¿cómo
1072 418 1113 450 he
1141 417 1182 450 de
1214 426 1368 450 merecer

930 467 975 491 «n
1004 462 1061 493 tan
1094 461 1162 494 alto
1191 460 1371 499 beneficio,

930 502 1045 537 siendo
1068 515 1105 546 yo
1127 514 1193 538 una
1223 504 1339 546 pobre,
1369 515 1433 547 que

929 556 972 580 no
992 551 1092 590 tengo
1117 559 1195 590 para
1232 558 1275 581 un
1307 549 1452 581 vestido'.'

929 601 945 633 y
966 590 984 623 á
1008 602 1080 625 mas
1108 594 1148 626 de
1171 596 1243 625 esto
1271 602 1327 633 soy
1344 602 1414 625 mas
1429 596 1518 626 casta

929 645 994 676 que
1009 637 1041 668 el
1062 637 1111 669 sol
1136 646 1199 670 con
1224 646 1280 669 sus
1301 645 1396 678 rayos
1414 637 1562 678 limpios?

928 680 1046 720 Angel,
1070 680 1184 721 ¿cómo
1207 681 1247 713 ha
1266 680 1305 712 de
1325 690 1378 713 ser
1402 683 1492 714 esto?

931 723 1102 763 ¡Válgame
1130 726 1216 763 Dios,
1235 722 1299 766 qué
1317 725 1476 767 prodigio!

928 767 1045 800 Estaba
1075 769 1105 801 la
1133 768 1304 806 Trinidad,

928 811 976 843 los
999 813 1119 847 Santos
1143 813 1266 847 Padres
1284 814 1314 845 lo
1333 812 1467 851 mismo,

927 855 1090 890 rodeados
1114 857 1154 890 de
1178 860 1248 889 esta
1275 860 1414 894 Aurora,

928 909 943 939 y
965 899 995 931 el
1017 899 1114 942 ángel
1135 903 1163 934 le
1182 901 1222 933 lia
1245 901 1460 941 respondido;

928 952 993 984 que
1016 944 1067 976 sin
1094 945 1173 978 obra
1197 945 1237 977 de
1260 954 1363 978 varón

930 987 968 1019 ha
1002 988 1042 1020 de
1069 998 1123 1021 ser
1153 991 1223 1021 este
1251 988 1412 1030 prodigio;

931 1040 947 1071 y
974 1031 1020 1063 asi
1055 1042 1119 1080 que
1149 1032 1203 1066 dió
1232 1033 1262 1065 la
1290 1033 1430 1066 licencia

929 1075 957 1106 al
994 1075 1137 1117 Espíritu
1164 1076 1287 1114 divino,

929 1127 963 1151 se
997 1119 1027 1151 le
1055 1128 1198 1162 cayeron
1232 1124 1298 1152 tres
1328 1123 1425 1161 golas

929 1162 968 1195 de
992 1173 1030 1195 su
1059 1172 1202 1197 corazón
1227 1163 1339 1197 divino

927 1206 966 1239 de
987 1208 1215 1247 preciosísima
1248 1216 1383 1249 sangre,

930 1252 1156 1296 (maravilloso
1183 1251 1345 1296 prodigio!

927 1294 967 1326 de
997 1295 1044 1326 las
1074 1296 1188 1328 cuales
1224 1305 1259 1328 se
1280 1294 1390 1328 formó

928 1338 956 1370 el
985 1348 1110 1381 cuerpo
1136 1339 1176 1372 de
1200 1340 1396 1373 Jesucristo.

927 1381 1038 1424 Griego
1072 1384 1102 1416 el
1129 1384 1272 1425 Espíritu
1304 1384 1405 1417 Santo

925 1425 998 1459 hizo
1027 1428 1160 1460 sombra
1191 1428 1232 1460 de
1257 1427 1448 1469 improviso,

926 1479 984 1509 por
1014 1472 1043 1504 lo
1074 1481 1138 1513 que
1164 1481 1316 1504 creemos
1348 1481 1382 1504 es

924 1514 1013 1551 Dios,
1045 1516 1147 1549 Padre
1173 1517 1213 1548 de
1239 1515 1439 1552 Jesucristo;,

924 1567 1059 1600 aunque
1079 1569 1120 1592 en
1148 1563 1272 1592 cuanto
1290 1558 1308 1592 á
1322 1559 1461 1592 hombre

926 1602 1025 1643 padre
1052 1604 1203 1646 ninguno
1227 1603 1267 1635 lia
1291 1602 1417 1636 tenido.

924 1647 1034 1680 Madre
1054 1652 1145 1687 tuvo,
1180 1657 1260 1689 pues
1285 1657 1348 1689 que
1372 1646 1426 1680 fué

925 1690 964 1722 de
992 1701 1028 1723 su
1050 1691 1391 1733 sangre.concebido.

925 1734 1070 1776 Después
1099 1736 1129 1768 el
1150 1736 1274 1768 Eterno
1307 1736 1409 1768 Podre

925 1787 1079 1812 amoroso
1110 1789 1126 1821 y
1147 1789 1225 1821 muy
1259 1780 1416 1821 benigno,

926 1821 966 1855 lia
989 1824 1090 1857 unido
1116 1826 1187 1856 este
1211 1832 1339 1865 cuerpo,
1356 1833 1370 1864 y
1387 1824 1474 1856 alma

925 1865 942 1898 á
971 1877 1006 1898 su
1037 1876 1189 1909 persona:
1220 1877 1235 1909 y
1265 1867 1364 1900 unido

923 1911 1031 1953 quedó
1060 1911 1165 1944 hecho
1189 1912 1262 1943 Dios
1281 1921 1297 1952 y
1318 1911 1471 1947 hombre,

925 1955 1001 1987 todo
1028 1966 1069 1988 en
1095 1966 1138 1992 un
1165 1955 1309 1988 instante
1336 1955 1468 1988 mismo,

923 1997 988 2030 ííav
1018 2009 1112 2031 amor
1135 2009 1199 2042 que
1221 2000 1261 2031 de
1282 2009 1356 2040 aquí
1384 2000 1471 2040 pase!

923 2043 948 2076 Y
974 2043 1004 2075 el
1029 2044 1131 2077 Padre
1155 2044 1260 2077 Santo
1278 2043 1307 2075 le
1329 2043 1367 2075 ha
1387 2043 1498 2076 dicho:

923 2087 1023 2128 padre
1058 2086 1232 2120 Dominico
1258 2087 1365 2125 basta;

922 2132 1071 2173 oigamos
1101 2132 1131 2164 al
1158 2131 1333 2174 Agustino,

922 2184 986 2215 que
1015 2176 1088 2209 dice
1114 2186 1178 2217 que
1211 2184 1245 2207 es
1271 2175 1300 2207 el
1326 2176 1428 2210 morir

923 2229 964 2251 en
1000 2229 1067 2252 una
1092 2229 1171 2253 cruz
1195 2221 1392 2257 Jesucristo;

921 2273 985 2304 que
1012 2264 1043 2296 lo
1077 2265 1200 2306 pruebe
1228 2273 1269 2296 en
1297 2268 1509 2308 argumento.

922 2308 1023 2340 Habló
1055 2309 1153 2350 luego
1185 2308 1216 2341 el
1240 2309 1415 2349 Agustino,
