1737 2508
158 208 176 240 y
197 200 238 234 ha
260 202 371 242 dicho,
396 212 461 238 una
486 215 547 240 vez
569 207 602 241 lo
623 209 699 253 dije,

155 252 173 283 y
201 254 253 279 me
271 251 456 289 mantengo
476 259 517 283 en
544 252 576 286 lo
601 253 710 288 dicho.

152 287 234 330 JMgo
248 301 313 333 que
333 292 438 325 haber
460 300 597 330 muerto
620 307 663 334 en
680 309 766 335 cruz,

152 332 207 365 fue
230 337 260 367 el
289 345 384 369 amor
403 346 473 370 mas
496 340 631 375 infinitó

151 385 217 417 que
236 379 355 412 abrazó
380 389 440 423 por
462 382 510 415 los
535 384 704 426 hombres;

150 423 373 457 escuchadme
399 426 430 457 lo
461 435 526 468 que
548 428 636 471 digo;

150 472 193 496 no
223 466 296 499 diré
323 477 360 509 ya
381 468 422 501 de
447 479 484 503 su
519 471 607 511 vida,

149 507 198 540 los
222 511 432 549 cansancios,
459 514 508 547 los
531 517 724 557 martirios,,

149 551 183 583 ni
208 562 250 586 en
276 555 306 588 el
338 557 444 597 portal
472 558 512 591 de
538 560 639 597 llclen

149 604 250 630 nacer
270 598 301 631 al
327 600 415 641 rigor
444 601 496 635 del
519 604 593 636 frió:

146 649 210 680 que
232 651 275 674 no
300 643 415 685 quiero
432 654 486 678 sor
509 648 664 688 molesto,

145 684 282 718 hablaré
309 687 349 720 de
379 689 412 721 lo
439 690 582 731 preciso:

143 728 295 763 sabemos
327 740 392 772 que
417 733 471 766 fue
503 738 653 777 azotado,

143 780 204 804 nos
231 778 348 807 consta
368 785 434 818 que
462 777 517 811 fué
546 783 706 825 escupido

141 824 184 848 en
208 817 305 859 aquel
329 824 438 853 rostro
467 825 619 864 sagrado,

141 868 213 892 mas
232 862 389 897 hermoso
408 874 475 906 que
494 866 523 899 el
545 870 595 902 sol
617 870 750 910 mismo»

140 913 204 945 que
237 908 345 939 tantas
369 917 468 942 veces
498 910 651 949 besaron-

138 949 291 991 aquellos
318 950 424 985 labios
451 952 582 989 divinos

137 992 178 1024 de
208 991 305 1026 María
334 1000 470 1030 nuestra
499 999 623 1040 Madre,

139 1043 214 1074 ¡con
238 1034 304 1079 qué
327 1047 411 1078 pena
441 1050 505 1082 que
522 1043 554 1076 lo
570 1045 667 1089 digo!:

138 1079 214 1112 Ificc
242 1089 301 1112 san
334 1082 607 1127 buenaventura,

135 1122 243 1156 dando
272 1133 332 1165 por
356 1125 498 1162 número
519 1130 585 1173 fijo,

134 1174 199 1207 que
219 1166 332 1201 ciento
355 1178 372 1210 y
402 1171 460 1204 dos
489 1174 659 1212 bofetadas

134 1210 166 1242 le
193 1210 307 1245 dieron
322 1211 338 1244 á
365 1214 564 1257 Jesucristo,

133 1263 151 1294 y
173 1253 330 1289 derramó
358 1266 399 1290 en
429 1269 465 1293 su
497 1259 612 1303 pasión

132 1297 164 1329 el
193 1299 298 1332 Señor
325 1302 542 1344 esclarecido,

132 1341 320 1376 doscientas
336 1347 498 1381 cuarenta
522 1352 583 1384 mil

130 1389 224 1425 gotas
245 1386 289 1421 de,
306 1397 438 1431 sangre,
460 1402 524 1434 que
548 1396 610 1429 han
629 1397 712 1435 sido,

129 1429 279 1463 virtudes
306 1440 383 1473 para
413 1435 463 1468 los
490 1438 648 1474 hombres

130 1474 222 1506 todos
252 1480 329 1516 para
348 1476 560 1521 redimirnos;

128 1526 145 1557 y
162 1518 301 1551 estando
318 1526 433 1564 puesto
451 1534 493 1557 en
516 1527 545 1558 la
566 1538 645 1561 cruz

127 1562 283 1602 permitió
315 1566 412 1605 aquel
442 1567 548 1603 Señor
569 1572 690 1606 misino

125 1604 158 1637 le
188 1605 303 1641 dieran
338 1617 404 1642 una
431 1611 582 1651 lanzada,

126 1658 189 1690 que
210 1649 263 1684 fué
285 1652 314 1685 la
332 1661 396 1693 que
413 1654 467 1689 dio
493 1658 661 1700 Lonjinos,

124 1701 189 1734 que
217 1695 246 1727 le
266 1697 420 1730 atravesó
450 1701 481 1733 el
510 1704 660 1741 costado,

122 1745 141 1777 y
171 1746 233 1770 con
259 1739 446 1775 clamoroso
472 1746 559 1786 grito

121 1781 263 1824 entregó
291 1784 320 1816 el
347 1784 488 1827 Espíritu
510 1790 540 1823 al
562 1791 678 1830 Padre,

122 1832 138 1864 y
168 1824 186 1856 á
215 1827 262 1858 los
294 1829 450 1863 hombres
476 1833 643 1876 liniquito.

121 1868 186 1909 May
216 1880 309 1904 amor
327 1882 391 1913 que
409 1874 448 1907 de
467 1876 547 1919 aquí
572 1883 668 1919 pase?

123 1912 144 1943 V
172 1913 202 1944 el
227 1915 330 1948 Padre
353 1917 455 1952 Santo
480 1921 511 1953 le
539 1923 622 1963 dijo;

118 1955 210 1990 basta
227 1968 278 1999 ya,
304 1962 481 2003 Agustino,
510 1965 617 2005 basta,

116 2008 181 2040 que
201 2006 294 2044 estoy
321 2004 456 2040 absorto
474 2008 515 2041 de
536 2011 637 2052 oiros,

116 2052 131 2084 y
160 2044 188 2076 el
221 2055 361 2080 corazón
390 2050 572 2093 palpitante

115 2090 216 2129 tengo
244 2090 285 2123 de
308 2092 403 2126 dolor
429 2096 569 2135 partido.

114 2131 256 2174 Empezó
281 2135 310 2168 el
342 2136 580 2179 Franciscano,

111 2183 127 2215 y
156 2176 197 2208 do
216 2182 286 2211 esta
312 2185 425 2215 suerte
451 2184 499 2216 Íes
526 2185 605 2229 dijo:

110 2220 215 2254 cierto
241 2232 276 2254 es
298 2234 362 2265 que
385 2228 531 2261 encarnó
556 2241 571 2272 y
587 2232 695 2265 murió

107 2271 169 2304 por
196 2264 246 2298 los
265 2267 422 2302 hombres
457 2272 654 2311 Jesucristo:

109 2315 179 2340 mas
212 2319 270 2352 por
295 2313 439 2353 especial
466 2316 560 2352 favor

881 225 944 250 nos
969 217 1035 260 dijo
1059 220 1158 261 aquel
1181 220 1288 257 Señor
1315 223 1447 259 mismo;

880 261 960 295 Para
989 271 1054 305 que
1085 264 1115 296 el
1144 266 1284 300 hombre
1319 279 1375 302 vea

878 303 909 337 lo
938 315 1002 348 que
1034 308 1065 340 le
1096 310 1214 349 quiero
1243 321 1258 353 y
1279 313 1412 352 estimo,

876 348 908 381 le
931 349 972 383 he
1002 351 1043 384 de
1074 352 1133 384 dar
1151 353 1197 385 mi
1211 364 1335 398 cuerpo
1354 365 1371 399 y
1391 367 1513 400 sangre

874 389 892 424 á
918 402 1033 427 comer
1061 397 1200 429 estando
1232 400 1320 437 vivo,

874 444 1008 480 aunque
1036 448 1090 472 sea
1119 440 1136 472 á
1165 441 1213 474 los
1239 442 1428 483 blasfemos,

873 488 938 522 que
965 491 1000 515 es
1026 481 1043 516 á
1077 483 1127 516 los
1160 494 1225 526 que
1252 496 1323 520 mas
1357 490 1528 527 abomino,

871 532 999 568 porque
1008 526 1072 568 hay
1089 527 1250 562 hombres
1269 540 1310 564 en
1331 532 1361 564 el
1379 534 1507 568 mundo

872 571 927 601 tan
950 579 1123 611 perversos
1148 582 1164 612 y
1186 574 1362 616 malignos,

869 620 935 653 que
955 614 1020 646 han
1040 614 1229 650 maldecido
1249 618 1342 651 hasta
1353 621 1384 653 el
1397 621 1526 655 vientre

869 663 910 688 en
932 656 1043 691 donde
1073 658 1117 691 fui
1142 661 1338 696 concebido.

868 699 893 731 Y
914 700 941 732 si
958 703 1191 744 arrepentidos
1214 705 1327 747 llegan

868 743 885 776 á
919 746 1016 786 aquel
1038 746 1168 789 manjar
1193 747 1337 788 infinito,

868 788 1017 821 también
1049 791 1109 831 hoy
1137 791 1376 833 misericordia,

868 839 994 873 porque
1020 834 1089 866 está
1111 834 1167 867 allí
1194 836 1377 872 Jesucristo

865 876 1114 911 convidándose
1138 888 1306 919 amoroso,

866 918 1013 953 dándose
1033 919 1051 954 á
1072 931 1187 956 comer
1208 924 1376 966 benigno;,

866 963 1015 997 también
1048 965 1066 998 á
1094 967 1141 1000 los
1173 969 1377 1004 salteadores

865 1016 928 1048 que
948 1008 1059 1042 andan
1091 1019 1149 1051 por
1172 1011 1220 1044 los
1240 1014 1403 1051 caminos,

864 1059 881 1091 y
912 1060 971 1093 por
1000 1054 1099 1086 robar
1123 1055 1154 1087 lo
1171 1064 1235 1096 que
1257 1057 1342 1089 lleva

862 1094 895 1127 le
917 1096 1033 1137 quitan
1061 1098 1077 1129 á
1101 1107 1147 1130 un
1170 1099 1342 1140 pobrecito

861 1144 1115 1181 amargamente
1140 1143 1169 1175 la
1203 1143 1290 1181 vida,

860 1181 958 1224 dejan
986 1184 1037 1217 sin
1071 1184 1172 1226 padre
1191 1186 1242 1220 los
1262 1188 1360 1231 hijos,

859 1225 877 1259 á
899 1228 928 1259 la
952 1237 1026 1261 casa
1049 1229 1100 1263 sin
1132 1232 1294 1267 consuelo

858 1278 879 1311 y
896 1270 912 1303 á
934 1271 963 1304 la
984 1281 1104 1313 muger
1131 1274 1183 1306 sin
1207 1276 1348 1313 marido;

858 1322 928 1347 mas
951 1316 978 1348 si
1001 1317 1232 1358 arrepentidos
1257 1319 1383 1354 buscan

856 1359 954 1399 aquel
979 1361 1111 1401 manjar
1144 1361 1288 1401 infinito,

857 1403 1004 1437 también
1032 1405 1093 1446 hay
1113 1405 1355 1443 misericordia,

854 1454 980 1489 porque
999 1448 1070 1480 está
1094 1448 1156 1483 allí
1181 1450 1376 1489 Jesucristo,

853 1490 1102 1527 convidándose
1128 1502 1295 1532 amoroso,

852 1532 999 1568 dándose
1031 1535 1049 1568 á
1072 1545 1187 1569 comer
1218 1538 1377 1581 benigno,

851 1585 868 1617 y
895 1579 1042 1611 también
1068 1580 1097 1612 la
1119 1580 1367 1620 inobediencia,

850 1630 915 1662 que
946 1631 981 1655 es
1007 1632 1050 1655 un
1081 1624 1205 1665 pecado
1234 1627 1358 1665 inicuo,

851 1673 931 1706 pues
952 1668 1001 1700 los
1023 1667 1105 1709 hijos
1130 1677 1196 1710 que
1216 1669 1233 1702 á
1265 1670 1314 1704 los
1335 1672 1453 1714 padres

850 1718 893 1741 no
923 1708 1092 1746 obedecen
1123 1721 1201 1754 muy
1231 1714 1394 1757 propicios

850 1751 867 1785 á
888 1754 1046 1788 observar
1075 1759 1198 1789 cuanto
1225 1759 1274 1791 les
1291 1760 1436 1793 mandan

847 1805 1004 1831 merecen
1035 1809 1080 1833 un
1115 1809 1198 1842 gran
1228 1804 1366 1845 castigo,

845 1849 924 1882 para
944 1842 1107 1886 ejemplar
1131 1844 1172 1876 de
1192 1846 1241 1879 las
1262 1852 1380 1889 gentes

844 1885 1056 1922 condenadas
1091 1888 1122 1920 al
1150 1888 1292 1929 abismo;

843 1937 862 1968 y
885 1939 949 1962 con
975 1941 1019 1964 un
1046 1932 1117 1965 solo
1142 1940 1344 1975 argumente

843 1973 1006 2016 concluyo
1038 1976 1115 2009 todo
1150 1977 1179 2008 lo
1209 1979 1319 2013 dicho.

842 2016 922 2050 Tres
950 2028 1084 2061 esposas
1107 2029 1193 2054 caen
1222 2024 1340 2060 malas,

842 2060 925 2102 llega
948 2064 978 2095 el
1007 2063 1137 2097 módico
1159 2064 1175 2097 á
1207 2076 1244 2099 su
1266 2068 1402 2106 auxilio,

842 2113 859 2144 y
884 2105 1045 2146 pulsando
1065 2107 1082 2140 á
1108 2108 1139 2141 la
1161 2111 1306 2151 primera

841 2153 930 2182 estas
956 2151 1107 2193 palabras
1136 2154 1176 2186 lia
1201 2154 1312 2190 dicho:

838 2197 908 2225 esta
929 2198 1046 2229 señora
1076 2205 1118 2229 rio
1147 2207 1225 2231 sana

835 2236 907 2269 sino
941 2237 1013 2281 deja
1042 2240 1059 2272 á
1080 2249 1116 2272 su
1144 2243 1284 2282 marido,

837 2289 876 2313 su
903 2290 977 2314 casa
1010 2282 1126 2317 caudal
1152 2296 1168 2327 y
1189 2287 1364 2327 hacienda,

837 2333 855 2366 y
884 2334 981 2361 como
1008 2337 1051 2361 un
1088 2329 1190 2370 pobre
1213 2333 1368 2375 mendigo
