1765 2512
136 288 193 319 por
222 282 277 310 ese
308 274 434 309 mundo
456 282 491 306 se
522 271 574 305 vá.

136 323 172 354 El
195 320 323 355 marido
354 321 394 352 lia
412 316 623 359 respondido:

137 367 163 398 si
199 375 241 398 no
258 375 294 397 es
315 373 385 397 mas
402 372 467 404 que
486 370 543 394 eso
572 361 601 393 al
625 357 772 391 instante

139 420 200 451 \oy
230 411 261 442 al
297 411 402 449 punto
429 405 447 438 á
478 405 580 438 hacer
603 403 636 435 lo
659 401 772 437 dicho,

139 462 267 495 porque
296 452 382 484 vivir
406 450 455 482 sin
493 449 537 481 mi
567 455 694 488 esposa;

136 497 184 529 mi
212 497 287 529 vida
316 505 355 537 yo
388 504 431 527 no
451 494 481 525 la
511 493 644 525 estimo.

136 541 214 573 Esto
240 541 294 573 fue
320 542 350 571 lo
380 547 445 579 que
475 536 548 568 hizo
576 535 664 572 Dios,

137 589 211 617 esto
237 584 357 616 mismo
385 583 440 614 fue
465 581 497 613 lo
522 589 587 622 que
611 578 697 616 hizo,

136 629 168 660 el
198 635 366 661 encarnar
393 635 435 658 en
469 624 570 657 Maria

138 676 195 704 tan
224 671 433 704 sabiamente
467 667 599 701 infinito

135 716 216 748 vino
239 715 257 747 á
282 719 373 748 estar
404 716 501 745 entre
529 712 580 744 los
602 708 775 746 hombres,

138 769 156 800 y
189 759 331 792 hacerse
356 757 459 799 pobre
481 755 650 796 mendigo.

135 803 249 844 Luego
278 801 311 836 el
335 800 467 834 médico
482 798 646 841 pulsando

138 856 156 878 n
186 847 217 879 la
250 845 400 887 segunda
428 844 469 877 ha
502 842 600 876 dicho

137 894 210 922 osla
240 892 361 923 señora
393 898 435 921 no
459 896 541 920 sana

139 934 167 966 si
198 942 242 966 no
273 942 391 967 muere
419 941 456 965 su
482 930 612 964 marido

139 987 182 1010 en
215 987 282 1010 una
314 978 447 1010 muerte
476 976 658 1012 afrentosa,

138 1030 156 1062 y
187 1021 301 1054 recibe
330 1019 387 1053 mil
417 1018 599 1051 martirios.

141 1065 177 1096 El
206 1064 336 1098 marido
369 1063 434 1105 dijo
468 1067 647 1099 entonces;

138 1108 262 1150 llágase
290 1108 321 1140 al
352 1111 456 1150 punto
482 1107 514 1139 lo
544 1105 656 1140 dicho,

140 1154 310 1193 quitarme
342 1155 463 1193 pronto
495 1151 526 1183 la
559 1149 646 1186 vida,

140 1206 207 1238 que
233 1196 264 1228 la
296 1196 370 1228 vida
407 1203 450 1227 no
476 1194 509 1227 la
542 1193 662 1226 estimo

140 1241 166 1271 si
199 1240 241 1272 lie
269 1240 309 1272 do
335 1238 421 1272 vivir
451 1237 502 1270 sin
532 1236 579 1269 mi
600 1243 730 1277 esposa.

140 1284 219 1316 Esto
246 1282 302 1316 fué
326 1284 359 1316 lo
386 1290 451 1324 que
479 1282 556 1314 Dios
584 1279 659 1312 hizo

142 1337 184 1359 en
213 1327 360 1369 padecer
388 1336 447 1368 por
472 1325 523 1358 los
549 1323 706 1356 hombres

141 1375 238 1404 tanto
270 1371 380 1404 colmo
409 1370 450 1402 de
483 1367 665 1403 martirios,

140 1415 236 1448 hasta
252 1424 318 1456 que
338 1413 447 1447 rindió
466 1422 508 1446 en
532 1413 562 1445 la
583 1419 662 1445 cruz

142 1459 173 1491 el
210 1458 331 1491 último
358 1456 554 1500 parasismo.

141 1503 242 1544 Sigue
271 1502 302 1535 el
330 1501 463 1535 medico
495 1510 513 1541 y
543 1498 706 1541 pulsando

142 1545 159 1578 á
190 1549 220 1579 la
255 1550 387 1580 tercera
418 1546 459 1578 ha
484 1544 594 1578 dicho:

142 1594 213 1623 esta
238 1592 360 1623 señora
386 1598 429 1622 no
460 1597 541 1621 sana

143 1634 170 1666 si
200 1643 244 1667 no
277 1635 307 1667 le
334 1634 375 1666 da
405 1641 444 1665 su
476 1632 605 1665 marido

143 1678 241 1711 todos
268 1678 319 1710 los
342 1677 414 1709 dias
441 1684 507 1718 que
536 1676 612 1708 viva

142 1722 183 1755 de
212 1731 249 1754 su
278 1729 403 1763 cuerpo
432 1729 476 1753 un
508 1719 676 1753 bocadito.

142 1766 215 1807 Dijo
242 1766 273 1798 el
306 1764 435 1797 marido
464 1764 495 1796 al
522 1763 688 1801 instante,

142 1809 265 1851 bagase
281 1809 311 1842 al
333 1812 437 1851 punto
466 1808 497 1840 lo
526 1806 637 1843 dicho,

143 1863 160 1894 y
190 1853 231 1887 de
261 1853 334 1885 ésto
366 1853 465 1885 brazo
497 1850 644 1884 derecho

144 1896 335 1931 córteseme
362 1904 408 1930 un
442 1894 618 1931 -bocadito;

144 1951 161 1981 y
197 1943 342 1974 mañana
375 1940 476 1973 hacer
506 1939 538 1971 lo
572 1937 688 1980 propio

144 1994 161 2025 y
185 1985 217 2017 al
242 1989 317 2017 otro
348 1984 401 2017 dia
430 1984 461 2016 lo
490 1981 625 2019 mismo,

143 2029 239 2061 liasla
272 2028 395 2062 acabar
418 2037 480 2060 con
510 2026 556 2059 mi
587 2033 726 2067 cuerpo,

143 2073 192 2105 asi
205 2071 353 2115 siempre
375 2072 418 2104 de
442 2069 618 2109 continuo,

144 2126 210 2158 que
237 2126 280 2149 no
308 2126 344 2149 se
372 2115 481 2159 quede
513 2123 577 2148 con
603 2113 755 2148 hambre,

144 2170 163 2201 y
197 2170 236 2201 yo
266 2161 317 2193 sin
345 2169 448 2193 carne
475 2160 507 2191 lo
529 2158 662 2194 mismo,

146 2213 210 2238 eon
239 2213 304 2247 que
333 2204 490 2238 daremos
505 2214 510 2229 <
518 2202 567 2237 ios
596 2200 654 2234 dos

862 265 892 299 el
913 261 1035 298 último
1061 254 1229 298 finiquito.

862 310 929 350 Hay
958 313 1052 339 amor
1075 311 1139 345 que
1163 300 1204 332 de
1228 296 1304 340 aquí
1337 298 1431 337 pase?
1447 316 1452 320 •

862 352 981 395 ¿quien
1009 345 1131 390 negará
1159 344 1190 376 lo
1218 341 1282 384 que
1305 340 1348 373 he
1381 339 1499 373 dicho?

865 398 942 430 Esto
973 392 1027 427 fué
1060 393 1091 425 lo
1117 386 1182 431 que
1206 386 1278 418 hizo
1308 383 1395 420 Dios,

866 445 940 475 esto
964 437 1086 471 mismo
1114 430 1169 466 fué
1197 431 1230 463 lo
1255 428 1320 471 que
1344 428 1431 464 hizo,

867 495 910 519 en
941 481 1069 525 quedar
1091 474 1347 512 Saermentudo,

866 537 943 571 para
970 525 1001 558 el
1030 521 1177 556 remedio
1201 517 1347 554 infinito,

863 581 885 614 y
912 572 941 604 la
965 568 1060 602 salud
1080 567 1121 599 de
1145 566 1195 598 los
1213 560 1372 594 hombres

871 625 936 659 que
971 622 1006 646 se
1038 610 1195 644 hallaban
1230 614 1273 639 en
1302 604 1430 647 peligro

869 660 913 693 de
941 661 1058 693 eterna
1084 648 1314 687 condenación

871 713 932 746 por
963 702 1011 735 los
1033 698 1132 741 siglos
1160 696 1201 729 de
1225 693 1274 726 los
1301 692 1413 734 siglos:

868 748 915 781 De
947 748 997 779 los
1022 749 1092 777 tres
1114 737 1336 773 enamorados

868 790 961 832 ¿cual
989 789 1031 822 de
1056 787 1137 820 ellos
1169 791 1241 816 mas
1257 779 1385 823 grande
1405 778 1445 811 ha
1464 777 1532 811 sido

870 836 904 869 Si
930 830 1143 867 sentenciara
1175 836 1219 860 un
1252 821 1453 861 muchacho,

868 877 889 912 ó
921 886 989 911 uno
1017 877 1058 909 do
1082 871 1178 912 corto
1201 868 1317 912 juicio,

870 932 925 956 me
950 929 1070 965 parece
1095 925 1159 959 que
1187 913 1258 948 dirá

871 976 938 1009 que
968 971 1085 1005 mayor
1109 968 1205 994 amor
1232 958 1276 990 ha
1302 956 1378 989 sido

872 1011 912 1044 de
943 1010 992 1042 los
1024 1012 1092 1040 tres
1110 1004 1194 1037 finos
1225 1008 1375 1042 esposos,

875 1054 906 1088 el
934 1062 1005 1086 mas
1032 1051 1141 1083 tierno
1165 1056 1186 1088 y
1210 1053 1283 1077 mas
1308 1041 1451 1076 rendido

874 1097 973 1140 aquel
1009 1094 1129 1127 mismo
1152 1097 1217 1132 que
1241 1096 1277 1120 se
1312 1086 1366 1120 dió

875 1143 891 1175 á
920 1149 1036 1176 comer
1058 1134 1197 1171 estando
1222 1130 1310 1164 vivo.

873 1185 913 1219 El
943 1182 1169 1217 Franciscano
1199 1177 1393 1216 arrogante,

876 1240 892 1271 y
923 1238 1001 1269 muy
1033 1222 1213 1259 satisfecho
1245 1219 1286 1252 lia
1314 1217 1425 1250 dicho,

874 1273 976 1306 ahora
999 1281 1039 1304 su
1064 1264 1227 1304 Santidad

874 1316 954 1350 verá
973 1316 999 1347 si
1020 1314 1050 1347 el
1068 1309 1195 1355 premio
1211 1316 1247 1340 es
1271 1307 1352 1339 mió.

874 1361 938 1394 Los
960 1363 1052 1394 otros
1069 1357 1129 1390 dos
1149 1351 1322 1393 religiosos

876 1405 908 1438 le
933 1403 1072 1446 quieren
1091 1396 1274 1441 responder
1296 1393 1403 1427 listos:

868 1457 959 1490 ‘pero
987 1456 1025 1480 su
1053 1440 1207 1478 Beatitud
1234 1439 1333 1480 luego

876 1501 943 1535 que
968 1499 1004 1524 se
1023 1488 1119 1523 estén
1145 1485 1288 1528 quietos,
1314 1480 1360 1515 les
1376 1479 1456 1521 dijo:

876 1546 894 1577 y
916 1533 1075 1569 tomando
1102 1532 1132 1565 él
1153 1531 1183 1564 la
1205 1526 1339 1570 palabra

876 1581 927 1614 les
958 1577 1059 1611 habló
1083 1586 1124 1609 en
1149 1578 1221 1608 este
1245 1568 1392 1604 sentido:

876 1624 1013 1658 absorto
1030 1624 1122 1661 eátoy
1152 1619 1192 1652 de
1213 1613 1429 1651 escucharos,

876 1667 1032 1702 soldados
1056 1666 1097 1698 de
1120 1660 1317 1697 Jesucristo,

878 1713 920 1746 de
946 1712 997 1744 oir
1012 1713 1100 1742 estos
1131 1706 1199 1740 tres
1224 1702 1388 1736 Misterios

879 1761 981 1797 tengo
1008 1755 1039 1786 el
1064 1757 1206 1790 corazón
1239 1745 1383 1790 partido!

880 1809 920 1842 yo
936 1809 981 1832 no
994 1797 1029 1830 sé
1045 1798 1062 1830 á
1076 1794 1178 1839 quien
1194 1792 1287 1826 darle
1305 1789 1336 1822 el
1357 1787 1497 1830 premio,

881 1855 897 1886 y
931 1844 960 1876 el
987 1841 1080 1875 darlo
1104 1848 1122 1872 a
1154 1847 1221 1871 uno
1242 1843 1278 1875 es
1303 1831 1433 1875 preciso

881 1897 940 1930 por
968 1895 1034 1930 que
1055 1884 1079 1918 si
1102 1882 1147 1917 nó
1164 1891 1205 1914 -se
1230 1880 1300 1913 dirá

879 1940 944 1974 que
969 1940 1005 1963 es
1029 1928 1127 1961 faltar
1150 1927 1166 1959 á
1174 1926 1181 1938 !
1185 1926 1216 1957 io
1243 1919 1405 1957 ofrecido;

878 1975 1006 2010 tomalo
1034 1972 1068 2006 tú
1097 1967 1336 2004 Franciscano,

877 2029 960 2062 pues
979 2027 1046 2060 que
1060 2016 1137 2049 bien
1162 2014 1194 2046 lo
1224 2012 1284 2043 lias
1305 2005 1489 2042 merecido.

878 2063 935 2097 Asi
961 2061 1016 2095 dió
1041 2062 1086 2094 lin
1105 2060 1134 2091 la
1160 2055 1314 2091 cuestión

880 2116 943 2142 con
973 2107 1005 2140 el
1033 2103 1165 2137 Vicario
1193 2100 1233 2133 de
1261 2097 1382 2134 Cristo;

881 2162 900 2193 y
923 2150 1104 2184 disimulen
1128 2147 1179 2179 las
1209 2143 1307 2176 faltas

883 2203 949 2238 que
966 2194 998 2228 el
1018 2196 1116 2228 autor
1143 2190 1185 2223 ha
1207 2183 1388 2222 cometido.

808 2280 893 2317 FIN.

346 2375 808 2422 CARMONA:—Imprenta
826 2369 873 2406 tie
895 2368 936 2405 D.
961 2366 1047 2403 José
1073 2363 1183 2403 María
1212 2360 1372 2397 Moreno.
