1688 2416
241 97 275 133 2
136 143 614 175 un David, y un Salomon,
135 186 664 220 sin otros muchos, que dejo
135 228 670 267 por decir, que aprisionados
131 273 661 308 con los lazos del Dios ciego,
131 319 593 353 habiendo venido á dar
141 362 646 396 en manos del escarmiento,
137 406 604 439 tuvieron bien que llorar
144 450 686 483 todo el tiempo que vivieron,
137 493 541 528 solo porque se fiaron
134 539 616 572 de sus fingídos enredos;
135 582 623 617 pues por la mujer no hay
138 627 652 660 cosa que nos lleve al Cielo,
137 670 550 703 sino todosprecipicios
139 715 567 749 para bajar al Infierno;
139 759 699 798 pues con los trajes que usan,
143 804 633 839 y el mirar tan alhagüeño,
145 847 579 882 profanamente vestidas
150 891 592 926 con costosos aderezos,
148 934 702 968 dán lugar á que los hombres
148 980 660 1014 hagan muchos desaciertos;
149 1023 613 1061 y para ver si es verdad
152 1067 660 1101 lo que aqui voy refiriendo,
156 1111 632 1146 escuchen con atencion:
148 1156 632 1188 aquestos rusticos versos.
156 1200 604 1234 El que trata de casarse
156 1244 680 1277 en estos presentes tiempos,
147 1287 707 1324 yo lo tengo por muy simple.
147 1333 731 1364 por un tonto ó por un necio;
148 1374 620 1410 sea oficial ó del campo;
152 1419 582 1452 empleado ó jornalero;
153 1463 642 1496 recorra bien la memoria,
157 1508 682 1542 meta la mano en su pecho,
157 1551 631 1585 considére bien los gastos
156 1595 715 1630 que debe hacer sin remedio,
157 1639 647 1677 y los jornales tan cortos,
166 1683 777 1718 que un hombre solo á si mismo
155 1728 598 1763 no se puede mantener,
163 1772 717 1806 y anda que bebe los vientos
157 1816 624 1851 por tener que trabajar,
163 1860 627 1894 y siempre tras el dinero.
159 1904 616 1939 El que casarse quisiere,
168 1948 629 1984 considere bien primero
172 1992 697 2028 lo que vá hacer, y pregunte
159 2036 667 2071 para qué son de provecho,
160 2080 634 2114 ni para qué serán buenas
164 2124 678 2157 las mujeres de este tiempo?
159 2169 613 2207 para tener que vestirlas
175 2214 663 2245 con mucho garvo y aséo,
161 2255 699 2293 y andar sin sol y sin sombra
160 2303 678 2335 para buscarle el sustento;
865 133 1420 169 y si un hombre se descuida,
872 177 1258 211 cátalo hecho Correo
871 221 1354 255 de Cabra ó de Carcabuey
874 263 1341 298 ó Cofrade muy perfecto
866 308 1471 342 de la Hermandad de S. Marcos.
875 351 1387 388 Yo digo, que lo mas cierto
873 395 1321 430 es vivir el hombre solo
867 439 1377 475 sin tener que pagartercios
874 485 1307 520 del alquiler de la casa,
867 530 1381 565 ni del Matrimonio el peso,
871 574 1339 609 ni mujer que mantener,
875 617 1387 657 y otras cosillas, que pienso
877 662 1297 698 que fuera mejor criar
877 707 1413 742 un cochino, que á lo menos
880 750 1372 785 viene á ser una alcancía,
877 795 1428 831 que al cabo del año es cierto
879 838 1388 875 se halla el dinero en junto
892 883 1387 918 para comerlo ó venderlo:
881 927 1391 967 y lo que aquí mas admira,
883 972 1375 1006 y eleva el entendimiento.
880 1016 1398 1049 es, que no son las mujeres
893 1061 1335 1093 para cosa de provecho.
883 1105 1379 1137 Por la mujer en la Cárcel
882 1148 1484 1184 se ven muchos hombres presos;
885 1192 1357 1231 y por ellas los presidios
893 1235 1444 1271 de hombres se miran llenos,
883 1279 1355 1317 y cuantos en las Galeras
888 1324 1360 1360 agarrados van al remo,
895 1367 1312 1401 y todos sin mas delito,
893 1413 1484 1446 que haber mujer de por medio.
893 1455 1428 1490 Otros se han visto por ellas
892 1500 1399 1536 maltratado de sus dueños,
892 1544 1293 1578 ultrajados sin razon,
893 1588 1361 1623 y perdidos sus empleos.
898 1631 1404 1665 Otros han sufrido y sufren
893 1675 1341 1710 por ellas un cautiverio
892 1719 1330 1754 insoportable y penoso
891 1765 1467 1798 que á renegar los ha espuesto.
891 1807 1336 1843 Agregados á las armas
887 1851 1487 1886 siempre se ha visto un inmenso
900 1896 1434 1930 número de hombres, siendo
895 1940 1404 1974 la mujer el instrumento.
901 1983 1335 2018 Por la Cava, se perdió
895 2028 1469 2062 de España el hermoso Reino,
900 2072 1449 2106 quedando por muchos siglos
907 2116 1410 2151 bajo el dominio Agareno.
902 2160 1352 2195 Por ellas los Hospitales
905 2205 1475 2239 se ven poblados de enfermos,
903 2248 1415 2285 y en el del fuerte Mercurio
908 2295 1454 2328 muchos han dado el pellejo:
