1765 2512
294 155 310 185 4
171 184 639 235 Si las mujeres son malas:
173 220 677 282 ¿por què procura el soltero
178 264 679 316 cuando una novia pretende,
176 307 557 356 acreditarse de bueno,
180 340 657 395 observando el mejor modo
183 381 625 435 de agradar aquel ohjeto
178 425 583 476 á que dirige su amor?
183 465 627 518 y si no logra su intento,
181 506 595 556 entre suspiros solloza,
195 544 633 595 quejándose de si mismo,
187 583 639 638 y á sus solas se lanienta
185 622 665 675 anegado en llanto tierno.
196 662 652 714 Con que podremos decir,
189 702 655 753 como á la vista tenemos,
190 741 661 795 que estamos hablando mal
192 778 735 834 de aquello que mas queremos.
197 824 630 873 Es un Jardin agradable,
201 864 569 911 es un soberano cielo
197 903 611 954 una mujer, si á la luz
195 941 643 992 de toda razon le vemos,
209 978 690 1033 pues su frente es un florido
195 1020 709 1076 y un hermoso campo aneno,
204 1061 591 1114 que sábia naturaleza
203 1098 725 1152 formó con cuidado estremo,
210 1143 615 1192 sus cejas arcos de paz,
205 1181 631 1233 sus ojos claros lucéros,
208 1219 633 1274 sol y luna las mejillas:
207 1257 681 1312 clavel sus labios los veo;
217 1298 704 1351 cristal y perlas los dientes,
213 1337 693 1397 y puro alabastro el pecho,
214 1377 645 1432 son azucenas sus manos
215 1418 687 1471 cuyas ojas son sus dedos,
216 1453 765 1512 con que en suma, viene á ser
220 1499 613 1549 este divino embeleso;
230 1540 639 1590 cielo, sol, luna, jardin,
219 1572 745 1634 perla, cristal, campo ameno,
224 1618 655 1670 clavel, azucena, rosa,
223 1653 659 1713 alabastros, paz, luceros
237 1690 757 1751 y archivo, donde encerrados
229 1731 711 1793 en el mas breve compendio
238 1775 684 1830 están, hermosura, gracia
243 1815 639 1870 primor, recato y aseo.
239 1851 755 1911 Los principes, los monarcas,
237 1898 621 1949 el señor, el caballero,
244 1929 825 1990 el duque, el conde, el marques,
240 1972 675 2028 el cardenal, el excelso
241 2011 703 2067 Pontifice, y en fin todos
252 2052 725 2108 los nobles, y los plebeyos,
247 2092 727 2149 los Arzobispos, y Obispos,
256 2133 713 2188 de las mujeres nacieron;
249 2174 679 2227 esto ninguno lo duda;
256 2211 755 2268 Luego á la mujer debeios,
260 2253 703 2309 despues de Dios, estimar
903 160 1352 201 este ser, que poseemos.
896 203 1263 242 Adan en el Paraiso.
901 238 1343 281 hallandose tan desierto
907 281 1349 319 á Dios pidió compañera,
909 318 1424 359 y estando en profundo sueño
911 357 1353 398 Dios le sacó una costilla
915 398 1374 437 y se la formó al momento.
915 435 1397 477 Despertó, y halló á su lado
915 477 1352 517 lo que quería su deseo..
912 517 1399 558 Salió la mujer del hombre,
917 554 1355 600 y claro está que por eso
916 596 1351 637 debe tenerse uno á otro
911 637 1369 677 el mas entrañable afecto:
927 675 1391 716 por que ella fué formada
922 713 1443 757 de la misma carne y hueso.
924 753 1455 796 Claro está que á las mujeres
923 795 1415 834 cuanto somos le debemos,
927 834 1445 877 pues sabemos que nos paren,
927 872 1403 920 y que despues con esmero
931 912 1432 955 nos limpian, cuidan y crian
932 954 1435 994 con sus maternales pechos,
941 992 1383 1037 y luego con gran cariño
931 1034 1365 1076 nos buscan el alinento,
939 1072 1421 1113 nos visten y nos desnudan,
936 1112 1441 1154 cuando somos pequeñuelos,
944 1151 1353 1194 despues en la Religion
940 1190 1407 1234 nos instruyen con esmero
939 1230 1449 1274 para que con nuestras obras
945 1271 1375 1311 podamos ganar el Cielo.
943 1310 1429 1353 Luego á la mujer es fuerza
946 1349 1371 1392 tenerle el mayor afecto.
949 1388 1395 1432 Por otro orden tambien
957 1428 1438 1472 probaré mas este intento:
958 1467 1476 1510 Si á los hombres se atribuyen
959 1509 1397 1550 hazañas de lucimiento,
956 1547 1438 1590 tambien la herinosa Judith
957 1585 1425 1631 me sacará de este empeño
963 1624 1484 1671 cuando triunfó de Olofernes
958 1665 1407 1710 con un varonil denuedo
960 1708 1333 1750 cortándole la cabeza
960 1744 1401 1790 á aquel General soberbio,
969 1783 1411 1829 librando asi á su Ciudad
963 1824 1423 1869 del mas duro cautiverio,
966 1862 1453 1908 que los hombres no podian
970 1902 1456 1948 de manera alguna hacerlo.
979 1941 1441 1987 Otras muchas á este nodo
978 1981 1491 2028 pudiera citar, que han hecho
977 2023 1468 2068 las mas heróicas hazañas,
979 2062 1419 2108 pero las dejo al silencio,
977 2101 1490 2151 porque en tan corto volumen
979 2141 1487 2187 no puedo ser mas estenso.
983 2181 1413 2226 Y Mendoza pide ahora
973 2220 1524 2272 perdon de sus muchos yerros.
266 2233 1625 2445 CARMONA:—Imp. de D. José Maria Moreno, calle de Madre de Dios.
