1737 2508
128 157 658 200 Por las mujeres se ha visto
123 201 644 245 perder la gracia del Cielo
129 245 729 289 hombres, que en su penitencia
127 296 581 332 á todos dában ejemplo,
134 339 579 377 y cuantos en una horca
139 385 627 421 han visto su fin postrero,
139 426 616 464 y por las mujeres otros
137 468 671 508 vida y caudales. perdieron:
140 512 616 553 cuantos dejaron su patria,
135 559 669 596 desnudos, y cási encueros,
131 602 631 641 siendo la mujer la caúsa,
141 648 633 684 se van á distintos Reinos,
144 690 640 728 y á rodar por ese mundo
140 732 761 772 muertos de ha mbre y sedientos.
149 779 687 818 Cuantos se ven hoy liciados,
1404 83 1451 130 3
865 147 1451 185 cojos, mancos y sin miembros,
861 192 1349 229 por causa de las mujeres;
867 234 1419 273 no hay número, si lo cuento.
869 279 1398 317 Mas yo á mi salvo conducto
870 328 1310 361 de todas ellas reniego,
872 368 1416 405 y tambien me holgára mucho
871 414 1334 450 verlas á todas en Beyro,
865 457 1398 493 supuesto, que por su causa
871 501 1397 537 se van muchos al Infierno.
875 545 1350 581 Y asi al que dijere bien
876 590 1426 626 de ellas, lo tengo por necio.
878 634 1364 669 Y si en aqueste romance
877 679 1339 714 hubiere andado grosero,
871 724 1237 757 en el segundo diré
879 770 1393 804 en lo que son de provecho.
310 774 1405 941 Beneficios que logran los Hombres por las señaras Mujeres.
193 933 644 966 Muy irritado he quedado
147 974 586 1008 de oir un músico nécio
154 1011 593 1048 decir mal de las mujeres;
148 1053 629 1088 conosco que es iudiscreto,
157 1092 588 1128 porque si discreto fuera
149 1131 610 1167 hablára con mas respéto
145 1170 684 1206 del seeso, á quien sezle debe
149 1213 559 1247 el debido acatamiento,
159 1250 717 1286 que el que se tiene por hombre,
157 1290 747 1325 mientras mas hombre de hecho,
154 1330 560 1364 mas honor le debe dar
159 1370 627 1404 al hermoso y bello secso,
151 1408 672 1443 No todos los hombres saben
158 1448 727 1483 lo que es mujer, que á saberlo
160 1489 589 1524 no las tratáran tan mal;
161 1530 616 1563 les tuvieran mas afecto,
164 1568 721 1602 y aunque sus defectos tengan,
151 1605 643 1642 nunca pierden el derecho
158 1646 710 1681 de ser del hombre amparadas
159 1687 569 1722 por autiguo privilegio.
171 1724 727 1761 Qué hombre habrá con honor
168 1767 666 1800 que no le toque el empeño,
163 1806 631 1840 cuando viere á una mujer
169 1846 613 1880 en algun cercano riesgo,
170 1886 625 1919 de darle auxilio y librarla
168 1927 576 1959 á costa de su pellejo?
169 1964 689 1999 Es la mujer para el hombre
173 2006 557 2039 un acrisolado espejo:
167 2046 717 2079 por la mujer tiene el hombre,
165 2085 693 2120 gusto, descanso, y sosiego
174 2126 628 2158 está curioso, está limpio
176 2165 598 2198 y sale con mucho aséo,
169 2205 626 2238 tiene gobierno en su casa,
181 2245 620 2277 y la comida á su tiempo,
170 2283 658 2317 y el hombre con la mujer,
173 2326 662 2358 coino buenos compañeros,
878 922 1348 954 comunican sus cuidados,
888 961 1298 993 y toma como discreto
881 1001 1366 1034 parecer de muchas eosas,
887 1040 1428 1073 y á no tomarlo es gran yerro.
879 1081 1449 1115 Logra ui hon bre muchas veces
888 1119 1329 1154 por la mujer un empleo;
877 1159 1415 1195 si toma un hombre en la calle
883 1199 1351 1234 algun pesar, al momento
879 1241 1298 1274 selo con ver su mijer
887 1279 1346 1313 se le quita el sentimiento.
883 1319 1309 1354 Si tiene hijos chiquitos,
893 1359 1312 1394 la mujer lidia con ellos:
893 1398 1287 1433 todo la mujer lo llena;
894 1438 1336 1473 si falta solo un momento
891 1479 1287 1513 una mujer de su casa.
893 1518 1334 1553 todo se vé descompuesto;
891 1557 1375 1592 y ya le parece á el hombre
892 1597 1353 1630 se le cáe encima el techo,
893 1636 1324 1670 Haya un festin y no haya
899 1676 1371 1711 mujeres, parece entierro;
895 1715 1460 1750 aunque muchos hombres dicen
898 1756 1381 1790 desgracias y contratiempos
897 1796 1356 1830 suceden por las mujeres,
895 1835 1432 1869 yo respondo á ese argumento.
896 1875 1411 1910 Pintan á España una Dama.
891 1915 1339 1949 y los Reyes Estrangeros
896 1955 1354 1989 á un tiempo la solicitan,
899 1994 1441 2028 y se muestran muy guerreros
908 2035 1341 2070 cada cual por alcanzarla;
898 2074 1355 2108 las mujeres es lo niesmo,
907 2114 1339 2148 que muchos las solicitan,
901 2154 1314 2188 y procura ser el dueño
899 2195 1254 2228 cada uno de porsí.
910 2236 1368 2269 Yo le aseguro y prometó,
911 2275 1356 2308 que si nadie las quisiera,
906 2315 1335 2350 no sucedieran excesos.
