1765 2512
236 220 268 256 2
176 267 726 317 Por el bosque de la breña
123 318 591 370 desplega mi compañia,
123 372 634 423 aquella que fué vencida
123 425 631 474 apenas dieron las señas.
182 478 706 529 Al momento nos cercaron
130 528 648 584 de fuego contra nosotros,
131 583 598 632 se llevaron el comboy
123 636 679 688 y una conducion de potros.
173 691 664 740 Algunos ternos sonaron
123 741 726 797 en medio de aquestos males,
131 793 618 846 y aquel dia se llevaron.
124 848 727 902 hasta el pan de los morrales.
168 902 690 955 Por allí nos ocultamos...
119 955 648 1008 aguardando la columna,
124 1008 661 1062 cuatro dias se pasaron
120 1062 624 1113 anocheciendo en ayunas.
173 1115 596 1168 Colocamos un vijía,
114 1168 692 1222 que era el que estaba capaz,
120 1226 745 1300 y por señas nos decia
128 1277 562 1326 que ya van á desfilar.
172 1328 569 1378 Tocaron á reunion
120 1386 644 1417 y yo me quedé dormido,
116 1435 559 1482 me salieron á buscar
116 1488 696 1540 dos cabos muy encendidos.
173 1543 698 1592 Uno de ellos me encontró
110 1598 682 1645 en medio de aquellá breña,
117 1649 618 1688 y me arrimó tanta leña
130 1703 689 1748 que calienta mas que el sol.
168 1760 685 1789 Me sortó cuatro
118 1805 763 1853 con tal ira y tan de golpe,
117 1854 565 1893 disperté despavorido
117 1915 767 1957 y allí dije, voto y fotre.
164 1965 703 2004 Salgo corriendo á las filas
107 2016 762 2066 ciego de aqueste pesar,
112 2073 653 2112 sin saben donde meterme
114 2123 566 2169 para ocupar mi lugar.
913 282 1393 330 Allí me metí entre dos
864 334 1364 386 como ciego y sin sentio,
856 388 1353 443 que gracioso estaba yo,
862 443 1312 488 y el estómago vacio.
917 494 1443 542 De la hambre que tenia
862 545 1392 598 casi me daban desmayos,
861 602 1376 647 y de castigo me ordenan
859 653 1349 700 que salga de itinerario.
908 706 1312 752 Apenas me retiré
849 759 1386 809 menos de un tiro de bala,
864 812 1368 858 me metí entre la faccion
856 866 1462 912 que allí estaba de avanzada.
894 918 1430 966 Por un arroyo que habia
795 950 1363 1021 y tomé por aquellas veras,
858 1025 1354 1069 y al saltar una barranca
858 1078 1328 1121 me divisó el centinela.
904 1130 1468 1176 Allí me pidió el quien vive
848 1185 1398 1229 y yo contesté, el demonio,
831 1240 1389 1283 ¿y dándole gusto á el dedo
852 1293 1456 1338 de mis pies levanto el polvo.
904 1345 1455 1389 Salgo corriendo á mis filas
858 1391 1334 1439 por libertarme la vida,
854 1451 1385 1495 y advertí que me persigue
848 1504 1220 1545 uno de caballería.
902 1556 1432 1601 Entregate que hay cuartel
850 1615 1354 1652 en altas voces me dice
855 1657 1282 1692 volví la cara y traía
852 1706 1416 1748 la lanza puestá en el ristre.
905 1763 1423 1797 Al momento me alcanzó
855 1829 1412 1865 y rendí la rodilla en tierra,
854 1867 1437 1907 tendiendo el fusil álla cara
843 1910 1477 1970 hizo su oficio la piedrá.. con
907 1975 1387 2016 Cayó del caballo abajo
841 2023 1469 2080 reborcándose en su sangré
850 2081 1416 2125 pero le empuñé el morral
853 2139 1370 2175 que llevaba pan y carne,
