1737 2508
189 295 607 340 Otros acuden al tiro
137 343 636 400 y yo me acojí á los pies,
143 400 575 445 viéndome precipitado
131 453 639 504 no me detuve en comer
183 507 688 556 En un roble me amparé
127 560 630 606 donde dos me rodearon
135 610 694 662 y á muerte me sentenciaron
130 664 627 710 como ál inocente Abél,
176 717 756 781 Aunque susto me causaba
131 772 641 820 nunca me quise entregar
135 824 698 875 por mas que me amenazaba
127 874 625 928 yo no soltaba el morral.
100 929 691 981 Los soldados de mis filas
123 982 753 1038 viendome en tanta agonia,
123 1036 655 1086 marchan á carrera abierta
117 1089 751 1143 y á fuego me defendian.
168 1142 758 1193 Ellos escapan huyendo
123 1195 751 1248 por las faldas de una sierra
127 1247 753 1302 y de lo que iba en el morral
124 1302 753 1354 pronto hicimos paz y guerra.
165 1354 725 1407 Uniéndome á la Columna!
119 1405 755 1461 se juntan á preguntarme,
109 1457 760 1514 y de todo daba razon
116 1514 753 1568 menos del pan y la carne.
161 1567 690 1619 Caigo á la moche alojado
107 1618 597 1671 en casa de una patrona
119 1671 516 1721 y se le antojó parir,
109 1721 636 1777 y al verme se desazona.
159 1780 641 1828 En el chaleco del burro
107 1833 686 1883 me liace la cama á lo largo
111 1885 646 1937 donde pásé áquella noche
106 1940 685 1990 tan águsto como un galgo.
155 1994 705 2046 En un albergue tan bueno
97 2044 642 2097 cubierto de estéras bellas,
101 2097 541 2147 que no tuve que salir
107 2158 626 2202 para contar las estrellas.
1420 256 1466 292 3
929 311 1495 361 Cada terno que yo hechaba
873 364 1346 411 encogiendome dé lado,
869 405 1458 458 parecia que allí estába
867 470 1431 517 algun demonio encerrado.
927 522 1310 569 Cansado de tiritar
864 574 1448 627 me rindió el sueño del alba,
868 624 1286 673 y fué mi fortuna tal
865 680 1362 729 que tocaron á generala.
909 732 1452 784 Desperté allá á largo rato
865 788 1285 832 y á la calle me salia,
805 825 1491 894 y aun patron que me encontré
870 893 1378 944 estas preguntas le hacia.
889 942 1448 999 Usted sabe si han tocado
861 1004 1476 1059 para sacar lasgraciones,
860 1059 1466 1097 con los brazitos cruzados
860 1107 1493 1160 dándome algunos coscones,
916 1161 1534 1215 Yo no sé á lo que han tocado;
859 1214 1531 1270 el patron me contestó,
805 1264 1529 1325 ya hace mas de dos horas
854 1321 1531 1378 que la columna salió.
904 1372 1487 1428 Tomo la huella corriendo
855 1427 1535 1484 con la barriga en adviento
849 1478 1535 1539 y al fin los vine á alcanzar
855 1534 1537 1592 en una fuente bebiendo.
900 1585 1537 1646 Me dieron buen desayuno.
843 1638 1366 1692 boca abajo en un tambor,
843 1692 1350 1742 entre tantos como habia
836 1744 1315 1795 á todos llamé atencion.
891 1798 1346 1849 En fin salimos de esta
845 1856 1441 1898 con las espaldas quemando
807 1894 1524 1948 Uy un silencio en las quijás
840 1955 1532 2001 y dé cólitento llorando.
881 2009 1359 2064 Como no gasté camisa
833 2064 1309 2115 nunca tuve que labar,
829 2120 1321 2168 guarnecido de chungáis
831 2176 1278 2221 como mi dedo pulgar,
