1752 2480
255 288 787 337 Por donde quiera qué ibá,
216 345 743 389 era yo una fiesta andando,
210 394 714 441 y si pillaba una esquina
216 449 711 497 al momento venia abajo.
254 503 792 548 Fué tanta la desdicha mia
212 555 791 602 que se me olvidó el comer
221 609 741 654 que por lunas no lo hacia
209 663 730 708 ni ocho veces en el mes.
267 715 695 760 Asi mi tiempo serví
214 772 799 840 hasta tomar la licencia,
948 290 1372 322 esto si que era sufrir
945 343 1483 380 y en todo teñer paciencia.
990 394 1575 452 Aquí concluyo este caso,
946 449 1576 484 por no contar mas tormentos,
950 501 1479 537 y á mi casa voy de paso
951 557 1475 589 sin racion ni alojamiento.
1000 608 1567 668 El que no quiera creerlo
950 664 1573 726 y le pareciere chanza,
952 716 1504 749 que no águardé mi licencia
954 770 1567 831 para ir á sentar plaza.
288 950 1558 1007 APUROS Y DESDICHAS DE UN POBRE.
272 1060 877 1106 Sin tener metalmni cobre
209 1115 838 1163 ni puertas por don entrar,
215 1171 817 1222 y no hallar en todo el orbe
218 1225 816 1270 quien le preste en caridad....
224 1278 810 1326 que confusion para un pobre.
273 1327 814 1375 Nadie se empeña por él
216 1383 748 1430 al verlo descamisado....
209 1435 798 1481 ni aun clavos en la pared
218 1487 882 1535 cual estará el desdichado
220 1540 853 1590 sin plate ni que vender.
999 1054 1640 1097 Marchando á carrera abierta
951 1108 1587 1150 mandó tocar la agonia,
952 1160 1647 1204 y la comadre á la puerta,
957 1216 1639 1256 que amargura no seria
953 1268 1645 1311 tener á su madre muerta.
1000 1322 1582 1362 Pronto se quiso volver
955 1377 1644 1418 por ver si con bien salia,
949 1429 1647 1470 de sun terremoto por pie
954 1481 1646 1525 hayó una sala caida
951 1531 1587 1584 y de parto á su mujer.
288 1790 1639 1831 Esta composicion es propiedad de Antonio Sanchez Roldan,
219 1840 1632 1888 natural del, Viso del Alcor, provincia de Sevilla, trabajador del
223 1892 1635 1940 campo, sin saber leer ni escribir.—El que me lea me dispensará
220 1955 421 1999 las faltas.
210 2078 1629 2243 CARMONA:—Imprenta de D. José M.a Moreno, calle de Madre de Dios.
