1737 2508
219 232 854 281 No obstante, si la encontrares,
175 301 795 349 haz, que tu obsequio con ella
180 352 777 407 te pueda dejar airoso
169 421 812 511 por lo que dejarte pueda.
163 483 743 540 Festéjala en cuanto pida,
165 571 789 605 aunqüe te canse, y te ofenda;
167 607 826 667 destierra cualquier enojó
175 687 717 733 hasta que tú la dés tierra.
217 755 730 805 Si es pobre, pobre de ti,
167 823 828 871 que vendrá á ser en tu hacienda
168 884 594 934 una gotera perenne,
163 945 613 996 porque será la gotera.
219 1015 766 1065 Si una mujer, cuando trae;
168 1080 678 1124 insufrible es, é indigesta:
171 1141 575 1188 sino te lleva interés
171 1205 722 1252 dime, qué interés te lleva?,
217 1268 780 1317 Mujer en pelo es un trasto,
175 1330 802 1382 que embaraza, y no aprovecha,
168 1393 719 1447 en la almoneda del gusto
165 1457 810 1507 no hay gusto, sino hay moneda.
215 1525 827 1578 Desvanecida una hermosa :
160 1587 608 1641 si el amor la lisongea,
165 1649 691 1702 aprueba su gusto, y luego
160 1712 772 1766 tal vez el gusto, vá á prueba.
215 1775 770 1828 Siendo discreta es forzoso
159 1839 770 1890 querer que pase en su lengua
159 1901 779 1954 por sentencia, cualquier dicho,
157 1963 700 2013 que lo dicho, te sentencia.
203 2030 728 2086 Toda perfeccion, es vana,
146 2086 663 2146 y si es que llevarse deja
148 2155 851 2215 de su estrella, en su opinion
146 2218 720 2273 con toda opinion se estrella,
1468 178 1508 226 2
957 233 1507 281 De aquesta altivez le nace
904 295 1568 341 una pura impertinencia.
904 359 1542 407 molestia, ó éspecie de dengue.
908 417 1449 464 con que al marido molesta.
960 487 1538 540 Si hay coche, quiero paseo,
910 556 1488 608 porque divertirsé, es fuerza;
909 617 1532 671 pero en las vueltas del Prado
900 680 1542 734 suele haber muy malas vueltas.
960 743 1580 797 Allí auda el chisté, el embozo,
899 817 1485 857 la conversácion, y en ella
892 874 1536 926 se engendran algunas chanzas;
895 938 1560 987 chanzas, que tal vez engendran.
947 1005 1417 1054 Si la comedia apetece
903 1078 1476 1128 tambien tiene contingencias,
897 1141 1508 1191 por señas, de que hay peligro
897 1204 1441 1259 en la comedia, por señas.
931 1275 1426 1329 Para esto, pide la gala
893 1337 1518 1393 mas del uso, y sino es buena
895 1404 1501 1455 cuesta uña quimera, y luego,
890 1466 1418 1517 lo peor es, lo que cuesta.
915 1534 1403 1584 Si adoleces de celoso
895 1597 1532 1650 en tu misma aprehension necia,
891 1659 1420 1709 dá cuerda á tu desacierto,
889 1717 1478 1773 y es desacierto, si es cuerda.
913 1786 1433 1844 Si úna vez, la disimulas
889 1853 1464 1909 un desliz, á la que es necia,
881 1914 1400 1967 en la desecha, que haces,
885 1978 1421 2030 verás tu opinion deshecha.
933 2042 1427 2092 Sino lo es, y te confias,
879 2102 1538 2154 vás perdiendo, y es bien temas
869 2165 1422 2214 cierta libertad, que puede
881 2229 1476 2278 darte que sentir, si es cierta.
