1752 2480
328 137 356 174 4
276 181 900 248 Dá á entender, sin que tu genio
212 244 658 306 desconfianza parezca,
213 308 864 374 que atenta observa tu industria,
211 369 882 436 que esta industria la hará atenta.
250 434 878 504 Sabe que yá no está el tiempo,
203 499 819 560 para que un hombre se meta
204 558 616 613 á secas, y sin llover
208 622 682 679 con una mujer á secas.
242 684 880 750 Doy, que es hermosa en estremo,
203 746 701 808 de qué sirve su belleza,
192 809 770 871 si aunque sea buena la cara,
203 871 698 928 es fuerza, que cara sea?
986 205 1434 263 De todo lo discurrido
942 266 1548 335 sabe, que ninguna es buena,
944 328 1524 397 puesto, que apenas te cases,
943 392 1480 456 estás sentenciado á pénas.
990 453 1568 520 No dudes, que es imposible
935 517 1632 585 encontrar mujer perfecta, (llarla
931 578 1615 646 que aunque quiera un hombre ha-
931 642 1502 706 no la halla, así como quiera.
981 711 1575 769 Mas si á la mujer te inclinas
924 770 1386 826 alivia tu mal con ella,
921 835 1488 892 que si el tenerla es locura,
932 895 1475 951 tambien la cura es tenerla.
766 1543 1001 1600 FIN.
640 2155 1072 2208 CARMONA:—1865.
145 2199 1558 2278 Imp. y librería de D. José M.a Moreno, calle Madre de Dios núm. 1.
