1760 2376
305 124 349 163 2
257 171 888 216 Has de ver, ya que el asunto
215 236 740 279 abre á mi discurso senda,
219 297 759 338 en las veras de mis burlas
214 358 774 401 unas burlas, que son veras.
265 425 676 467 Tu dificultad estriva
219 488 764 530 en que una mujer aprecias
215 550 747 593 para esposa, buena carga,
220 611 828 656 pero no es carga; si es buena.
261 675 800 723 Hallarla así, es imposible,
211 739 835 785 con que si en esta advertancia
210 802 782 850 se encuentra con una duda,
206 862 894 913 la duda es, que no se encuentra.
255 929 806 975 Supongo, que la apeteces
209 991 802 1036 hermosa, que si esta prenda
214 1050 732 1096 deleita, si se consigue,
207 1105 827 1154 cuando se gozá deleita.
264 1177 907 1259 Considera, que te expones,
211 1251 862 1304 cuando á guardarla te empeñas,
216 1312 910 1357 sin que sienta tu recelo,
215 1375 846 1425 que ay recelo en que lo sienta.
261 1443 836 1495 Es la hermosura una alhaja,
212 1506 825 1555 que el que conservarla quiera
211 1565 743 1611 ajena aprchension oculta,
206 1633 882 1672 pues la aprehension la hace ajena.
263 1697 822 1732 Tampoco amor, con exceso
205 1760 908 1810 la ha de mostrar tu finezas,
207 1819 890 1870 que aunque convenga on el culto,
208 1880 812 1925 puede ser, que no convenga..
268 1941 897 1992 Sí es discreta (que no siempre
214 2013 868 2075 la hermosura ha de ser necia)
218 2076 861 2147 y pesa cuanto, merece,
212 2138 696 2185 tambien al marido pesa.
996 167 1610 213 Advierto, que no hay deidad,
949 232 1518 277 que por deidad no se tenga,
947 294 1489 346 y cualquiera que la adore,
949 356 1523 404 es natural que á cualquiera.
993 425 1510 472 Si es fea, que puede ser
949 488 1620 537 que á esto te incline tu estrella;
951 553 1469 598 paciencia, si en este caso
955 615 1474 660 puede bastar la paciencia.
989 683 1446 729 El tolerar es preciso,
943 746 1556 794 y asíbaunque cueste violencia,
938 808 1450 853 es fuerza tu sufrimiento,
955 871 1553 916 pues el sufrimiento es fuerza.
990 940 1588 986 Finge agrado, pues conviene
947 1005 1526 1050 que entre alhagos y finezas,
946 1066 1594 1114 consienta, en que tu la estimas,
919 1124 1483 1174 porqué acáso no consienta.
941 1193 1573 1252 Que una mujer despreciada,
951 1264 1521 1304 ó por venganza, ó por tema
923 1323 1615 1367 techa pof medio, y no hay medio
903 1390 1471 1449 si ella por medio se echa.
985 1456 1482 1506 Sufrirla, es obligacion,
940 1521 1434 1568 disimular, es prudencia;
948 1584 1442 1633 parezca eleccion tu mal,
942 1646 1510 1693 aunque ella mal te parezca.
975 1708 1620 1754 En cuanto al riesgo, lo mismo
921 1769 1482 1818 es la lcermosa, que la fea,
935 1832 1588 1882 ruega á Dios que de él te libre,
941 1895 1517 1942 porque la que es fea, ruega.
987 1962 1490 2008 Rica, nunca te aconsejo
943 2027 1617 2077 que la busques, porque es fuerza,
933 2084 1605 2147 que tenga mas que le sufras.
929 2145 1491 2196 á la mujer, que mas tenga.
