1652 2400
220 286 730 321 En esta ausencia penosa
173 334 689 371 yo vivo tan sin consuelo,
181 382 739 418 que es imposible esplicarte
173 431 708 467 las penas que yo padezco.
220 479 742 515 Aire, fuego, mar y tierra
180 526 716 562 serán los testigos mesmos
178 575 686 615 que acrediten la verdad,
175 624 723 661 con el discurso del tiempo.
221 672 850 710 Con lo que pido á Dios guarde
172 720 615 757 tu salud como deseo;
172 768 710 805 beso tus manos, (Fulana)
174 817 666 854 y lo afable de tu pecho,
177 867 847 903 que quien te quiere y te estima
178 914 724 952 (Fulano de tal) tu dueño.
385 982 634 1025 POSDATA
216 1055 784 1101 Y firmo porque me afirmo,
909 285 1443 323 que firmemente te quiero;
900 334 1406 374 á Dios, adorada prenda,
904 382 1392 421 á Dios, hermoso lucero,
907 432 1444 469 que yo me quedo penando
903 479 1484 518 en el mar de mis tormentos.
945 527 1496 569 Ea, peces de estos mares,
910 576 1398 613 ya teneis un compañero,
907 624 1467 662 porque entre mis desdichas
901 672 1426 709 voy á mudar de elemento.
946 722 1524 762 A Dios, sol resplandeciente,
904 770 1536 808 á Dios, á Dios que me ausento
896 819 1580 858 porque el que quiere y se ausenta
896 867 1522 904 no es mucho se caiga muerto:
904 916 1438 952 y de tus hermosas manos
902 964 1416 1003 solo la respuesta espero,
900 1014 1324 1052 y que sea favorable,
898 1061 1458 1099 no haya falta, dulce dueño.
574 1232 1170 1307 CONTESTACION QUEJOSA
388 1337 1352 1407 DE LA DAMA A SU FINO AMANTE,
592 1429 1148 1498 EN UNAS BONITAS DECIMAS,
217 1630 710 1668 Qué dirá el vulgo de mi!
171 1679 701 1714 ¿qué dirá la gente ahora?
176 1727 652 1763 Ya no apetezco la vida,
165 1775 711 1812 porque es vida sin honra.
215 1870 789 1909 Por las corrientes de un rio
174 1919 688 1956 me arrojé con gran valor,
168 1967 696 2004 sabiendo que iba mi amor
165 2016 662 2053 se pultado en hielo frio;
168 2064 680 2101 cabalgo con grande brio;
171 2113 672 2150 le digo á mi amante así:
169 2162 771 2199 ¿Dónde estoy? ¡Triste de mí!
166 2212 796 2248 pues me hallo en lo profundo,
171 2259 735 2295 y si me quedo en el mundo
170 2310 682 2348 ¿qué dira el vulgo de mi?
934 1631 1462 1668 Sigo al rio las corrientes
894 1679 1330 1714 si me llegan á faltar,
894 1728 1373 1766 ¿quién alivio podrá dar
895 1777 1363 1810 á esta infeliz inocente?
896 1825 1360 1860 Perdí la luz refulgente
896 1873 1326 1910 que la niñez atesora,
893 1923 1359 1958 y con lágrimas implora
892 1970 1310 2006 mi afligido corazon,
892 2018 1340 2053 si me dás este baldon
891 2067 1399 2108 ¿qué dirá la gente ahora?
942 2164 1572 2204 Yo encendí en mi pecho fragua
900 2212 1348 2251 al ver tu fiero desvio,
893 2261 1329 2299 y en un cauteloso rio
895 2312 1448 2350 me llegó á anegar el agua:
