1648 2428
186 248 729 289 permita el cielo que caigas
176 296 734 338 en la cuenta que es debida,
171 343 601 382 y sea feliz tu partida
176 391 730 434 aunque sea yo desgraciada,
171 442 702 480 que si quedo despreciada
171 492 653 528 ya no apetezco la vida.
228 537 670 576 Ya me veo desdeñada
173 590 706 625 por haber sido constante;
898 261 1420 299 perdí el lucero brillante
902 304 1414 345 que me tenia alumbrada:
904 351 1384 392 soy infeliz, desdichada,
896 400 1494 445 muera, pues, vo sin demora,
892 449 1490 491 antes que en el mundo corra
884 497 1431 541 mi deshonra y tu partida,
896 546 1418 587 cien veces pierda la vida,
883 596 1436 638 porque es vida sin honra.
502 661 1230 821 SEGUNDA CARTA
263 880 1463 924 que escribe el galan á la dama despues de sus regreso dese.
302 930 1429 975 chándola por haberla encontrado de diferente modo que
553 977 1188 1021 cuando la dejó á su partida.
213 1165 742 1206 Guitarra, cuando me fuí
164 1214 646 1251 te dejé bien encordada.
167 1262 772 1300 y ahora que he uuelto á uenir
164 1310 700 1350 te encuentro desbaratada.
209 1406 767 1445 Dónde está tu prima suave
163 1455 616 1492 de tu sonora cancion?
166 1504 608 1542 perdiste la condicion,
172 1554 646 1592 ¡qué lance tan dolorido!
159 1602 637 1639 ya no se oye tu sonido
169 1648 612 1686 ¡triste é infeliz de mí!
164 1698 553 1735 esto te lo digo á tí,
163 1747 764 1786 porque el dolor me marchita,
167 1794 648 1833 pues que te dejé sanita,
163 1843 650 1882 guitarra cuando me fuí.
207 1938 838 1977 ¿Dónde están las cuerdas suaves
157 1988 696 2025 de tus sonoras canciones?
166 2036 666 2076 perdiste las condiciones,
163 2085 696 2123 ¡que lance tan lamentable!
155 2131 680 2172 ya tu fama no es notable
163 2181 583 2218 ni menos acreditada,
159 2230 699 2267 pues que te dejé templada
160 2281 710 2320 y sé muy bien lo que pasa,
881 1171 1479 1213 que al dejarte yo en tu casa,
879 1221 1370 1258 te dejé bien encordada.
929 1317 1350 1354 Habiendo venido yo,
881 1367 1403 1405 con razon estoy quejoso;
879 1416 1435 1451 ¿quién ha sido el codicioso
892 1463 1424 1497 que el entorchado rompió!
885 1513 1493 1549 ¿quién fué, quién te maltrató?
883 1562 1503 1597 ¿quién fué el que te puso así?
884 1609 1388 1641 cuando me ausenté de tí
880 1655 1434 1697 eras la insignia y la mapa,
883 1704 1338 1740 y te hallo rota la tapa,
884 1753 1457 1790 ahora que he vuelto á venir.
933 1848 1480 1887 Y en fin no me da cuidado,
886 1897 1322 1936 dejaremos la disputa,
889 1946 1498 1984 pues ya tú á mí no me gustas,
886 1992 1358 2031 ni para tocar rasgado;
893 2042 1403 2077 ya te miro en otro estado
892 2090 1354 2128 ya estás en otro poder,
884 2138 1360 2174 has perdido todo el ser
884 2187 1378 2225 de estar acondicionada,
880 2236 1506 2272 pues cuando te he vuelto á ver
874 2283 1409 2322 te encuentro desbaratada.
