1765 2512
224 298 1469 386 DESPEDIDA QUE HACE UN QUINTO A SU QUERIDA
512 384 1213 460 Y LA CONTESTACION QUE ELLA LE DÁ.
432 523 648 564 DESPEDIDA.
219 619 739 664 Señora, ¡que sentimiento
175 668 663 716 me causa mi despedida!
169 717 615 765 me retiro descontento
175 767 591 812 á sacrificar mi vida
180 812 708 861 con el mayor sufrimiento.
228 906 785 955 Como quinto me atormento
171 959 589 1006 al despedirme de tí,
183 1006 682 1054 una distancia sin cuento
178 1054 663 1101 nos espera: ¡ay de mi!
187 1104 685 1150 señora ¡quesentimiento!
233 1201 709 1244 Ya se acerca mi salida,
186 1249 711 1295 ya se llega mi hora mala,
195 1293 803 1344 ¡oh, hermosa prenda querida!
181 1343 802 1392 mas susto que el de las balas
182 1394 685 1438 me causa mi despedida.
226 1488 766 1533 Me quejo con fundamento
191 1539 707 1582 de mi desgraciada suerte
199 1586 769 1636 y es tan grande mi tormento
197 1638 743 1679 que al irme para no verte,
195 1685 649 1728 me retiro descontento.
237 1779 778 1825 Aunque otra cosa no diga
205 1831 751 1877 que no me olvides te pido,
195 1878 667 1925 y que por mí decidida
202 1927 687 1971 esté, pues yo me retire
204 1976 631 2021 á sacrificar mi vida.
244 2068 770 2117 Será grande mi tormento
209 2121 645 2164 si yo llegara á saber,
202 2167 859 2214 que en tu amor hay detrimento,
207 2219 611 2261 lo demás lo llevaré
206 2266 733 2312 con el mayor sufrimiento
1096 505 1377 546 CONTESTACION.
939 602 1439 646 Mi corázon harto siente
895 651 1351 695 al oir tus espresiones,
902 698 1485 743 no aflijas mi pecho ardiente,
903 746 1479 792 pues me gustan tus acciones
899 799 1355 840 como lo sabe tu gente.
949 892 1433 937 Ha sido fatal tu suerte.
899 942 1415 988 razon tienes de quejarte,
897 989 1447 1037 mucho sentiré el no verte,
905 1040 1407 1089 y pues debes ausentarte,
907 1088 1407 1131 mi corazon harto siente.
948 1181 1464 1227 Son todas mis opiniones
905 1231 1443 1277 las de firmemente amarte,
907 1281 1431 1329 yo no tendré mutaciones,
911 1326 1415 1378 y el corazon se me parte
915 1377 1357 1424 al oir tus espresiones.
955 1473 1445 1517 Mi cariño no consiente,
919 1524 1366 1568 por otro mudar amor,
915 1569 1507 1616 cumpliendo tu tiempo vente,
915 1622 1347 1669 yo te pido este favor,
915 1663 1519 1714 no aflijas mi pecho ardiente.
961 1756 1523 1810 Aunque tres mil ocasiones
919 1809 1439 1859 tuviera de pretendientes
919 1856 1551 1907 con muy buenas proporciones,
920 1909 1439 1955 á tí solo he de quererte,
927 1953 1525 2006 pues me gustan tus acciones.
965 2051 1481 2101 Te confieso francamente
927 2104 1419 2152 que te amo tan de veras
931 2151 1525 2201 y es mi amor tan impaciente,
935 2202 1462 2249 que por tí paso mil penas
934 2252 1391 2295 como la sabe tu gente.
353 2260 1483 2434 Imprenta de D. José Maria Moreno, Descalzas, núm. 1.
