1355 1764
735 47 777 80 2.
421 87 1130 133 y están en infusion de hambre canina:
425 137 829 177 ya no puedo sufrirlos,
416 179 1014 221 y si digo que quiero despedirlos
421 221 1111 265 me atisvan las conservas por cevarse.
291 268 1009 314 Tor. Eso es solo tirar a conservarse.
292 310 1061 358 Bar. Se comieron en un solo desayuno
420 356 1094 398 media arroba de guindas cada uno
421 404 830 441 sin arrojar un hueso.
293 448 741 489 Tor. Aun eso es mas.
289 490 821 533 Bar. Os contaré el suceso:
430 533 1103 574 el uno que comió su media arroba
444 580 912 615 y á fé que no era boba )
426 618 1133 662 dijo: guindas y huesos me he tragado;
424 664 1239 704 y el otro que otra media se había echado,
428 705 1160 750 respondió ( sin tenerlo á mucho esceso
429 750 1203 796 pues pregunto, las guindas tienen hueso?
287 796 1155 845 Tor. Jamás se han visto Pages tan glotones:
430 842 1057 884 no les llegan al pié los sabañones.
302 885 1223 932 Bar. Dos cajas de turron (el Hambre es fiera
427 932 1071 972 se comieron ayer, con su madera.
291 973 1115 1021 Tor. Con las cajas comieron los turrones?
435 1016 1185 1061 que hicieran si encontraran requesones?
302 1069 901 1108 Bar. El caso es muy precioso:
433 1114 937 1149 una caja cogió cada goloso,
425 1159 878 1193 y á obscuras y cebados,
427 1198 1114 1239 con tal fuerza le daban los bocados,
426 1241 1141 1283 que dijo el que mas presto la acepilla,
438 1287 1080 1326 ya de mi caja no á quedado astilla;
430 1332 1085 1370 y el otro respondió, sin dejar raja:
430 1375 1119 1415 aun mejor que á turron sabe la caja.
294 1427 769 1464 Tor. Vender los Pages.
295 1469 772 1508 Bar. Yo los diera dados
429 1511 1030 1548 á un zapátero por sacabocados.
289 1553 1037 1595 Tor. Ya deseo ver Pages tan voraces.
301 1596 1121 1639 Bar. Ha muchachos, ha niños, ha rapaces?
