1146 1765
626 68 670 103 5.
231 112 814 151 1. Si ha estado en la alacena (aparte.)
315 152 1143 195 y ha visto el vidrio la hemos hecho buena.
172 197 1143 238 Bar. Cómo os hallais, que estoy con mil cuidadosal
174 243 1087 284 Los dos. Al servicio de usia, aunque purgados.
181 289 1032 327 Bar. Ha golosos, aun tanto no os pregunto:
325 335 907 370 pagaránmelo todo de por junto.
182 380 841 414 Sale Tor. Señor Baron, aquí tiene
312 424 751 460 usía el vidrio dispuesto. dáselo.
177 469 752 504 Bar. Hoy sabré si los golosos
319 515 848 548 son capaces de escarmiento,
315 557 813 592 Este vidrio es de conserva,
317 601 826 639 pero mirad que os advierto
317 647 755 683 que viene con solimán,
318 692 723 728 con acivar y veneno:
317 736 756 772 cuidado, porque comer
324 780 775 815 y rebentar es lo mismo.
240 823 901 858 1. No es fácil, comiendo en casa
320 868 778 903 de usía que rebentemos.
182 914 751 947 Bar. O dejar de ser golosos,
326 957 846 991 ó contaros con los muertos.
182 1000 892 1035 Tor Esto es probarles, que el vidrio
322 1046 827 1081 despues nos le comeremos.
318 1088 1007 1125 Deja el vaso sobre la mesa y vánse.
233 1136 744 1171 2. O dejar de ser golosos,
323 1179 857 1215 ó contaros con los muertos.
236 1225 878 1260 l. Si hemos de morir de hambre,
324 1269 813 1303 mejor es morir comiendo.
243 1315 727 1350 2. Tiene veneno el vaso,
327 1359 777 1394 amigo yo no lo pruebo,
243 1402 889 1438 1. Nuestro amo es tan miserable,
327 1447 831 1482 que no dará ni aun veneno
321 1492 811 1525 por no darnos un bocado.
239 1535 779 1570 2. En la conserva metieron
319 1578 747 1616 solimán, y si morimos
319 1626 835 1662 hemos de quedar muy feos.
