1204 1747
469 96 511 128 6.
72 138 624 180 l. Antes no, que el solimán
152 182 750 222 dicen que hace el rostro bueno.
150 229 600 265 Díme, comiste del vaso
152 274 388 309 de la purga?
66 320 454 356 2. Eso es remedio.
73 360 602 401 1. A quien no mata purga,
151 404 678 445 no le hará mal un veneno.
69 450 783 491 2. Yo aunque tengo mucha hambre,
167 495 640 533 tengo muchísimo miedo.
76 540 632 580 1. Algo se ha de aventurar;
161 579 597 622 y para probarlo, quiero
164 627 704 666 morirme un dedo y no mas.
75 671 749 714 2. Como no sea mas que un dedo,
167 716 610 752 yo tambien me moriré.
88 759 661 800 1. Muera este dedo pequeño,
164 801 768 842 que es el que hace menos falta.
84 847 680 891 2. Yo tambien digo lo mismo.
88 891 706 932 1. Jesus qué muerte tan dulce!
79 932 692 978 2. Jesus qué almivar Tras ello
166 983 582 1020 me como las manos.
90 1022 784 1067 1. Ola, qué lames todos los dedos?
87 1069 657 1113 2. Por si me muero, procuro
175 1115 677 1153 repasar los mandamientos.
96 1158 751 1202 1. Porque el dulce no comamos,
179 1204 637 1242 que tiene acibar dijeron.
96 1247 589 1290 2. Acíbar? amargamente
176 1293 657 1330 se conociera al comerlo:
175 1336 736 1375 morirme quiero á dos manos.
99 1378 785 1421 1. Yo me echo la muerte á pechos. sorbe
102 1424 721 1467 2. Page, sorbe con conciencia,
178 1468 712 1508 mira que te estás muriendo,
102 1514 754 1557 1. De estas muertes no me falten
183 1563 557 1599 mientras yo viviere.
100 1612 320 1648 2. Bueno:
191 1648 665 1690 ahora voy yo, qué quieres
