1170 1763
465 121 504 164 8
56 174 794 218 2. Ay Dios mio, mio, qué me muero!
63 222 644 262 1. Sabe usía á cuántas horas
143 266 653 301 dá la muerte este veneno?
62 310 588 350 2. El solimán las entrañas
148 355 772 389 como un can me está comiendo.
62 400 601 439 1. El solimán es un turco,
143 444 777 481 y así ha de obrar como un perro.
19 488 577 529 Bar Pícaros, sobre golosos,
143 533 652 568 dais ahora en embusteros? dáles.
57 578 451 617 2. Que me matan,
57 623 456 661 1. Que me matan.
35 665 870 707 ale muger Señor Baron, qué es aquesto?
151 712 590 747 cuando todo es alegría,
146 756 776 791 solo aqui ha de haber lamentos?
32 799 672 838 Bar Tengo estos Pages difuntos.
36 843 694 882 Los dos. Todo ha sido fingimiento;
156 889 591 926 y sepan que los golosos
153 933 799 967 comen aun despues de muertos.
30 978 624 1017 Mug. Pues vaya una seguidilla
149 1021 800 1057 que los vuelva el alma al cuerpo.
36 1066 718 1104 Los dos. Canten unos tonos dulces
148 1110 694 1143 que entrambos resucitemos.
34 1153 704 1194 Panta Muger De golosos dos Pages
152 1201 438 1236 plaza sentaron,
151 1244 577 1278 ven una caja, y tocan
150 1290 456 1323 luego á rebato.
42 1332 788 1370 antan Pages. Con la purga bien quiso
156 1379 517 1411 darnos hoy chasco,
149 1421 718 1454 mas de nuestro humor nunca
161 1466 503 1501 podrán purgarnos.
452 1551 546 1589 FIN.
34 1636 979 1680 CARMONA—1849. Imprenta y librería de D. José
225 1686 769 1723 Maria Moreno, calle Oficiales.
