1737 2508
1448 47 1473 201 3
174 201 636 243 y con grande sentimiento
174 251 612 288 lo padezco con estremo;
175 297 599 336 triste corazon, daremos
181 345 677 385 treguas, pero con dolencia,
180 392 737 432 y contemplando en tu ausencia
180 445 685 482 tristes los dos viviremos.
226 493 656 528 Vivir sin tí no es vivir,
182 540 664 579 no estar contigo es penar,
182 588 665 627 sin verte bien podré estar,
176 636 681 675 aunque esto es mucho decir;
178 684 593 724 mas de amarte desistir
179 735 619 773 imposible, esto es atroz,
183 783 739 822 pues tu amor me lleva en pos,
184 833 620 871 y por poderlo espresar,
183 881 567 918 ojos, hacedme llorar,
181 930 659 967 porque penamos los dos.
236 976 671 1014 La misma tirana muerte
182 1026 659 1065 me quitará que te quiera
910 185 1284 228 pero será de manera,
901 232 1383 276 nadie escapa de esta suerte;
898 279 1366 324 mi bien, repara y advierte
898 328 1302 372 que si tu dicha perdí
895 381 1287 420 seré constante, y así,
898 427 1403 469 reinarás dentro de mi pecho,
899 472 1396 524 y por no estar descubierto
904 526 1319 569 estaré sin verte, si.
953 571 1385 614 No le temas á la muerte
910 621 1351 664 que previniéndose está,
914 667 1384 713 esta es mi gran ceguedad
914 715 1463 761 que hoy no tiene competencia;
920 768 1345 811 vida mia, ten paciencia,
916 814 1461 861 que aunque el amor enfermó,
908 864 1347 908 por su amante me buscó
909 913 1321 957 tu hermosura singular;
915 963 1347 1005 sin verte si podré estar,
910 1011 1345 1055 pero sin quererte no.
663 1114 1161 1158 Mi dulce bien, tu rigor
618 1166 1139 1206 me tiene confuso y triste;
620 1213 1141 1254 sin saber en qué consiste
627 1261 1105 1304 la mudanza de tu amor.
237 1317 665 1353 Desde aquel infeliz dia
194 1365 695 1404 que de tu amor me aparté,
190 1411 752 1451 no he encontrado quien me dé
193 1464 555 1499 un ratito de alegria:
193 1512 611 1548 solo si de noche y dia
196 1562 628 1597 lloro y siento mi dolor,
199 1607 732 1645 pero en tu inconstante amor
203 1657 749 1694 vivo en tí, mi bien, pensando,
195 1705 683 1747 porque me tendrá penando
195 1756 659 1792 mi dulce bien, tu rigor
238 1803 683 1839 Si acaso algun enemigo
197 1851 634 1889 contra tí me quiere ver,
200 1900 672 1937 es por quitarme el placer
203 1950 730 1986 que tengo, mi bien, contigo;
208 1999 642 2035 que no le creas te digo,
199 2047 707 2084 que tú bien claro lo viste,
202 2093 688 2132 cuando el alma me pediste
202 2144 670 2180 toda el alma te entregué;
207 2191 746 2229 entonces, mi bien, ¿por qué?
192 2240 741 2280 me tienes confuso y triste?
963 1298 1451 1345 Con amor y grande anhelo
912 1354 1299 1395 te llegué á idolatrar,
921 1402 1313 1443 por tí he sabido estar
925 1451 1381 1491 varias noches en desvelo,
923 1499 1375 1541 por tu afecto verdadero,
927 1548 1349 1587 ocasiones bien me diste,
924 1597 1387 1637 amor que me prometiste,
925 1643 1407 1685 te entregué toda mi alma,
920 1689 1415 1735 mi vida, yo estoy en calma
921 1738 1451 1784 sin saber en qué consiste.
971 1786 1495 1830 En fin, dueño de mi anhelo,
923 1839 1368 1881 mucho quisiera decirte,
927 1887 1391 1933 y tambien quiero pedirte
929 1938 1347 1978 que descorras ese velo;
928 1985 1415 2027 dame, niña, ese consuelo,
927 2035 1329 2080 y te suplico por favor
928 2083 1341 2125 me declares el traidor
930 2129 1455 2174 que con su lengua atrevida,
931 2179 1411 2222 causó, prenda de mi vida,
925 2227 1420 2272 la mudanza de tu amor.
