1656 2416
232 120 276 154 2
141 168 645 206 adios, mas mira que fuistes
141 219 630 257 secretario de mis penas.
188 266 670 303 Con ánsias y con tormento
133 313 626 355 se aumenta mas mi dolor,
134 362 566 399 sientan con igual dolor
134 411 648 451 las aves surcando el viento;
141 461 623 499 publiquen mi sentimiento,
136 509 554 547 lloren mi fatal querer,
144 558 676 599 sientan, si es que puede ser,
140 605 582 644 árboles, prados y flores,
152 657 626 693 que á gozar de sus favores
873 174 1270 216 sabe Dios sivolveré.
924 222 1376 268 Ya me voy de aquí veloz,
874 270 1406 319 para mí es un grande estrago,
866 318 1335 363 mas de no olvidarte hago
873 368 1306 413 el juramento ante Dios;
864 416 1318 460 la amistad entre los dos,
872 464 1358 511 aunque voy á tierra agena,
864 514 1310 555 será constante y amena
868 562 1418 607 como en tí no haya mudanza;
861 610 1282 654 no pierdo la esperanza
862 661 1419 703 á engolfarme en tus arenas.
603 757 1145 796 Ya no soy yo quien solia
550 805 1018 844 ni quien yo solia ser,
553 853 1042 892 soy un ramo de tristeza
556 903 1011 941 arrimado á una pared.
186 869 585 1024 Toda mi dicha perdí
140 997 580 1034 por vivir en baja esfera,
140 1045 626 1084 ya no soy quien antes era,
131 1094 574 1133 aprended, flores, de mí;
127 1140 554 1180 el tiempo me puso así
131 1190 574 1232 á llorar de noche y dia,
136 1239 558 1276 en tanto que mi alegría
127 1286 594 1327 es en mí tan importuna,
128 1334 624 1374 á veces digo: ¡hay fortuna!
127 1388 659 1425 ya no soy yo quien solia.
177 1435 523 1470 Aniquilándome voy
130 1484 700 1520 pensando en tan larga ausencia,
121 1534 551 1571 y juzgo con diligencia
123 1582 586 1615 lo que vá de ayer á hoy;
123 1629 611 1668 ya me llevan á un convoy
129 1679 489 1715 para tanto padecer,
125 1728 577 1765 ¡quién pudiera merecer
123 1777 661 1810 lo que un venturoso alcanza!
129 1825 592 1861 pues no soy la semejanza
126 1876 564 1910 ni quien yo solia ser.
906 951 1314 993 Por esos prados me ví
862 999 1278 1041 de las flores envidiado,
866 1048 1371 1093 hoy soy el mas desgraciado,
868 1096 1216 1138 ayer maravilla fuí,
864 1144 1336 1185 miré al Cielo, y dije así:
872 1195 1372 1235 ya mis desdichas empiezan,
856 1242 1348 1283 se acabaron mis grandezas,
864 1290 1342 1332 mis gustos y mis placeres;
860 1339 1414 1379 si me preguntan: ¿quién eres?
868 1389 1372 1429 soy un ramo de tristeza.
906 1435 1320 1477 En fin, ni pido ni doy,
858 1484 1371 1525 ni me quejo ni me esplico;
860 1533 1298 1573 ayer fuí un tesoro rico,
860 1581 1340 1625 hoy sombra de mí no soy;
864 1632 1280 1669 por eso digo desde hoy
859 1681 1314 1719 que fuí lo que no pensé,
863 1731 1283 1765 en tanto que no gocé
857 1776 1360 1819 de mi fortuna en un punto,
859 1825 1336 1865 soy de penas un conjunto,
850 1876 1320 1915 arrimado á una pared.
586 1970 1120 2014 Tristes los dos viviremos,
538 2021 1042 2061 porque penamos los dos;
544 2070 954 2109 estaré sin verte, sí,
537 2121 947 2154 pero sin quererte no.
177 2164 621 2202 Con suspiros y lamentos
128 2213 518 2256 las piedras ablandaré,
859 2162 1215 2206 sin cesar yo lloraré
856 2138 1358 2299 tu ausencia y mi tormento,
