1648 2400
274 47 284 197 4
600 176 1184 221 Mucho tiempo ha, bien mio,
558 224 1186 271 que mi amor anda encubierto,
562 270 1056 314 con los secretos del alma
564 324 1076 363 y las llaves del silencio.
218 367 712 407 Que hicimos conocimiento
182 414 724 458 qué tiempo piensas que habrá,
163 465 637 504 y que mi firmeza andará,
168 516 666 550 señora, en tu seguimiento?
165 560 685 602 desde que te ví, al momento
168 609 612 649 te entregué mi alvedrio,
172 658 634 698 qué tiempo hace, y porfio
171 709 624 749 que vivo triste y quejoso,
165 756 572 790 y de hablarte deseoso
166 804 726 849 mucho tiempo ha, bien mio.
206 851 692 895 He tenido grande esmero
166 900 680 947 de esplicarme á tí amoroso,
175 949 570 988 pero vivo vergonzoso
172 998 570 1040 temeroso de tu cielo;
159 1047 775 1091 aunque es verdad que mi anhelo
166 1096 704 1140 no ha hallado camino abierto,
168 1145 615 1185 para esplicarte de cierto
164 1195 588 1235 las fatales ansias mias,
162 1244 666 1285 y por eso hay muchos dias
161 1294 747 1334 que mi amor anda encubierto.
940 374 1426 417 Mil veces te he encontrado,
892 423 1308 463 apenas á mirarte llego,
896 472 1446 513 te he querido hablar y luego,
899 522 1268 561 me retiro recatado;
897 569 1403 607 y cuando me hallo animado
904 619 1361 657 por ver si logro la palma,
896 667 1389 705 te me apartas en tal calma
902 717 1306 755 y luego que no te veo
904 763 1388 801 vuelvo á guardar el deseo
900 815 1410 852 con los secretos del alma.
937 861 1394 899 Mi bien, si te declarára
896 909 1372 950 lo que mi pecho te adora,
898 958 1340 999 temo quedarme, señora,
900 1008 1428 1050 con la vergüenza en la cara;
895 1057 1339 1095 y si en vano te mostrara
896 1105 1358 1144 lo bien que te reverencio,
903 1153 1382 1193 quererte es lo que agencio,
899 1204 1407 1241 y si esto te causa agravios
901 1253 1368 1286 tengo de cerrar los lábios
895 1301 1426 1338 con las llaves del silencio.
188 1392 1557 1413 TROVO CHISTOSO.
624 1485 1158 1536 Si quieres llegar á viejo,
584 1538 1114 1583 hombre, las mujeres deja,
583 1588 1098 1630 echa un trago del pellejo
581 1640 985 1678 y déjate de pellejas.
207 1681 648 1724 La mujer con su gracejo
168 1730 628 1770 es cual sirena en el mar;
157 1778 632 1822 toma, amigo, mi consejo,
168 1827 587 1865 guárdate de ese animal
157 1877 648 1917 si quieres llegar á viejo.
205 1924 623 1965 Si no lo tomas á queja
166 1973 584 2016 te daré un consejo yo,
162 2022 634 2061 si no quieres con presteza
161 2069 682 2116 morir en san Juan de Dios,
158 2120 681 2163 hombre, las mujeres deja
940 1689 1443 1729 Yo vide á un hombre viejo
896 1737 1286 1775 en una grande porfia,
894 1786 1352 1827 merendándose un conejo,
891 1834 1305 1872 y en altas voces decia:
896 1885 1396 1922 echa un trago del pellejo.
934 1933 1425 1973 Amigo, de qué te quejas,
894 1981 1402 2022 toma el escarmiento en mí,
887 2030 1380 2074 aunque te gastes las cejas,
898 2078 1240 2113 vámonos á divertir
895 2131 1305 2167 y déjate de pellejas.
282 2141 1444 2299 Carmona: 1854. = Imprenta y librería de Don José M. Moreno.
