1765 2512
60 359 638 405 nuestro Imperio y Amazonas.
58 410 498 453 Deberas: al brazo mio
68 455 624 501 la muerte y vuestro sosiego:
66 504 606 549 llego, pues, pero qué miro!
65 555 563 597 junto á la rústica puerta,
65 604 511 645 sobre un erizado risco,
67 649 691 692 el monstruo que voy buscando,
73 697 590 741 ó muerto yace, ó dormido:
73 745 625 789 si antes que yo pudo alguno
76 794 618 837 darle muerte? ó que remiso
73 843 660 886 mi enoj ha estado! yo quiero
73 893 554 935 llegar á ver si está vivo,
69 940 539 982 y es ira en mi el desear
79 990 523 1030 la vida de mi enemigo.
80 1038 604 1077 Vivo está, albricias enojos,
81 1085 495 1128 que con afan sucesivo
79 1133 669 1174 se siente en su aliento el aire,
78 1183 479 1223 arrojado ó recogido.
87 1231 518 1270 Y si bien reparo en él,
87 1279 527 1320 ahora el viento mismo,
79 1328 569 1367 mudo me dice por señas
90 1375 501 1417 que callará mi delito.
83 1423 583 1466 No es tan formidable, no
91 1472 493 1514 como mi enojo creia,
91 1519 597 1564 antes (á espacio alma mia
85 1566 521 1616 parece que me agradó;
87 1613 529 1663 yo me aparto; pero no
92 1662 533 1709 me apartó: terrible empeño!
95 1710 523 1758 Qué es esto, monstruó alnagueño?
100 1760 523 1805 donde la udustria has hallado
94 1809 549 1854 de producir el cuidado,
90 1856 571 1902 y quedarte con el sueño.
90 1904 549 1949 No sé que lisonja gráta
104 1953 535 1997 cautiva mi resistencia,
99 2000 621 2046 como que es una violencia,
106 2050 612 2095 que sin violencia arrebata
106 2099 525 2141 enojos que nos dilata!
93 2145 556 2190 Donde está la imitacion
100 2192 587 2237 de que os armó la razon?
108 2240 647 2287 mas quien os dijera, enojos
109 2289 653 2336 que habian de estar los ojos
109 2340 545 2382 tan cerca del corazon?
839 338 1309 383 Como suele crecer lento
840 389 1286 433 el pimpollo, tanto, que
839 437 1271 480 ninguno crecer lo ve,
841 485 1313 530 y todos ven el auménto:
841 533 1297 578 asi acá en el desaliento
841 583 1297 624 de mi corazon rendido,
840 630 1277 673 esta fuerza del sentido
845 679 1275 722 tan oculta viene á ser,
847 728 1313 771 que no se siente crecer
841 775 1349 822 y se siente haber crecido,
847 823 1365 865 Amor sin duda (ay de mi!)
847 868 1391 915 del hombre; pero que digo?
847 917 1453 964 hombre, y amor en mis labios,
849 964 1391 1016 y no me vuelvo á mi estilo?
856 1014 1373 1062 Ay Miquilene, que es esto?
848 1063 1320 1109 adónde estás valor mio?
847 1111 1395 1157 mas no estás muy olvidado,
855 1158 1405 1207 pues me acuerdo del olvido.
851 1205 1543 1254 Muera este monstruo á mis manos,
857 1257 1323 1302 al arco la flecha arrimo,
855 1304 1357 1350 la veloz pluma á la mano,
853 1353 1355 1400 la mano al nervio torcido.
895 1445 1455 1495 Va á tirarle, y se detiene:
865 1546 1331 1590 Y volviendo la atencion
863 1593 1415 1639 al blanco: mas que atrevido
863 1642 1351 1687 semblante! que generoso
873 1691 1395 1738 agrado! qué dulce hechizo!
871 1743 1279 1784 Parece que reclinadó
877 1786 1425 1834 en la tierra al ver que aplicó
867 1837 1379 1881 la flecha al arco violento,
873 1887 1329 1929 mis descuidados avisos,
869 1933 1327 1981 para obligar mi piedad
877 1983 1387 2024 se está fingiendo rendido;
871 2031 1420 2073 si no cierro entrambos ojos,
880 2079 1321 2121 en vano me determino.
877 2126 1487 2170 Mas qué importa que los cierre,
875 2175 1465 2220 si el valor con que me animo,
875 2225 1383 2267 dirá que espera no verte,
877 2271 1345 2318 para no acertar el tiro?
885 2317 1459 2365 Pero por qué no me acuerdo
