1737 2508
148 309 732 353 de que es este aquel prodigio
147 358 614 402 hijo de la vil Talestres,
155 406 589 452 del vil Alejandro hijo?
155 454 653 505 y que á ver la luz del Sol
157 502 734 547 caerá nuestro imperio invicto
161 551 621 596 á los pies de la fortuna;
154 597 753 645 muera, pues, muera dormido,
161 646 815 692 por que en cuanto abra los ojos,
162 694 669 740 no se cumpla el vaticinio.
158 746 593 788 Esto ha de ser muera.
111 802 355 839 Ast. Quien?
123 887 853 934 Vale á tirar, y despierta Astolfo y
321 938 643 980 ella se detiene.
123 1028 803 1080 Ast. Quien á llegar se ha atrevido
176 1080 685 1125 donde yo::pero qué veo?
171 1129 674 1173 detente, suspende el tiro,
175 1177 729 1221 hermosa deidad, quien eres?
178 1227 695 1269 quién eres, bello prodigio,
177 1274 707 1317 que me han robado los ojos
183 1322 669 1364 todos los demás sentidos?
133 1374 559 1414 Mig. Una muger soy.
132 1426 438 1464 AsL. Que dices?
177 1469 653 1509 muger eres? ahora digo,
183 1516 727 1558 que pueden temer los ojos,
196 1563 679 1605 pues son como los oidos.
140 1608 755 1655 Miy. Defiendete, ya que abriste
187 1658 701 1703 los ojos, y se ha cumplido
191 1706 709 1750 el presagio, que no quiero
190 1754 733 1799 que me dés lo que mi brios
187 1803 751 1848 puedan quitarte, y que digas,
194 1848 771 1895 que haces la guerra conmigo.
146 1896 875 1945 Ast. Pues por que, hermosa homicida,
196 1948 631 1991 cuya belleza ha podido
192 1996 673 2039 alumbrar en un instante
199 2044 703 2088 tinieblas de todo un siglo?
200 2090 833 2135 pues por que contra mi empuñas
200 2143 599 2185 ese azero vengativo?
202 2189 799 2232 que hay en mi que te merezca
206 2236 654 2281 tanto rigor? que delito
207 2288 681 2330 tan felizmente me culpa,
917 287 1397 332 que merece tu castigo?
923 336 1439 380 Donde camina ese harpon,
920 386 1460 428 que al arco tiene oprimido?
923 434 1397 479 si al corazon, para qué?
925 482 1483 526 cuando á esos ojos esquivos,
925 531 1476 575 con no sé que oculta flecha
927 581 1393 623 le tienes ya tan herido,
933 629 1424 671 que á ver en mi pecho el golpe,
937 675 1433 717 llegaré á sentir yo mismo
938 724 1375 767 el desaire de tu brazo
941 774 1399 817 en la ociosidad del tiro.
959 867 1547 914 Deja caer el arco Miquilene,
941 967 1509 1010 Mira que el arco, y la flecha,
942 1014 1415 1059 Señora, se te han caido,
945 1062 1529 1107 no porque sobren tus armas,
950 1109 1455 1155 merecen tus desperdisios.
950 1158 1489 1203 Guarda esos decuidos tuyos
952 1209 1444 1252 para esos cuidados mios,
956 1258 1293 1299 vuelve á cobrar::
911 1305 1298 1352 Mig. Caya, encanto
963 1353 1371 1397 de mis enojos altivos
961 1399 1443 1446 no injuries mas mi valor,
961 1447 1539 1494 no des mas fuerza al hechizo,
962 1493 1553 1539 que si poco ha que durmiendo
963 1545 1459 1591 sobre este rúistico arrimo,
964 1591 1431 1637 pudistes conmigo tanto,
964 1639 1555 1685 que no has de poder conmigo,
969 1687 1452 1736 cuando la voz, y los ojos
967 1734 1497 1784 tu elocuencia ha socorrido?
921 1783 1555 1834 Ast. Que es lo que siento en mí,
965 1832 1439 1882 bellísimo asombro mio?
974 1880 1431 1929 que Veneno por los ojos
970 1926 1471 1976 en ehalma has infundido!
928 1976 1463 2027 Mig. Joven gallardo, que es esto?
974 2025 1493 2075 que empezó poco sencillo,
966 2072 1473 2122 y se va haciendo cuidado
975 2120 1487 2168 cada instante que te miro.
929 2168 1557 2218 Ast. Parece que acá en el pecho
981 2216 1485 2264 siento un ardor indistinto
990 2265 1541 2314 que consume como ardiente,
