1765 2512
152 291 552 327 y regala como tibio.
100 337 681 377 Miq. Parece que vas quitando
144 384 598 424 la libertad del sentido,
143 431 690 472 sin que eche menos el alma
149 479 543 519 la falta del alvedrio.
100 526 652 570 Ast. Ven acá sabes de amor
160 576 568 616 la facultad del oficio?
104 624 685 667 Miq. Ven acá, sabes la ciencia
156 672 590 712 de ese docto desvario?
100 720 634 760 Ast. Es esto quererte bien?
101 769 706 810 Miq. Es esto haberme rendido?
104 818 734 859 Ast. Mas donde voy? como tanto
154 864 652 905 de mi corazon me olvido?
102 914 830 956 Miq. Mas dónde voy? que se han hecho
151 961 592 1000 mis enojos vengativos?
106 1010 688 1051 Ast. Muger, vete de mis ojos.
103 1058 728 1099 Miq. Hombre, vete de los mios.
105 1108 747 1147 Ast. La vida tienes, que esperas?
100 1155 582 1192 Miq. Ea, ya te dejo vivo.
100 1204 672 1245 Ast. Por no matarte me voy,
96 1252 823 1293 Miq. En finte vas? Así Si me has dicho
146 1300 740 1338 que me vaya que he de hacer?
93 1350 728 1388 Miq. Que presto has obedecido!
152 1395 478 1434 y tu me dejas ir?
100 1447 684 1484 Ast. Que poco puedo contigo!
99 1494 817 1533 Dentro Julia y Indatirso, cada uno
318 1544 608 1582 por su puerta.
95 1591 401 1628 Jul. Miquilene.
882 294 1126 334 Ind. Astolfo.
876 343 1419 385 Miq. Quien me ha llamado?
873 391 1540 434 Ast. A quien he vido ini nombre?
880 438 1328 481 Miq. Astolfo te llamas?
876 487 1514 530 Ast. Y tú hermose encanto mio,
921 535 1123 572 Miquilene? (brirnos
872 586 1604 629 Mig. No quisiera que pudicran descu-
929 634 1218 673 mis Amazonas.
880 681 1601 725 Ast Yo temode mis Soldadoslonismo.
875 729 1264 769 Jul. Ha del bosque.
875 777 1266 820 Ind. Ha de la selva,
877 825 1162 862 Jul. Miquilene.
880 873 1280 913 Ind. Astolfo invicto.
875 923 1370 965 Miq. Ya estan mas cerca.
872 971 1170 1009 Ast. Ya llegan.
871 1019 1478 1064 Miq. Pues mejor es dividirnos.
877 1067 1341 1107 Ast. En que quedamos?
871 1117 1504 1158 Miq. Yo muerta; y tú como vas?
872 1163 1142 1200 Ast. Rendido.
876 1211 944 1250 Miq. Me olvidarás?
882 1261 1253 1299 Ast. No es posible.
878 1307 1239 1345 Mig. Y Me verás?
869 1356 1197 1392 Ast. Es preciso.
872 1404 1335 1445 Mig Como ha de ser? (mio.
873 1453 1606 1496 Ast. Eso queda:por cuenta del valor
875 1502 1570 1545 Miq. Pues á Dios, Astolfo del alma,
868 1551 1558 1595 Ast. A Dios, encanto, ó prodigio.
694 1919 818 1955 FIN.
656 2220 1038 2258 CARMONA:—1859.
176 2265 1518 2314 Imp. de D. José M.a Moreno, calle de Madre de Dios, núm. 1.
