1765 2512
819 56 871 209 8
126 189 600 226 hija del Conde de Rosas,
127 236 553 271 y princesa propietaria,
136 278 599 314 de mi voluntad renuncio
123 322 628 358 cuantas riquezas humanas
125 366 608 402 me tocan y tocar puedan.
129 408 697 448 Y en la misma cueva se hallan
127 455 599 492 en lengua latina escritas,
132 499 561 534 como las dejó la santa.
132 543 616 579 Pasó al monte Peregrino,
135 589 631 626 y el palacio que la aguarda
136 633 586 667 es una cueva horrorosa,
132 676 588 711 muy fria y desabrigada;
131 720 572 756 en un peñon eminente,
143 765 681 802 que está á la orilla del agua,
135 810 675 846 y en un hueco de una peña,
139 852 595 888 de lo ancho de dos varas
136 899 554 933 hizo nido esta paloma,
141 942 543 981 y allí tuvo su morada
138 987 606 1022 por tiempo de siete años.
144 1031 616 1066 Y cuando ya se acercaba
139 1075 531 1110 de su partida la hora
148 1119 588 1154 de su amor tan deseada,
151 1163 567 1199 enfermó de calentura;
141 1207 583 1245 y viéndose ya postrada,
141 1252 695 1290 pidió á Dios que la conceda,
155 1295 763 1333 que antes que del mundo salga,
141 1339 575 1377 reciba los sacramentos
147 1382 561 1420 para morir consolada.
147 1427 583 1463 Se lo concedió piadose,
149 1471 624 1512 y á los ángeles les manda
147 1516 591 1558 que partan á la ciudad,
153 1561 539 1601 y que vayan á la casa
158 1604 559 1644 de Cirilo el sacerdote,
152 1649 681 1688 hombre de vida muy santa,
151 1693 561 1733 y de su parte le digan
160 1737 661 1776 que los sacramentos traiga
155 1781 581 1820 á una santa penitente,
160 1825 707 1866 que á la muerte está cercana.
149 1869 619 1909 Fueron los embajadores,
151 1915 609 1960 y dándole la embajada:
154 1958 547 1998 obediente se previno
159 2002 598 2041 de las cosas necesarias.
165 2047 575 2086 Salieron de la ciudad,
867 171 1403 214 y los dos que le acompañan
873 214 1363 257 fueron por todo el camino
868 261 1395 301 alumbrando con dos hachas.
870 306 1297 346 Llegó Cirilo á la cueva
867 351 1255 389 donde Rosalia estaba
870 394 1283 434 en un rincon retirada
873 439 1313 477 honestamente acostada.
871 483 1343 521 Recibió los Sacramentos,
873 526 1337 567 y luego su esposo manda
875 571 1297 611 cuente á Cirilo su vida
871 616 1293 655 para que la publicara;
877 661 1295 697 se la dijo por estenso;
874 704 1303 742 y acabando de contarla
877 747 1287 785 se llenó toda la cueva
881 794 1367 829 de resplandor y fragancia,
871 837 1245 881 y vido Cirilo entrar
879 884 1281 918 á la Virgen soberana,
880 926 1320 963 siendo trono de su Hijo,
883 971 1299 1008 y llegándose á la cama
877 1015 1294 1050 de la enferma Rosalía,
879 1059 1355 1095 estrechamente la abraza,
879 1103 1399 1141 y en los brazos de la Virgen
877 1148 1335 1183 Rosalia entregó el alma,
883 1191 1384 1228 en las manos de su espose,
883 1236 1398 1272 que la puso una guirnalda,
889 1282 1259 1318 y coronada de rosas,
892 1325 1336 1359 del esposo acompañada,
892 1368 1306 1403 de su soberana Madre,
890 1412 1333 1450 ángeles, santos y santas,
890 1456 1391 1494 subió triunfante á la gloria
890 1501 1272 1537 la Rosa Palermitana,
887 1545 1357 1583 dejando acá sus reliquias
888 1590 1325 1625 en la cueva sepultadas,
887 1633 1383 1671 dentro de la misma piedra
895 1676 1461 1715 que al cuerpo sirvió de cama;
903 1720 1408 1759 y ahora en el mismo monte
895 1766 1347 1803 tiene su templo la santa,
894 1810 1371 1850 y es de todas las naciones
896 1855 1300 1892 conocida y venerada.
894 1898 1376 1935 Y así pidámosla humildes
900 1942 1405 1980 nos alcance de Dios gracia,
902 1986 1400 2026 de imitarla en sus virtudes
893 2032 1373 2075 y libre de peste á España.
721 2183 1034 2273 FIN.
165 2293 1592 2399 CARMONA:—Imprenta de D. José Maria Moreno calle Madre de Dios, núm. 1
