1765 2512
881 60 912 211 2
168 186 546 218 al divino precursor,
180 228 676 264 quiso que fuese anunciada,
167 275 675 309 y así dispuso que un ángel
172 319 548 351 á su madre visitara,
173 363 535 396 y la noticiase el dia
176 406 688 441 del feliz parto que aguarda,
167 451 573 485 y que la dichosa niña,
179 495 616 526 cuando reciba lá gracia
169 538 642 571 en el primer Saoramento
170 583 676 617 de nuestra iglesia Romana,
174 627 595 660 que la llamen Rosalia,
176 671 722 705 que asimismo Dios lo manda.
171 715 696 748 porque quiere que sus rosas
178 759 678 794 que son timbre de su casa,
169 804 656 836 al nacer le den el nombre
173 848 633 879 y al morir la coronaran.
172 891 710 927 Nació esta hermosa princesa,
172 937 664 971 y aunque fué tan deseada,
159 980 572 1013 no nació para reinar,
168 1024 660 1059 que como prenda tan alta,
171 1068 632 1101 desde sus primeros años
165 1112 670 1149 la tuvo Dios tan guardada,
172 1157 736 1193 que hasta su dichosa muerte,
176 1200 680 1234 vivió siempre resguardada.
167 1244 596 1279 Criabase aquesta niña,
161 1289 605 1323 y las primeras palabras
161 1332 678 1367 que pronunció en su niñez,
168 1376 697 1410 fué decir con voz muy clara:
162 1419 526 1453 Jesus, María y José;
163 1466 641 1497 y desde su tierna infancia
160 1509 612 1540 fué inclinada á la virtud
163 1554 607 1587 y diestra en ejercitarla;
170 1599 720 1629 que aunque tenian sus padres
161 1642 674 1675 maestras que la enseñaran,
159 1686 642 1718 escedió su entendimiento
158 1729 660 1763 las reglas de la enseñanza.
162 1773 616 1806 Era discreta y hermosa,
160 1817 616 1853 muy honesta y recatada,
160 1863 774 1899 y aunque princesa, era humilde,
157 1906 668 1941 en la condicion muy llana,
160 1951 704 1986 muy piadosa con los pobres,
159 1994 711 2028 y en dar limosna muy franca.
163 2038 724 2073 Mas como siempre á los niños
155 2082 588 2117 todo lo vistoso agrada,
154 2127 623 2160 con el trage de princesa
154 2171 704 2209 se fué inclinando á las galas,
150 2215 614 2249 como niña, y no por eso
148 2259 610 2294 hizo su virtud mudanza.
156 2303 610 2340 Siendo ya de doce años,
156 2345 615 2382 trata el padre de casarla
910 186 1360 227 con el conde Valduino,
910 230 1424 271 sobrino del rey de Francia,
916 277 1288 310 y deudo de Rosalia
924 318 1408 359 para que los dos reinaran.
910 362 1352 401 Mas como Dios la tenia
907 407 1323 448 para corona mas alta,
912 452 1292 490 escogida por esposa,
921 494 1366 534 vino amante á visitarla.
914 538 1448 578 Estando en su cuarto un dia
907 584 1322 623 ricamente aderezada,
912 629 1387 666 le dió una dama el espejo
912 674 1404 713 para que en él se mirara,
909 719 1356 755 y al ver en él su rostro,
917 760 1383 798 vió á la Imágen soberana
912 805 1322 842 de Cristo crucificado,
915 849 1418 887 vertiendo sangre sus llagas,
907 897 1411 929 y que con voz muy sentida
908 940 1336 973 la decia estas palabras:
913 984 1326 1019 mira cual estoy por tí,
904 1028 1326 1062 Rosalía, mal me pagas
902 1072 1414 1109 si á la vanidad te entregas;
911 1115 1372 1154 deja esas profanas galas,
908 1160 1347 1198 y si quieres hermosura,
901 1204 1303 1239 à tu rostro color saca
900 1249 1360 1284 de esta roja sangre mia,
903 1293 1443 1326 que por tu amor se derrama:
906 1336 1382 1373 has de mis espinas joyas,
898 1382 1358 1417 y estarás mas adornada,
899 1425 1468 1458 que las que en el pecho tienes
904 1469 1372 1504 son lazos para las almas,
904 1513 1456 1547 con que el demonio aprisiona
896 1556 1418 1595 á cuantos de mi se apartan,
894 1600 1324 1636 buscando su perdicion
897 1644 1344 1680 en la liviandad profana.
902 1688 1350 1726 Si deseas ser mi esposa,
903 1735 1369 1768 y quieres lograr la palma
902 1777 1338 1815 de mis amadas esposas,
898 1821 1372 1860 vete al Salvador mañana,
895 1866 1377 1903 y allí harás solemne voto,
906 1910 1456 1947 que es mi gusto que lo hagas.
900 1954 1310 1988 Recibe Sacramentado
896 1997 1412 2034 mi cuerpo, porque tu alma
902 2042 1402 2081 se limpie de tus descuidos,
892 2088 1388 2122 y se adorne con mi gracia.
894 2131 1388 2168 Entonces serás mi esposa,
896 2174 1372 2211 dándome mano y palabra
896 2218 1358 2256 de ser como esposa mia,
891 2262 1412 2301 humilde, obediente y casta.
897 2307 1354 2342 De este prodigio la niña
892 2355 1426 2392 quedó absorta y desmayada,
