868 1233
733 0 743 120 3
110 73 363 105 Laurel florido y hermoso
91 97 330 130 aplaudido de las ftores,
91 119 398 155 ¿qué se han hecho tus verdores
91 145 402 180 que ya no estás tan frondoso!
111 169 384 201 Entré en el jardin un dia
88 193 331 225 donde te ví floreciendo,
89 217 341 250 entre las flores viviendo,
89 242 337 275 pues de ver flores vivia,
91 267 339 299 y con tan dulce armonía
88 291 334 323 me llené de tanto gozo,
85 315 380 349 que cuando me fué forzoso
85 340 308 372 salir del jardin, lloré,
97 363 348 396 porque entonces te dejé,
90 387 353 419 laurel florido y hermoso.
115 412 367 443 Tú al deleite provocabas
89 436 331 469 con toda la inmunidad,
88 459 324 491 y tú propia en realidad
93 483 324 516 de tus delicias gozabas:
90 508 289 541 bizarría publicabas,
89 533 366 565 lo hermoso de tus verdores
90 557 314 589 y los fragantes olores
92 582 347 614 que las rosas te rendían,
94 606 328 639 eran voces que decian,
93 630 328 662 aplaudido de las ftores.
114 654 325 687 Ayer sin duda te ví,
91 678 347 710 laurel florido y hermoso,
88 701 360 735 hoy no verte tan frondoso,
96 725 300 759 laurel, no te conocí;
88 750 359 784 ¿dí de aquellos gustos, dí,
95 774 381 807 en dónde están los honores?
94 799 401 832 ¿qué se han hecho los favores
88 823 371 855 que todo el campo te hacia?
95 847 341 880 di, laurel del alma mia,
97 872 412 906 ¿qué se han hecho tus verdores?
121 896 383 930 Hermoso, verde y florido,
90 920 366 953 con tanto aire te elevaste,
98 943 374 977 que hasta el aire desairaste
98 968 337 999 dejando el aire abatido,
101 991 348 1024 de las flores aplaudido:
100 1016 345 1049 yo te ví, laurel precioso,
97 1039 373 1075 y que estando tan hermoso,
91 1064 318 1098 gozando tantos loores
97 1088 405 1121 ¿qué se han hecho tus verdores
98 1114 392 1147 que ya no estás tan frondoso?
464 72 690 104 Sepa mi afecto pagar
447 97 679 129 á quien le trate mejor;
448 120 717 155 á comerciar á otro puerto,
454 145 675 176 ni esclavo ni labrador.
483 168 728 202 Fino amante, enamorado
448 193 695 225 á tu belleza he servido,
451 217 737 249 el premio que he merecido
457 242 705 275 tan solo es haber penado;
456 266 734 301 ya estoy de amarte cansado,
461 291 700 324 ya no quiero mas penar,
460 314 686 348 en fin, quiero celebrar
458 339 691 373 otra hermosura divina,
458 363 717 397 que constante, fiel y fina
453 387 666 418 sepa mi afecto pagar.
479 411 752 442 El soldado que en campaña
450 435 694 468 sirve leal en su gremio,
457 459 739 492 al ver que no le dán premio,
453 483 716 516 deja las armas con saña;
458 508 723 540 y el esclavo que con maña
458 531 665 565 sirve fiel á su señor,
457 557 666 590 si le trata con rigor,
458 580 668 613 y no le puede sufrir,
459 605 688 636 le deja y se vá á servir
456 630 691 661 á quien le trate mejor.
482 653 707 684 La tierra con el arado
457 677 701 710 sulca el labrador astuto,
456 701 728 732 y al ver que no le dá fruto
457 725 675 757 la deja muy enojado;
464 748 740 783 surca el mercader cargado,
460 773 717 805 el mar con peligro cierto,
464 797 720 830 y el señor en tal concierto,
457 822 700 854 al ver que no logra ya,
459 847 658 880 gira la proa y se vá
457 871 739 902 a comerciar á otro puerto.
483 896 755 927 Esclavo en tu amor me ví
459 919 682 953 de finezas mercader,
457 943 681 975 labrador para querer,
464 967 690 999 soldado á tu órden fui:
468 991 694 1024 como esclavo te serví,
464 1014 743 1049 te mostré el mas fino amor,
460 1040 694 1072 sufrí batallas de ardor;
467 1065 673 1095 pero ya no quiero ser
467 1088 679 1120 soldado ni mercader,
460 1114 695 1145 ni esclavo ni labrador.
