896 1240
151 60 172 78 2
135 83 375 115 Gozé de lo que tuvistes
110 108 328 140 en la flor de tu niñez,
103 132 345 165 ya no tendrás otra vez
112 156 421 188 que dar lo que á mi me distes.
127 180 361 211 Tú por haber acertado
112 204 346 237 al dejar mi fino amor,
103 229 369 263 por no mezclar el dolor,
106 253 377 286 si piensas me he agraviado,
103 277 375 310 antes contento he quedado
111 302 412 336 mas que cuando me quisiste;
103 325 383 359 ahora que me aborrecistes,
106 349 358 384 y no haces caso do mí,
105 373 391 408 cuando de tu amor vencí,
103 398 345 433 gozé de lo que tuuistes.
128 422 419 455 Bien sé á quien tienes amor,
108 447 391 479 y á quien amas con gran fé,
113 470 353 504 pero de lo que yo gozé,
108 495 340 529 lo primero y lo mejor,
103 519 315 555 y que yo cojí la flor,
114 544 347 575 y que yo rompí el arnéz
115 568 327 601 si por una y otra vez
111 593 327 626 otro te goza marchita,
113 617 312 649 yo te gozé tiernecita
109 642 327 674 en la flor de tu niñez.
138 664 365 698 Antes eras tú la diosa,
109 688 375 721 la estrella mas reluciente,
105 713 368 746 la mujer mas competente,
113 737 360 770 que la envidiaba la rosa:
107 760 358 794 no te quise por esposa,
112 785 341 818 vide la luna á tus piés,
116 809 337 842 me rendí como cortés;
119 834 373 867 que otro goze tus favores:
113 858 394 892 mas por tus malas acciones
106 883 342 918 ya no tendrás otra vez.
136 907 334 941 Adios discipula mia,
113 931 386 965 á quien yo enseñé á querer,
110 955 321 989 la rosa que marchité
114 979 379 1013 y á quien de veras queria:
109 1003 330 1035 y tú por tus tonterias
113 1027 355 1061 admitir á otro quisistes;
113 1052 380 1086 no sabes lo que perdistes,
113 1076 418 1109 aunque admitas muchos mas,
118 1100 336 1133 ya no tendrás tú jamás
122 1126 430 1158 que dar lo que á mi me distes.
487 84 697 116 Si tú te vas á bañar
475 108 682 138 avisame un dia antes,
472 132 728 164 y te empedraré el camino
471 156 724 188 de perlas y diamantes.
490 180 812 212 De conchas, perlas, diamantes;
467 204 751 235 de brillantes y esmeraldas,
477 228 764 262 tengo de hacer un sombrio,
477 253 730 286 desde el lindar de tu casa,
469 277 700 309 hasta la orilla del rio:
467 301 703 333 una barca de oro fino,
473 324 713 357 tengo de mandar labrar,
476 350 716 380 del lienzo mas superior
479 373 740 406 porque no te pique el sol,
474 397 676 428 si tu te vás á bañar.
498 421 713 453 Irás en silla de manos
479 444 716 478 para ir mas descansada,
472 468 693 501 te daré cuatro criadas
482 493 729 525 que vayan acompañando:
480 517 736 550 si quieres llegar temprano
473 543 698 574 bello pulido diamante,
470 566 716 600 te daré coche y volante,
470 590 688 624 si no quieres ir á pié;
480 615 704 648 te lo pido por merced,
478 639 693 672 avisame un dia antes.
501 662 746 694 Aquí me pongo á cantar
473 686 751 722 por darle gusto á mi asunto,
479 710 729 743 y sin faltarte ni un punto,
482 735 731 766 yo no puedo quedar mal:
479 758 735 791 de aquí pasaré á Gibraltar
473 783 740 815 con la vista y con el tino,
480 806 704 840 yo me iré de peregrino
479 831 709 864 por toditos los lugares,
482 857 705 888 buscando mil oficiales,
475 880 751 913 para empedrarte el camino.
498 904 739 935 Mi décima no es finjida
483 928 746 960 para obsequiar tu persona,
482 952 692 985 te mereces la corona,
477 977 694 1008 de toda la Andalucia;
478 1000 697 1031 todo lo que te ofrecia.
476 1024 704 1056 aquí traigo para darte,
481 1049 703 1081 una corona triunfante
479 1073 722 1105 de metal y perlas finas;
474 1097 764 1130 tambien te haré una berlina
480 1122 709 1155 de perlas y diamantes.
