907 1307
166 27 769 187 TROVOS NUEVOS Y DIVERTIDOS.
150 175 461 209 A un jóven y á un viejo quiero,
120 199 364 232 aunque con distinta ley,
122 223 399 256 quiero el jóven por su cara,
127 247 373 280 y al viejo por la del rey.
151 271 393 305 Es mi carácter grosero,
120 294 352 329 no lo puedo remediar,
125 320 351 355 y mi genio placentero:
120 344 319 380 y para especulizar,
120 369 433 401 á un jóven y á un viejo quiero.
146 393 414 427 Soy mas tenaz que Muley,
128 417 397 449 y voy siguiendo mi intento,
126 441 421 475 tengo mas calma que un buoy
122 465 420 498 y á los dos doy cumplimiento,
123 489 380 523 aunque con distinta ley.
145 514 399 545 Es en el mundo muy rara
123 538 362 570 la que suele despreciar;
126 562 361 595 con el interés soy clara,
122 586 375 619 pero en tocando al casar,
125 610 399 642 quiero al jóven por su cara.
139 634 430 667 Aunque me pretenda un Dey,
125 659 392 691 con su opulencia y su oro,
116 681 379 715 no he de faltar á mi ley;
120 706 396 740 por su cara al mozo adoro
117 731 360 764 y al viejo por la del rey.
276 781 297 811 II.
142 827 414 861 El que quiera vivir mucho
120 851 410 886 ha de huir lo mas que pueda,
119 875 331 906 de médicos y boticas
120 899 412 933 pepinos, melones y hembras.
151 923 461 959 Aunque me llamen no escucho
116 947 371 982 á las de catorce en cesta;
123 972 400 1006 guarde entero su cartucho,
117 996 374 1029 ande con esta respuesta,
120 1020 386 1055 el que quiera vivir mucho.
141 1044 423 1079 Aquel que libre estar quiera
124 1068 400 1104 de practicantes y unciones,
117 1093 365 1127 no afloje la faltriquera,
484 153 761 188 de las que piden doblones,
485 178 776 212 ha de huir lo mas que pueda.
518 202 763 235 Pájaro que mucho pica,
489 225 717 260 en la red pronto caerá,
493 250 748 285 el buen sentido le indica
491 274 710 308 huir de toda manera,
491 298 697 330 de médicos y boticas
506 323 766 356 Si de mujeres te prendas,
491 346 701 380 darás fin á tu caudal,
488 371 754 406 déjate pues de contiendas,
486 395 733 429 sabe que es perjudicial
490 421 777 453 pepinos, melones y hembras.
643 471 675 501 III.
515 542 785 575 Quién fuera mozo y casado,
482 566 735 600 y confesor de las damas,
491 590 744 625 cirujanos por las tardes,
483 614 767 647 y médico por las mañanas.
516 638 748 672 Paseando por un prado,
486 662 753 696 ví un poeta en un balcon
495 686 737 720 disputando con un sábio
489 710 704 745 que decia con fervor,
484 735 769 769 quién fuera mozo y casado.
515 759 734 791 A todas las resaladas
492 783 749 817 sepan que doy á entender,
491 807 757 841 que para saber sus tramas
489 831 689 863 mocito quisiera ser,
485 855 736 889 y confesor de las damas.
513 879 738 913 Paseándome una tarde
483 904 698 937 por el paseo del rey,
493 928 751 962 ví una mujer con donaire;
484 952 683 985 por eso quisiera ser,
486 976 730 1009 cirujano por las tardes.
509 1000 724 1034 Regocíjate con galas,
480 1025 705 1058 salada con tu querer;
489 1049 702 1082 para visitar madamas,
485 1074 699 1106 digo que quisiera ser,
486 1097 743 1132 medico por las mañanas.
130 1060 810 1220 Imprenta de D. José María Moreno, calle Madre de Dios número 1.
