1752 2480
1127 229 1427 381 Número 379.
424 1224 1244 1273 NUEVA RELACION BURLESCA,
117 1305 1551 1358 en la que se refiere el chasco que le dió un
112 1381 1562 1427 Arriero á un Sacristan, con lo demás que verá
558 1452 1096 1500 el curioso lector
182 1568 747 1613 En lo que baña la luna
120 1612 699 1656 ó en lo que calienta el sol
128 1657 634 1691 no se puede contar chasco
126 1700 744 1737 como el que he presenciado yo;
123 1748 644 1782 qué chistoso, que celebre,
124 1789 594 1828 qué raro, qué tunanton,
119 1834 554 1869 acaecido en una Villa
130 1878 584 1916 que se llama Tarancon,
131 1923 583 1958 con un Sacristan vicioso
119 1967 590 2005 muy lascivo y socarron,
132 2012 589 2048 que servia su parroquia
132 2056 546 2091 el año cuarenta y dos:
120 2101 699 2136 fué el caso, que á este sujeto
132 2144 526 2178 le dominó la pasion
124 2189 658 2224 de amores, con una jóven
134 2233 608 2268 que el año anterior casó
127 2277 660 2315 con Francisco de las Peñas
128 2321 596 2358 hijo de esta poblacion:
123 2367 478 2401 este tenia el oficio
123 2413 581 2448 de cosario ó conductor
855 1566 1433 1602 de encargos para otro pueblo
864 1613 1348 1646 que le llaman Albuidon,
863 1658 1390 1690 distante de allí diez leguas;
861 1702 1262 1734 un dia. de San Anton
857 1746 1388 1779 el cosario fué al Convento,
856 1790 1392 1824 monjas de la Encarnacion,
863 1834 1285 1869 á llevarle á la Priora
856 1879 1262 1914 un pequeñito cajon.
863 1924 1347 1957 con regalos de un sujeto
862 1967 1325 2002 del lugar de Tarancon:
856 2012 1343 2045 entró al locutorio Peñas,
861 2056 1206 2090 y la Priora salió,
859 2100 1371 2134 y en varias conversaciones
868 2144 1398 2189 que pasan entre los dos,
858 2188 1243 2223 tocaron á las efijies
859 2234 1306 2268 trabajadas con primor;
863 2278 1371 2315 y Peñas dijo á la madre,
868 2324 1302 2357 en mi pueblo tengo yo
861 2368 1369 2402 un amigo que es tallista,
859 2412 1254 2445 retratista y escultor:
