1765 2512
323 168 353 202 2
225 214 733 248 es hábil mas que ninguno
232 259 714 294 que tenga esta profesion;
225 303 708 335 pues bien, dice la Priora:
235 347 821 380 quiero me haga usted el favor,
227 390 643 424 de mandarle trabajar
231 434 691 468 sin ninguna detencion,
229 478 754 510 un San Sebastian perfecto,
234 522 739 556 porque es nuestra relijion
230 566 672 599 le tenemos á este Santo,
232 611 644 643 estremada devocion:
227 656 686 688 tenemos uno muy viejó
235 700 624 734 y segun calcúlo yo,
230 745 696 776 ha de costar gobernarlo
236 789 732 820 mas que vale, y es mejor,
227 832 723 865 hacer un nuevo, y que sea
236 877 708 909 de aquello mas superior.
228 921 713 956 El cosario dijo al punto;
231 966 690 999 en ello me encargo yo,
235 1009 698 1043 y luego que se concluya
230 1054 676 1090 le metere en un arcon,
236 1100 718 1131 y en mis bestias le tracré
234 1144 720 1178 para que venga mejor;
235 1189 747 1222 pues señor, dice la madre,
220 1233 730 1266 ¿quedamos en conclusion
231 1278 840 1314 en, que queda usted encargado,
229 1321 694 1354 es corriente, respondió
231 1367 746 1401 el cosario, y de la madre,
236 1411 698 1443 muy cortés se despidió.
228 1455 743 1488 Fué á la posada, y en ella
231 1500 612 1533 sus Bestias aparejó;
235 1542 696 1577 y marcha para su casa;
236 1587 670 1622 luego que á ella llegó;
235 1633 777 1665 su esposa que bien le estima
227 1665 707 1708 á recibirfe salió,
243 1716 893 1756 despues de mirchos requiebros
231 1766 712 1798 que pasan entre Jósedlos,
236 1811 738 1844 y ya que hubieron ceñado
235 1853 690 1886 haciendo conversáción
240 1882 896 1930 dice la esposa al marido
229 1942 652 1975 si no fuera por temor
234 1974 888 2020 de alguna mala resultas.
234 2030 674 2063 te diera cuenta y razon
235 2072 887 2109 de asuntos qué por mí pasan;
230 2122 708 2153 pero tengo alcun temor
233 2166 805 2198 que tu genio es muy livero,
232 2211 742 2242 y te enjendrá mal hurñór,
236 2238 895 2287 El que no era nada tólito
232 2283 896 2333 al punto se presumió,
958 207 1446 245 si algun picarillo amigo
955 258 1492 290 le quisiese hacer traicion,
957 301 1404 334 y así muy disimulado
959 344 1369 378 el márido respondió:
963 387 1465 422 muy bien sabes tú Rosita
959 430 1470 466 que de mi genio hago yo
959 476 1555 510 cuanto quiero, y por lo mismo
955 520 1403 556 puedes con satisfacion,
959 566 1423 597 contarme cuanto te pase
957 609 1410 643 sin ninguia detencion;
968 654 1461 688 cuentame, esposa querida
956 698 1416 731 no tengas ningun rubor:
969 743 1520 776 que tengo yo mas paciencia
961 786 1514 822 que el burro de un aguador;
965 829 1364 864 pues mira, te lo diré,
959 874 1333 907 Rosita le respondió
963 918 1511 953 y por Dios que no te enfades
959 961 1408 995 que me causa desazon.
968 1005 1480 1040 Has de saber Francisquito,
959 1051 1448 1085 que el Sacristan picaron,
963 1095 1474 1129 hace ya unos cuantos dias
961 1139 1493 1172 que en la calle me encontró
963 1184 1405 1217 viniendo yo de la plaza
959 1230 1556 1263 de haber comprado un melon,
965 1273 1444 1310 y me dijo á Dios Rosita,
966 1316 1472 1354 si ahora fueras tú melon,
971 1363 1391 1396 pana oler los melones
958 1407 1274 1443 a ti te oleria yo;
960 1451 1408 1482 tienes un yo no sé qué
968 1494 1358 1528 Rosa de mi corazón,
965 1527 1564 1572 que me tiene amelonado
969 1568 1564 1615 tu graciosa condicion
967 1614 1557 1662 y si te atreves Rosilla
963 1657 1560 1704 a pagar mi fino amor
971 1716 1332 1749 venderia la solana
963 1744 1565 1793 ó robaria el Copon;
967 1789 1565 1838 para ser agradecido
964 1837 1558 1882 á tan singular favor:
967 1894 1542 1927 yo que lo estube escuchando,
967 1939 1362 1971 me salió tanto calor
963 1981 1414 2014 á la cara, que no pude
967 2026 1388 2060 darle la contestacion;
968 2069 1407 2103 volví la cara y me vine
961 2114 1392 2149 sin decirle arre ni so,
969 2159 1473 2193 y desde aquel mismo dia
972 2203 1452 2237 por mañana, á la oracion,
969 2246 1385 2283 y mas tarde, se pasea
972 2278 1563 2328 por todo este alrededor,
