1737 2508
212 197 753 236 Esto es lo que me ha pasado
208 243 621 281 con este noble señor,
207 288 736 323 yo le aborrezco de muerte;
220 331 652 368 pero me harás él favor
215 378 739 413 de no hablarle una palabra
224 423 630 455 para evitar la ocasion
216 453 760 502 de una riña que produzca
211 513 588 545 una fatal perdicion.
212 557 632 588 El marido con sonfisa
213 600 629 634 á su mujer respondio.
215 645 608 678 descuida Rosita mia,
221 688 646 722 pero me harás el favor
217 733 734 767 de ayudar á armar un lazo,
211 776 702 811 para que ese gran bribon
223 820 640 855 se le dé su merecido
222 864 636 900 del modo que diga yo;
211 910 700 946 ten cuidado cuando pase
220 955 608 989 ese indecente, señor,
218 998 755 1054 te muestras á él risueña
211 1045 636 1081 manifestándole amor,
213 1091 739 1122 te hablará con mil amorés,
211 1134 628 1167 le oyes con atencion,
222 1177 658 1215 y le dices: señor mio,
224 1221 640 1257 con la vida y corazón
223 1264 631 1300 deseo servir á usted;
227 1309 620 1344 pero será en ocasion
219 1355 723 1388 que mi marido esté fuera,
220 1397 641 1434 y segun convelsácion
223 1443 708 1479 tuvimos á noche mismo,
222 1487 624 1520 sale hoy á la oracion
223 1532 707 1566 por no sufrir entre el dia
227 1576 593 1609 tan rigorosa calor,
217 1620 656 1654 usted acecha su salida
223 1665 663 1702 y en seguida sin temor
215 1710 688 1747 se viene á esta su casa,
223 1753 639 1785 y al cuidado estaré yo
230 1798 660 1831 para tenerle la puerta
227 1844 661 1876 abiertá, en disposición
221 1886 751 1921 que sin ser de nadie vistos
232 1930 730 1970 disfrutemos nuestro amor,
231 1973 694 2011 y esto con tales palabras
229 2018 699 2056 que no sospeche traicion:
220 2062 686 2099 acto continuo dispongo
232 2105 673 2144 el viaje para Albuidon,
226 2150 694 2187 luego que el pájaro esté
232 2193 754 2250 encerrado en la prision,
228 2235 598 2273 y diga quiere gozar
226 2283 684 2321 los perfumes de la flor
1508 146 1528 176 3
946 191 1490 231 le dices que tu acostumbras
945 239 1529 296 para disfrutar mejor. viba.
940 281 1531 339 momentos tan regalados
940 326 1531 383 como los presentes son,
945 372 1525 425 desnudarte de camisa.
941 414 1531 469 y que lo mismó hago yo;
944 461 1523 507 no se escusará él tampoco
945 503 1438 542 y tú vas dando ocasion,
940 549 1533 599 que se desnude él primero;
951 595 1529 648 hecha esta operacion
943 637 1525 693 le dices: voy a cerrar
949 684 1517 737 el postigo del balcon.
951 729 1529 782 te asomas y yo estaré
952 773 1531 823 en toda esta observácion,
952 818 1517 867 llego llamando á la puerta
944 863 1523 913 con gran precipitácion,
945 906 1525 957 tú te finges asustada
947 950 1529 1000 y le dices: ay señor,
944 994 1534 1039 mi marido es el que llama,
949 1040 1526 1075 qué haré yo en esta ocasion?
951 1085 1529 1133 él ansiará por, salvarse
955 1128 1523 1182 y para esto el arcon,
945 1173 1531 1228 aquel largo de cocina
948 1219 1531 1269 lo tienes de prevencion,
948 1263 1527 1316 desocupado y puesto.
948 1306 1525 1355 en la misma habitacion.
954 1350 1533 1403 le mandas se meta en él
953 1396 1529 1449 cual su madre le parió,
960 1440 1531 1492 echas la llave en el arca
959 1480 1533 1536 y queda como el raton;
966 1529 1526 1570 en seguida abres la puerta
963 1572 1436 1616 y dejas á mi eleccion,
952 1618 1526 1664 el resto de aquesta escena
962 1663 1528 1709 que será de admiracion
954 1708 1521 1750 La mujer queda conforme
951 1752 1527 1801 en dar gusto á su senor,
963 1796 1524 1837 con condicion de no herirle,
956 1839 1529 1888 á lo que él condescendió;
958 1885 1533 1937 pues señor todo se hizo
962 1929 1517 1983 como el marido mando;
964 1971 1523 2023 y á las siete de la noche
966 2019 1531 2070 quedó hecha lá prision;
953 2062 1532 2109 entra el marido en la casa.
956 2107 1529 2157 renegando hasta de Dios,
960 2150 1521 2203 á la mujer con oprovios sa
959 2194 1527 2244 porque la puerta no abrio,
959 2241 1408 2274 al punto de su llamada
955 2287 1531 2322 cuando, el primer golpe dió;
