1752 2480
240 234 262 267 4
152 277 522 313 ella fingia asustarse
149 324 504 360 y le pedia perdon;
148 366 588 406 pero le dijo en secreto,
152 413 590 445 ya está echa la prision:
148 455 698 490 las bestias deja en la puerta
156 500 520 536 y la escalera subió,
148 544 568 579 diciéndole á la mujer
140 589 564 625 maldito sea el arcon,
148 634 690 667 que lo vendí hace dos meses
144 676 650 715 á las Monjas de Albuidon,
143 722 545 756 y en el viaje pasado
147 767 603 804 y en el otro de anterior,
139 813 646 846 como llevo tanto encargo
148 855 546 891 el maldito se olvidó;
148 900 540 933 ayuda le bajaremos:
141 945 623 978 la mujer muy bien fingió
140 989 556 1026 evitando el ayudarle,
144 1034 624 1067 y él cojiendo un barejon
140 1076 646 1114 daba en aquellas paredes,
136 1122 604 1155 con conjuro y maldicion
138 1166 753 1202 cuanto el que estaba encerrado
144 1211 510 1247 satisfecho se quedó,
138 1255 608 1290 de que su amada Rosita
136 1300 661 1336 no le habia hecho traicion:
140 1344 584 1378 por fin bajaron el arca
138 1390 646 1427 arrastrando entre los dos,
141 1434 599 1468 la suben en una bestia
133 1478 555 1513 la que con sogas ató,
136 1523 558 1558 y tomando su camino
134 1567 556 1602 al dicho pueblo llegó
132 1613 556 1648 á otro dia de mañana:
134 1656 664 1696 luego al convento marchó,
136 1700 682 1753 llamó á la madre Priora,
138 1747 604 1781 la que al instante salió:
140 1789 624 1826 le dice: aquí tiene usted
139 1833 666 1874 la Imágen que me mandó,
140 1878 646 1915 un san Sebastian hermoso
136 1921 622 1961 no se hallará otro mejor,
133 1967 667 2004 al punto abrieron la puerta
134 2010 510 2049 la comunidad salió,
134 2054 575 2092 y entre todas ayudaron
131 2099 523 2136 y subieron el arcon
127 2143 532 2181 al coro, para sacarle
128 2189 512 2225 y darle colocacion.
128 2233 630 2273 Pues Señor llegan al coro,
134 2279 554 2317 y Peñas el arca abrió;
821 269 1331 320 el picaro que está dentro
880 328 1250 364 al disimulo se dió,
877 372 1305 409 esperando si le dejan
886 417 1316 453 una noche de funcion,
882 444 1496 495 y sin mover las pestañas
884 505 1406 543 como un muerto se quedó;
875 532 1500 584 las madres todas le miran
879 594 1316 629 y le dan gracias á Dios,
875 629 1494 674 y al maestro que habia hecho
879 682 1336 718 tan hermosa perfeccion.
872 727 1304 762 pero la madre Priora
869 772 1311 810 Aparte á Peñas llamó,
876 816 1274 854 y le dice: señor mio,
880 861 1481 925 muy bien está, si señor
876 904 1503 971 pero tiene... pero tiene...
872 951 1314 986 y qué tiene? respondió
874 994 1294 1032 el cosario: y ella dice:
868 1038 1340 1078 tiene... un... que se yo
876 1082 1422 1124 Vuelven á cercarse al arca,
874 1128 1244 1165 la Priora prosiguió,
868 1171 1502 1225 tiene... aquello... que parece
867 1218 1406 1254 segun mi vista un... raton.
876 1261 1295 1300 Dice otra á la Priora;
879 1305 1286 1345 un sudario le haré yo;
881 1349 1288 1389 pero la madre Priora
867 1395 1245 1432 manifiesta desazon,
871 1434 1272 1476 y visto por el cosario
875 1482 1307 1524 al bolsillo mano echó,
873 1529 1491 1593 y sacando una navaja
867 1572 1243 1612 dice: ya se remató,
875 1616 1420 1655 se le corta, y santas pascuas.
870 1661 1380 1705 El sacristan que esto oyó,
879 1707 1417 1746 pega un brinco y la escalera
868 1750 1274 1789 la bajaba dos á dos.
867 1796 1464 1835 Las madres que aquesto vieron
867 1841 1320 1879 á Dios le piden perdon,
875 1885 1424 1924 porque el santo se habia ido
876 1930 1354 1968 por no sufrir tal herror
871 1973 1382 2016 y en aquel estado el santo,
864 2017 1284 2055 á su casa se marchó.
875 2062 1358 2100 Escarmienten los galanes
875 2107 1416 2148 que se andan de flor en flor,
879 2152 1320 2189 porque les puede pasar
865 2197 1332 2235 lo que al sacristan pasó,
869 2241 1309 2277 y de todos mis defectos
866 2287 1266 2321 señores pido perdon.
1398 2289 1492 2328 FIN.
213 2358 1455 2408 REIMPRESO EN CARMONA. Imp. de D. José Maria Moreno.
