1560 2308
1290 98 1329 152 7
85 132 424 203 he oido decir; al caso
84 188 398 251 ¿tú me quieres?
44 238 383 301 CRIAD. No señor.
48 285 706 360 PAc. Ya este pleito se ha acabado.
84 335 408 392 Dame un abrazo.
38 384 429 436 CRIAD. Al demonio.
34 431 653 499 PA. Toma, dueño idolatrado.
394 489 613 548 LA ABRAZA.
42 531 572 610 CnIAD. Señora, señora mia.
74 606 650 712 SALEN DONA ANA, Y D. TADEO.
33 707 483 789 ANA. Qué ha sucedido?
26 770 417 837 CRIAD. Un agravio:
64 815 628 890 que el Page es un atrevido.
22 868 699 937 AN. ¿Qué ha hecho este mentecato?
33 913 695 1003 CnIA. Me ha empezado á galantear,
58 972 601 1049 y porque no he contestado
63 1016 483 1080 á casarme yo con él,
71 1067 454 1125 me ha dado á mi...
14 1107 244 1169 ANA. Qué?
16 1151 349 1222 PAc. Un abrazo:
66 1207 527 1272 como dicen no sé nada,
64 1255 517 1323 quise ver si sabia algo.
20 1300 615 1371 CRIAD. Mire usted, señora mia,
59 1365 682 1417 por mi honor, ¡Ay, cielos santos;
59 1398 564 1470 qué se dirá por el mundo!
6 1449 680 1529 PAc. Que un Page la dió un abrazo.
3 1499 564 1570 ANA. Vaya el picaro bribon
54 1553 542 1613 á conocer á otros amos,
54 1601 674 1664 que en mi casa no ha de estar;
57 1645 543 1714 váyase pues de contado.
-5 1684 513 1766 PAd. Si mi tio lo supiera,
46 1738 634 1823 no sé que hiciera en tal caso.
791 142 1422 223 Mas qué se ha de hacer?paciencia
790 210 1376 275 tras de este vendrá otro año;
794 252 1304 321 que como el tio murió...
747 287 1166 360 ANA. Calle el bribon.
745 340 1139 404 PAG. Ya he callado.
740 392 827 462 ANA.
847 398 1424 461 ¿Qué hace aquí que nose vá?
1080 443 1280 501 EMPUJALE.
739 480 1414 569 PAc. Ya me iré; vamos despacio,
789 545 1250 610 y no me trate usté así;
780 593 1390 676 porque aunque soy un criado,
788 647 1300 707 soy tan bien nacido como
785 678 1250 751 fué la mujer de Pilatos;
780 736 1366 804 y no hay que meterme bulla,
781 789 1319 848 que si acaso yo me enfado,
777 831 1241 892 echare al Ama y Criada
779 869 1374 947 con cuatrocientos mil diablos;
778 938 1400 1011 que aunque soy un pobre Page,
775 978 1309 1051 es porque soy desgraciado;
778 1026 1240 1099 que como el tió murió,
777 1075 1286 1139 á mi madre la enterraron.
724 1110 1280 1194 TAD. Basta de conversacion,
769 1175 1182 1231 y váyase de contado.
721 1219 1392 1291 PAG. Ya me iré; porque yo quiero,
765 1281 1396 1343 no porque me lo han mandado.
720 1315 1352 1384 CRIAD. Del mundo fuera mejor.
726 1366 1391 1444 AN. Excelente ha estado el chasco.
718 1414 1151 1478 PAG. A Dios, cochina.
719 1461 1147 1529 CRIAD. A Dios, bruto.
708 1510 1119 1574 PAC. ADios, puerca,
713 1563 1219 1639 CRIAD. A Dios, marrano.
713 1647 1391 1730 Topos. Y aquí acaba este Sainete,
760 1704 1274 1785 perdonad defectos tantos.
558 1941 805 2073 FIN.
