1737 2508
215 153 659 189 me dijo que me pondria
210 200 625 239 en un cepo de cabeza.
209 248 603 285 Alcé la mano furiosa
210 296 673 333 y en mitad de la mollera
212 345 691 383 le dí un golpe y se quedó
213 391 608 429 bailando la pataleta...
216 439 604 475 A cuyo tiempo llegó
219 488 712 523 la justicia, y me amonesta
213 534 756 572 que me entregue á la prision
219 581 715 622 por voluntad, ó por fuerza.
218 628 619 669 Díjeles que no queria
219 675 593 717 y sacando mi vihuela,
220 725 574 763 empezaron á danzar
210 771 607 810 una jácara de cuenta.
208 818 696 859 Dí la muerte á un alguacil,
215 866 687 905 porque atrevido se arresta
206 915 638 952 á prenderme: pero fué
213 962 599 999 en vano su diligencia.
213 1009 690 1048 Y á un escribano tambien
211 1060 738 1096 le alcancé con gran violencia
207 1106 615 1145 una estocada, y tomó
209 1155 610 1192 el suelo por cabecera.
209 1202 647 1239 En verdad que no pensé
207 1249 682 1288 salir bien de esta refriega,
201 1298 641 1334 sino por un valenciano,
209 1346 601 1381 que valeroso se llega
207 1392 679 1429 á guardarme las espaldas;
206 1441 578 1477 y yo de cólera ciega,
211 1487 734 1526 á cuál derribo, á cuál mato,
211 1535 658 1571 finalmente abrí la senda
210 1582 619 1619 para escaparme, y salí
208 1630 684 1667 con tres heridas pequeñas:
205 1677 637 1713 y el valiente valenciano
206 1724 706 1762 me siguió, y en una cueva
210 1773 631 1809 pasamos aquella noche,
213 1821 702 1860 y antes que el alba viniera,
208 1868 594 1903 un vaquero nos llevó
204 1916 624 1953 al puerto de Salobreña.
212 1963 642 2001 Corrimos las Alpujarras,
207 2009 638 2048 y en la villa de Alcoléa
207 2058 647 2097 nos hallamos sin dinero,
199 2105 604 2143 ni cosa que lo valiera.
208 2152 625 2191 Fuímos á una casa rica
202 2200 680 2241 de una señora de prendas
203 2251 642 2288 y con una industria rara
952 156 1382 191 le quitamos en moneda
947 205 1416 240 hasta cuatro mil ducados,
946 252 1448 287 que no fué muy mala presa,
953 300 1375 334 Campamos algunos dias
951 347 1424 382 haciendo mil francachelas :
956 395 1494 436 que aquello que cuesta poco,
952 442 1412 480 se gasta como sin rienda.
946 490 1387 529 Llegamos á Montejucar,
945 538 1451 575 y en una encumbrada sierra
948 585 1404 625 hallamos á un mercader,
949 634 1403 670 que pasaba en una yegua
948 681 1388 717 á caballo, y lo metimos
950 729 1422 764 en lo áspero de una breña.
950 776 1427 813 Y al tiempo de registrarle
950 824 1352 863 compasivo se lamenta,
951 873 1400 912 diciendo: no me mateis,
944 921 1382 957 amigos , que yo quisiera
949 967 1370 1002 tener á vuestro servicio
939 1013 1426 1051 de este mundo la riqueza:
943 1060 1447 1102 Veis aquí dos mil ducados,
941 1107 1403 1149 perdonad por la miseria.
945 1158 1427 1198 Recogímoslos, y al punto,
948 1205 1327 1242 en pago de la fineza,
938 1253 1344 1290 lo dejamos maniatado,
941 1301 1560 1337 puesto el pobre en la inclemencia.
944 1349 1375 1385 Ausentámonos huyendo
947 1396 1405 1436 por otras distintas tierras,
937 1444 1494 1482 siendo asombro de los montes,
937 1490 1395 1531 y escándalo de las selvas,
941 1538 1463 1579 y en el puerto de Archidona
939 1587 1424 1625 vimos, que en una calesa
935 1635 1494 1675 iba un francés muy triunfante,
940 1682 1369 1721 con una madama bella;
934 1731 1382 1768 lleguéme á él, y le dije:
936 1777 1417 1815 de qué país, ó qué tierra ?
938 1824 1438 1865 él me respondió: Flamenco;
932 1873 1440 1913 mas yo conocí en la lengua,
928 1920 1286 1956 que mentia, y tiré
938 1968 1388 2005 con muy súbita violencia
931 2014 1349 2053 un trabucazo, y quedó
942 2061 1442 2102 pidiendo al Cielo clemencia.
934 2110 1460 2150 Registrámosle, y le hallamos
932 2158 1360 2196 hasta dos mil y cuarenta
931 2205 1364 2246 doblones de plata y oro,
933 2253 1444 2295 que no fué muy mala presa.
