1765 2512
203 159 664 195 Robóme su amor el alma:
200 209 632 245 y yo viéndome sin ella,
204 257 566 290 le dije si me queria
204 301 696 339 por esposa, y la respuesta
208 350 712 386 que me dió, que no igualaba
200 398 678 436 en calidad ni en hacienda,
207 446 624 482 porque tenia á su gusto
204 492 614 529 dama de mayor esfera:
212 539 589 579 Obedecí su mandato,
208 590 616 627 y cual leona sangrienta
202 637 648 678 entré furiosa en mi casa,
205 685 626 723 aguardando que viniera
210 730 604 768 la noche , para vengar
207 778 633 817 de mi enojo la soberbia:
208 825 634 865 Y mudándome de traje,
212 875 666 913 tomé la espada, y rodela,
212 924 564 960 y con una carabina
208 970 618 1008 bajé veloz á la puerta.
216 1015 700 1055 Víle que estaba en la calle
199 1066 612 1104 hablando por una reja
211 1114 716 1152 con cierta dama , y llegando
206 1161 623 1199 le dije de esta manera:
206 1209 658 1250 Infame , traidor, sin ley,
216 1257 650 1294 cómo atrevido desprecias
208 1307 602 1343 el honor de mi linaje,
204 1351 705 1386 sabiendo que soy tan buena
205 1400 704 1435 como cuantas puede haber ?
204 1448 602 1484 Ahora vengo resuelta
212 1497 668 1532 á que me quites la vida,
212 1544 640 1579 ó yo quedar satisfecha:
212 1590 724 1627 Ea, cobarde, qué aguardas?
209 1638 746 1675 Y el mozo puesto en defensa,
214 1689 567 1725 se defendia bizarro,
216 1736 700 1772 mas de poco le aprovecha,
215 1780 765 1819 que con cuatro, ó cinco herid:
223 1833 664 1868 cayó difunto en la tierra.
213 1881 571 1917 Alborotóse la dama
219 1928 710 1963 al ver su esperanza muerta,
216 1976 624 2013 pero de un carabinazo
213 2024 654 2059 cayó como una cordera.
222 2071 676 2105 Vino al punto la justicia;
220 2119 694 2155 mas yo como una centella
216 2167 698 2203 me escapé, bien prevenida,
223 2214 681 2249 dara la ciudad de Huesca.
223 2261 679 2299 Este fué el primer motivo
930 157 1340 193 para salir de mi tierra,
932 205 1366 241 para olvidar á mi patria,
927 252 1346 288 tan poderosa y amena.
928 299 1466 339 Llegué á la ilustre Pamplona,
927 347 1330 383 fértil pais de Amaltea,
928 395 1399 429 donde estuve algunos dias
927 443 1327 478 logrando la primavera.
940 491 1427 525 Dejé mi nombre y me puse
932 538 1404 575 Raimundo , por Espinela,
938 584 1420 621 siendo, pues, por mi valor
932 633 1366 669 respetada donde quiera.
936 680 1358 717 Senté plaza de soldado,
933 728 1386 766 y en el presidio de Ceuta
932 776 1324 811 estuve catorce meses
934 823 1360 859 en la militante escuela.
934 871 1418 908 Y el dia cuatro de octubre,
940 919 1422 955 no sé sobre qué pendencia,
933 967 1424 1001 quité la vida á un sargento
934 1013 1456 1052 por ser muy largo de lengua.
944 1062 1360 1100 Pocos dias se pasaron,
944 1110 1412 1145 cuando la fortuna adversa
943 1158 1440 1192 me trajo en cierto barquillo
936 1205 1388 1240 á la ciudad de Marbella.
940 1253 1466 1288 Desembarquéme, y estando
948 1301 1338 1337 una tarde en la ribera
943 1348 1407 1386 divirtiéndome en el juego
946 1395 1376 1435 de trucos en una mesa,
944 1443 1404 1480 no me acuerdo sobre qué
939 1491 1392 1529 se formó una escarapela,
943 1539 1460 1576 que eran seis contra mi sola;
944 1587 1472 1622 con que me obligó la fuerza
943 1635 1293 1670 de la razon á sacar
939 1683 1450 1719 los instrumentos de guerra,
943 1731 1431 1769 y á las primeras mudanzas
952 1778 1416 1814 cayeron los tres en tierra,
947 1827 1412 1865 y los demas se escaparon,
945 1874 1414 1910 que si no lo mismo fuera.
943 1922 1440 1957 Entré en Málaga, y un dia
941 1969 1401 2006 estando en la calle Nueva
951 2017 1381 2054 con un mercader, llegó
949 2065 1478 2103 (que el diablo todo lo enreda
948 2114 1468 2151 un ministro , y me pregunta,
946 2160 1380 2196 que de qué paraje era ?
949 2207 1427 2244 Díjele, qué le importaba ?
941 2257 1403 2298 y sobre esta dependencia,
