1765 2512
182 186 667 241 Y volviendo á la madama,
191 235 585 288 en una caja pequeña
192 279 681 337 le hallamos grandes alhajas
190 325 697 384 de oro fino, y lindas perlas:
199 376 673 435 que valian muchos reales:
197 428 593 484 y le dije : Daca, perra,
206 467 731 529 que no es razon que te lleves
202 522 644 579 de España tanta riqueza.
197 574 579 626 Y viendo se resistia,
201 617 655 677 le dí entre oreja y oreja
207 661 691 723 un gran golpe, y se quedó
205 712 664 771 revolcándose en la arena.
221 761 651 816 Cogimos todo el tesoro,
214 809 663 867 y corriendo á toda priesa
216 857 637 915 entramos en Riogerdo,
223 905 629 963 y la justicia que llega,
223 953 673 1009 donde sin poder valernos,
223 998 671 1059 nos aprisionan, y cercan
221 1041 737 1110 en un meson, pero entonces
223 1092 721 1156 mi buen compañero intenta
227 1143 697 1200 defenderse , mas no pudo,
231 1187 748 1248 porque el pecho le atraviesan
230 1235 725 1295 de un trabucazo, y yo sola
231 1287 621 1343 hice tanta resistencia,
235 1332 692 1390 que para prenderme hubo
242 1374 800 1438 muertos y heridos , sin cuenta.
247 1424 733 1486 Finalmente me prendieron,
243 1477 645 1537 y maniatada me llevan
239 1526 651 1580 á la ciudad de Sevilla,
249 1571 665 1629 donde la justicia recta
260 1617 717 1677 castiga haciendo su oficio
259 1663 735 1726 para que tomen enmienda.
257 1715 651 1772 Sacáronme á la visita,
255 1757 763 1830 y yo puesta en la presencia
264 1809 719 1868 de tantos señores nobles,
273 1851 769 1918 que allí rigen, y gobiernan,
268 1904 665 1966 enternecido mi pecho
271 1954 717 2016 y algo turbada la lengua,
274 2004 693 2061 declaré todas mis culpas
908 148 1329 203 como referidas qeudan.
911 194 1407 249 Y allí en presencia de todos
907 245 1343 299 les dije de esta manera:
915 296 1343 343 Señores, yo soy mujer,
926 346 1269 391 ojalá nunca naciera
927 390 1345 442 para no haber ofendido
926 440 1355 489 á la Magestad Suprema
928 488 1327 535 de Dios todopoderoso.
935 535 1399 584 Con que la Sala se queda
927 581 1433 632 absorta; mas luego al punto
929 629 1377 681 mandaron con diligencia
938 675 1435 727 que me registren, y viendo
937 724 1457 774 la verdad tan clara, y cierta,
942 774 1353 823 los señores del acuerdo
943 820 1411 871 pronunciaron la sentencia
944 867 1439 917 de que pague en una horca
949 918 1349 966 las cometidas ofensas.
954 963 1399 1013 Sacáronme por las calles
956 1003 1537 1063 y á voz de un pregon me llevan
953 1062 1337 1110 hasta la plaza mayor,
960 1105 1445 1157 donde la muerte me espera.
963 1156 1411 1204 Y sentada en el suplicio,
957 1202 1465 1252 pidiendo al Señor clemencia,
959 1251 1436 1300 invoqué á la Vírgen pura,
968 1300 1407 1347 diciéndole : Sacra Reina,
971 1347 1413 1396 Madre de desamparados,
969 1394 1431 1446 y dulce Abogada nuestra,
970 1441 1431 1491 suplicadle á vuestro Hijo,
976 1484 1505 1540 que por su amor me conceda
979 1534 1457 1583 el perdon de mis pecados.
983 1582 1455 1634 Esto dijo, y con violencia
976 1632 1420 1682 llegó la homicida Parca,
979 1676 1463 1732 y el cuerpo cadáver queda.
981 1725 1433 1777 A la tarde la enterraron
983 1773 1423 1826 sin aparato, y grandeza.
986 1820 1432 1876 Escarmentad, pecadores
989 1873 1389 1925 mujeres , vivid alerta,
993 1914 1561 1973 que quien anda en malos pasos,
997 1962 1509 2021 este es el fin que le espera.
829 2120 1115 2286 FIN.
268 2222 1679 2444 CARMONA:—Imp. de D. José M.a Moreno, Madre de Dios núm. 1.
