1652 2464
1140 15 1437 173 Núm. 113
554 932 1231 1088 ESPINELA.
210 1165 700 1206 El Sol detenga sus rayos,
209 1217 637 1253 y la Luna su luz bella:
205 1264 716 1301 caduque el mar con sus olas,
204 1311 642 1348 y estremézcase la tierra.
203 1358 750 1395 Tambien los cuatro elementos
204 1406 602 1442 en su rutilante esfera,
205 1453 723 1490 pues de mi no estan seguros
204 1502 639 1537 hasta los siete Planetas.
207 1550 658 1585 Oigan pues con atencion
204 1596 662 1636 de una mujer lo resuelta,
210 1645 652 1683 de una vívora el veneno,
205 1693 696 1729 y de una sierpe lo adversa.
210 1739 678 1779 Yo nací dentro de Caspe,
208 1789 596 1826 de nacion Aragonesa,
202 1836 694 1873 hija de muy nobles padres,
203 1884 651 1923 y llevándome á la iglesia
212 1932 649 1965 en el Sagrado Bautismo
207 1978 610 2015 me pusieron Espinela,
203 2026 691 2062 Mas discurro que acertaron
216 2073 720 2112 en el nombre, pues tal era,
216 2120 632 2158 que ninguna ama podia
207 2168 650 2206 sufrir mi mala paciencia;
212 2217 776 2256 siendo, pues , en mis principios
204 2265 654 2306 tan altiva y tan soberbia,
928 1160 1382 1197 que ninguno me la hacia
932 1210 1376 1245 que con ella se me fuera.
929 1256 1376 1293 Apenas tuve tres lustros
929 1305 1411 1340 cuando la Parca sangrienta
926 1352 1414 1388 quitó la vida á mis padres,
936 1401 1396 1436 quedándome tan resuelta,
935 1449 1415 1484 que de mi furor temblaban
932 1496 1401 1533 muchos en la villa mesma.
932 1544 1401 1581 Aprendí á jugar las armas
935 1594 1372 1630 con tal valor y destreza,
931 1641 1318 1677 que á pocos dias salí
933 1689 1408 1725 como el maestro, maestra.
934 1736 1392 1771 Y la historia de mi vida
930 1785 1341 1821 tan abominable, y fea,
934 1834 1454 1867 la diré , porque es muy justo
929 1879 1423 1915 que todo el mundo la sepa.
940 1925 1332 1964 Vivia pared en medio,
931 1975 1472 2011 de lindo cuerpo, y presencia,
938 2024 1384 2059 un hijo de un caballero,
935 2070 1439 2106 llamado Fabian de Herrera.
929 2118 1462 2155 Gustaba mucho de hablarme,
925 2166 1387 2210 y que yo le respondiera,
936 2215 1398 2251 mas como dice el adagio,
933 2265 1382 2300 las burlas vienen á veras.
