1737 2508
1181 244 1482 294 (Número 134.)
355 1337 1417 1388 LOS CINCO HIJOS DE UN PARTO.
192 1444 1595 1495 VERDADERA Y ESTRANA RELACION DEL MARAVILLOSO PARTO,
196 1495 1590 1548 de cinco hijos varones, que ha dado á luz una muger llamada Ma-
186 1547 1604 1600 ria Gutierrez: natural del pueblo de Jalapa, casada con Isidro
194 1601 1596 1655 Lopez. Declárase la señal con que nació cada uno. El primero
196 1652 1598 1706 con una espiga de trigo en la mano: el segundo, con otra de ce-
194 1705 1594 1758 bada: el tercero con dos espadas en cruz sobre el vientre: el cuar-
190 1759 1602 1813 to, con un racimo de ubas en la mano derecha; y el quinto, con
473 1814 1312 1860 una vara tambien en la mano derecha.
248 1995 804 2034 Por los ámbitos del mundo
199 2043 734 2084 resuene en acentos claros
205 2092 651 2132 la mas estraña noticia,
200 2142 660 2181 el mas admirable caso,
203 2190 814 2228 que se ha visto, ni se ha oido,
196 2239 780 2281 ni en imprentas estamparon.
927 1986 1448 2023 Atencion encargo á todos,
923 2034 1441 2071 mientras al Rey Soberano
927 2081 1405 2120 de cielo y tierra le pido
926 2131 1480 2169 me dé su auxilio y amparo,
942 2179 1441 2218 para que pueda mi pluma
928 2226 1457 2271 ir dirigiendo estos rasgos,
