1737 2508
541 288 1049 442 GUERRA
117 594 1482 738 DE AFRICA.
122 939 1478 994 Composicion que hace un aficionado segun le han informado los tes-
158 990 1488 1041 tigos de la verdad, en donde encontraremos la sangrienta y fati
171 1039 1484 1092 gosa lucha que sostuvieron los cristianos españotes, para poder
169 1089 1327 1140 conseguir la toma de las trincheras, el dia á de Febrero.
117 1323 603 1360 En sus tiendas descansaba
75 1365 559 1403 Nuestro ejército guerrero,
87 1405 497 1441 Y estaban con vijilancia
76 1445 477 1482 El dia tres de Febrero.
79 1485 479 1523 Por el norte respiraba
87 1526 521 1563 Un viento desagradable,
86 1565 446 1603 Toda la noche duró
78 1605 539 1642 Desde las tres de la tarde.
82 1645 510 1683 Amaneció el dia cuatro
84 1687 450 1722 Y alguna nieve caia,
84 1726 484 1763 Y un pacífico levante
84 1767 446 1802 Al pais le acometia.
88 1803 549 1844 Los valles y los collados
92 1842 556 1882 Todos los vieron cubiertos
85 1884 563 1921 De moros, que en aquel dia
86 1924 527 1962 Estaban en movimiento.
96 1965 605 2002 Viendo á los brutos en masa
93 2006 547 2041 Sin guardar la formacion,
91 2046 552 2080 Dijo el general O-donnell;
95 2086 534 2120 Hoy te pruebas corazon.
92 2124 516 2162 birijió la vista al Cielo
93 2165 556 2201 Y á el altísimo le esclama,
91 2206 524 2241 Diciendo: Pastor Divino,
92 2245 590 2280 Yo soy aquel que te llama.
90 2284 537 2320 Hermoso Sol de justicia,
88 2326 517 2362 Justo Divino y humano,
807 1315 1271 1349 Poner en nuestra defenza
819 1355 1253 1388 Vuestra poderosa mano.
813 1394 1250 1428 Ea, Virgen de los Reyes,
815 1432 1389 1467 Dadme acierto en lo que mandó,
815 1472 1301 1508 Como en tiempo se lo diste
812 1514 1275 1548 Al tercero Rey Fernando.
813 1555 1223 1588 Ea, salus infirmorum,
809 1595 1293 1628 Reina del Cielo y la tierra,
818 1635 1218 1668 Ayudarme, Madre mia,
809 1673 1331 1708 A poner este plan de guerra.
820 1714 1279 1748 Ea, Salvador del mundo,
827 1754 1284 1787 Ya vamos á dar principio,
821 1793 1320 1828 En rompiendose los fuegos,
821 1834 1213 1867 Será el dia del juicio,
820 1871 1303 1908 Al punto mandó al corneta
828 1913 1253 1949 Tocar llamada de honor,
816 1953 1264 1989 Dió la órden á sus Gefes
828 1994 1223 2031 Luego que los reunió.
822 2035 1225 2070 Ea, bravos Generales,
830 2073 1340 2109 Ya estamos comprometidos,
826 2110 1272 2149 La luz Celestial nos guie
826 2151 1305 2189 Y nos alumbre el sentido.
823 2191 1377 2231 Mirad, que masas tan gruesas
832 2231 1303 2272 Que nos vienen circulando,
833 2272 1313 2309 A ocultarse en la espesura
828 2314 1259 2350 Y se ván multiplicando.
