1516 2266
130 214 615 296 ya sabrás que en Gibraltar
126 278 562 343 un hermano mio tengo
123 330 588 388 allá iremos, y en su casa
128 367 591 433 será nuestro casamiento.
126 418 562 477 Pasaron todo aquel dia
123 462 575 521 en este entretenimiento,
126 508 552 568 y apenas vino la noche
127 553 596 611 vuelven á montar ligeros,
124 595 628 659 y al salir el Sol se hallaron
120 652 571 706 en unos montes espesos,
126 689 551 750 en las tierras de Jerez,
118 736 575 794 causa de su sentimiento,
122 782 625 838 donde hallaron una cueva;,
122 832 644 888 y ambos se metieron dentro;
124 874 626 927 cuando miraron se hallaron
119 922 650 970 con veinte y seis bandoleros.
129 961 629 1021 Quiso entonces defenderse,
117 1009 593 1071 y no se atrevió á hacerlo,
116 1051 561 1114 porque se vido cercado
116 1097 631 1157 con muchas armas de fuego.
110 1142 522 1202 Aquí si que era el ver
113 1188 585 1243 los llantos y los lamentos
112 1232 530 1291 que doña Juana hacia
124 1277 605 1339 por ver á su amante preso,
118 1329 578 1388 y entre penas y suspiros
112 1369 615 1429 invocando á Dios del cielo.
115 1413 521 1474 A Romero lo despojan
111 1458 535 1515 de sus armas y dinero,
112 1502 560 1562 y atado de pies y manos
116 1548 560 1608 está tendido en el suelo,
118 1594 557 1657 tiernamente suspirando,
115 1638 556 1695 su fortuna maldiciendo:
109 1683 496 1742 no siente su vida ya,
108 1732 612 1794 mas lo que siente su pecho
112 1772 565 1834 es ver á su dulce esposa
107 1815 643 1884 entre tanto lobo hambriento,
112 1863 629 1915 que como ven que es mujer
105 1907 636 1965 y tiene en su rostro un cielo
106 1952 597 2009 dentro de la cueva bailan
100 1988 578 2061 los ladrones de contento.
102 2041 531 2104 Salió el capitan afuera
105 2086 635 2145 cubriendo su rostro en lienzo
103 2129 526 2190 y á sus amigos le dice;
102 2167 629 2242 ¡oh qué grán dicha tenemos,
1300 198 1347 241 7
794 229 1318 301 que aquesta pájara liermosa
787 287 1212 352 para mi regalo quiero!
791 328 1137 387 Ea, cojan al galan
798 373 1249 433 y para lograr mi intento
790 421 1272 483 amárrenlo en aquel árbol,
788 462 1414 535 que he de hacer con él un hecho,
785 510 1293 571 y ha de ser tirar al blanco;
784 559 1254 612 y miren que les advierto
790 594 1318 661 que aquel que no le acertase
787 646 1338 705 con él he de hacer lo mesmo.
781 691 1229 744 Ya puestos para tirarle,
779 740 1191 794 como tenia dispuesto,
778 780 1217 834 fué la linda doña Juana
787 826 1284 891 entrambos brazos abiertos,
785 871 1287 926 tapando á su esposo y dice,
781 913 1275 976 no permitas Dios del cielo
787 960 1154 1025 que yo te vea morir,
782 1005 1271 1058 siendo yo la causa de ello,
783 1052 1221 1114 aquí moriremos ambos
780 1095 1296 1151 ya que no hay otro remedio.
788 1142 1246 1198 Volvió la cara al capitan,
775 1185 1226 1248 estas palabras didiendo:
776 1238 1221 1292 detente, señor, detente,
783 1275 1228 1337 pon á tu soberbia freno
782 1325 1189 1383 ya que nos tienes allá
783 1366 1293 1429 nuestras prendas y dineros,
782 1416 1262 1472 las vidas por Dios te pido;
781 1462 1268 1509 mira que te mira el cielo,
778 1505 1282 1560 y que te ha de pedir cuenta
779 1553 1215 1596 en el tribunal supremo.
767 1588 1233 1652 Se enterneció el capitan,
769 1643 1224 1689 no de su lástima tierno,
772 1681 1255 1742 sino porque fué el traidor
770 1726 1189 1782 capitan de bandoleros
768 1766 1301 1826 que estuvo preso en Sevilla,
772 1814 1153 1867 y lo libertó Romero.
766 1857 1187 1922 Se quitó la mascarilla;
765 1908 1274 1959 descubriendo cara y pecho,
775 1948 1279 2010 dice: Conóceme por amigo,
773 1995 1245 2055 no tengais ningun recelo,
775 2024 1324 2100 que aunque soy hombre cruel
765 2084 1197 2131 en este monte desierto,
763 2127 1147 2187 no dejaré de pagarte
769 2166 1150 2231 una vida que te debo
