1572 2281
182 77 226 137 6
96 118 551 182 soy pobre aun es verdad
99 169 639 222 que de buenos pensamientos,
91 212 610 278 buena sangre me acompaña
92 257 610 311 que herede de mis abuelos.
97 301 535 356 Y la dama le responde:
93 350 517 408 concedo con todo eso,
91 390 547 453 hija soy de Adan y Eva,
96 435 593 493 tú tambien eres lo mismo,
91 480 517 542 y por casarme contigo
96 524 661 583 yo no ofendo á Dios del cielo,
99 570 642 636 y pues que no ofendo á-Dios,
107 619 544 672 contigo casarme quiero,
106 660 718 724 que eres hombre y donde quiera
105 707 597 764 que te fueses irme quiero,
104 750 549 806 que para nuestro regalo
106 801 584 844 cuatro mil doblones tengo
103 835 605 890 en el rincon de aquel arca,
95 883 519 943 atados en un lenzuelo,
107 934 635 991 por donde quiera que fueres
95 980 524 1029 no te faltarán dineros.
108 1010 496 1073 Viendo la resolucion
97 1058 563 1115 el buen Alfonso Romero
98 1103 520 1157 gozó la mas bella fior,
99 1153 592 1210 la mejor dama del pueblo;
110 1190 605 1252 pero allá á la media noche
105 1240 643 1300 cuando todo está en silencio,
111 1282 477 1340 Romero se levantó,
110 1328 534 1389 y le dice: claro espejo,
109 1373 593 1434 antes que seamos sentidos
109 1420 657 1471 busquemos nuestro remedio.
115 1463 528 1523 Y para mas brevedad,
117 1507 565 1569 encilla un caballo negro,
117 1549 659 1607 y mientras lo está ensillando,
117 1602 624 1650 la dama con lindo acuerdo
109 1644 539 1703 le trajo dos carabinas,
117 1683 571 1747 y de su padre un coleto:
114 1731 543 1793 y ella se mudó de ropa,
127 1776 597 1836 calzon, capa y sombrero:
113 1826 572 1880 se salen la puerta afuera
127 1869 633 1930 con gran cuidado y secreto,
116 1917 679 1967 y á pocos pasos que han dado
124 1960 683 2012 han tenido un mal encuentro,
127 2015 615 2065 que les encontró la ronda,
119 2053 553 2117 y al asistente con ellos
765 92 1291 178 que es padre de doña Juana
766 153 1186 221 y les dice: caballeros,
758 195 1326 266 ¿quien vá? tened, á la justicia,
769 245 1271 304 póngase luego en el suelo.
770 287 1261 348 En breve dió la respuesta,
766 342 1293 399 y fué matando uno de ellos
758 380 1210 440 al soplo de una pistola;
767 425 1261 488 quedó tendido en el suelo,
759 469 1201 527 y un corchete dilijente
770 513 1332 576 mas veloz que el pensamiento,
765 560 1314 623 asió el caballo de las riendas
763 607 1320 664 pero lista mas que un trueno,
774 649 1187 708 doña Juana le rompió
766 697 1245 758 con dos balazos el pecho.
772 744 1285 798 Quedaron los dos tendidos,
769 796 1253 851 pidiendo los sacramentos,
767 834 1255 892 y ellos se salen al campo,
775 879 1275 936 que vieron el cielo abierto.
775 917 1229 977 Toda la noche caminan,
774 976 1275 1026 ya que viene amaneciendo,
770 1010 1214 1071 se ocultan en un arroyo
779 1061 1278 1113 entre unos árboles frescos.
773 1100 1242 1162 Dijo el galan á la dama;
767 1148 1337 1208 sabrás, mi bien, lo que siento
779 1196 1197 1249 el verte ahora sentada
782 1235 1267 1297 en aqueste humilde suelo,
778 1280 1169 1340 no sabiendo tu pisar
779 1324 1352 1383 sino alfombras de gran precio!
776 1371 1244 1436 La enamorada responde
780 1416 1280 1481 por darle mayor consuelo:
779 1458 1306 1515 no he tenido yo en mi vida
786 1507 1383 1562 gusto como el que ahora tengo,
780 1552 1277 1612 no habrá para mí trabajos
789 1600 1325 1657 mientras tú fueres mi dueño;
791 1640 1195 1696 lo que quisiera saber
794 1684 1261 1744 donde vá tu pensamiento,
793 1731 1151 1794 y él dijo: solo en tí
782 1771 1232 1832 todo mi cuidado llevo.
787 1816 1285 1874 No es eso lo que pregunto,
794 1862 1335 1921 sino á que patria ó que reino,
795 1916 1338 1967 y si hemos de estar en Arcos
797 1957 1307 2016 eso es lo que saber quiero;
798 2000 1255 2051 Yeél dice; á mi tierra nó,
801 2040 1302 2115 sino á otra parte mas lejos;
