1541 2267
453 371 1127 546 SEGUNDA PARTE.
132 783 1444 876 En que se dá fin á los romances de doña
463 851 1110 940 Juana de Acebedo.
177 1064 611 1149 Ya sabrán como salió
126 1137 577 1200 desterrado por Romero,
135 1180 598 1239 de Sevilla el mayordomo
131 1222 661 1280 y fué á servir al rey nuestro
124 1270 604 1330 en las galeras de España,
123 1311 585 1376 adonde renegó el perro,
131 1361 677 1423 que es verdugo de cristianos,
117 1404 630 1452 y el bandido mas soberbio.
121 1448 600 1507 Dejemos á este homicida
120 1491 564 1550 con su bárbaro intento,
122 1537 548 1596 y vamos á Doña Juana
119 1588 633 1636 que del mayordomo nuevo,
121 1624 523 1681 enamorada y rendida
116 1675 611 1735 anda que bebe los vientos.
123 1717 586 1767 Como es valiente y galan
115 1760 592 1818 y de lindo entendimiento,
114 1805 531 1864 y como la dió la vida,
121 1847 561 1907 dispuso fuese su dueño.
110 1896 666 1961 Se fué una noche á su cuarto
116 1939 548 1996 amparada del silencio,
113 1981 613 2041 y entre sus brazos rendida,
111 2031 592 2100 le dice: despierta, dueño,
794 1079 1342 1149 que tan descuidado duermes
796 1141 1339 1198 del firme amor que te tengo,
802 1180 1255 1241 y me tienes tan rendida
800 1234 1346 1285 que con desvelos no duermo.
799 1271 1214 1326 Acá me tienes el alma
790 1316 1367 1374 que viene buscando el cuerpo,
789 1359 1259 1414 tuya soy, tu me ganaste,
795 1408 1280 1468 que eso negarlo no puedo.
795 1450 1250 1506 Entonces abrió los ojos,
800 1496 1276 1553 viendo aquel ángel bello,
795 1537 1314 1592 que le está echando favores
784 1583 1295 1643 sentada en el blando lecho;
784 1629 1336 1689 como está en paños menores
790 1668 1261 1732 parece su rostro un cielo,
788 1716 1285 1782 sus mejillas son dos rosas,
790 1767 1253 1823 sus ojos son dos luceros.
786 1807 1316 1861 Doño Juana, vé á tu cuarto
781 1854 1329 1913 y á tu amor le pongas freno,
785 1894 1247 1956 que yo no igualo contigo
782 1941 1233 2003 en calidad ni en dinero:
783 1985 1318 2054 mira que tu padre es conde,
784 2038 1201 2105 y yo de mi nacimiento
