1480 2275
168 167 226 236 2
84 214 627 280 viéndome con trage humilde
94 279 531 327 caso de mí no hicieron,
90 323 570 377 porque la mucha pobreza
93 360 566 416 es causa de menosprecio.
87 411 607 474 Llegando á orillas del agua,
83 449 529 515 se apean los caballeros,
88 498 536 562 todos de la mano sacan
91 542 502 605 à este luciente espejo;
87 594 546 650 las sedas y los brocados
95 629 556 694 arrastrando por el suelo.
85 679 588 738 Sucedió que en la ocasion
99 723 524 775 venia un toro huyendo
90 761 659 834 de unos hombres de á caballo,
85 817 643 871 muy mal herido y sangriento:
95 861 591 920 se entró por una arboleda,
101 902 575 959 que de vista le perdieron,
99 945 539 1007 el aire lleva en los pies,
90 991 592 1056 y corre á la par del viento.
100 1037 535 1096 Una sierpe es cada ojo,
98 1080 584 1142 trae en la boca el veneno,
96 1124 587 1188 con un rayo en cada punta
100 1178 629 1228 que es un disparado trueno.
103 1221 566 1276 Las mujeres daban voces
94 1263 598 1326 invocando á Dios del cielo;
96 1307 566 1364 pero los seis Alejandros
99 1352 663 1407 lo hicieron con fuerte empeño,
103 1397 606 1457 que arrancando las espadas
99 1443 551 1493 al toro fuerte acudieron.
94 1489 609 1551 A dos de ellos echó en alto,
99 1535 551 1593 dejándolos casi muertos,
93 1583 538 1638 y los cuatro libremente
100 1623 544 1685 prestaron alas al viento.
92 1669 532 1730 Entre tanto las señoras
102 1704 592 1777 entre las ojas de un fresno
106 1765 603 1819 de su tronco se ampararon,
107 1804 625 1872 que aquesta dicha tuvieron,
106 1847 547 1910 dejándose á doña Juana
103 1889 588 1959 sola en mitad del desierto;
101 1937 585 2001 llega el toro embravecido
102 1989 612 2039 y la levantó en los cuernos.
106 2030 527 2084 Compadecido de verla,
96 2074 586 2135 antes que llegase al suelo;
105 2120 515 2172 de mi lástima movido
102 2169 588 2241 lo llamé con el sombrero,
756 218 1174 287 tan diestramente jugó
750 273 1263 331 mi brazo el brillante acero,
761 320 1225 380 que á la primer estocada
758 368 1283 427 en mis plantas cayó muerto.
761 408 1199 461 Volvamos á doña Juana,
763 454 1321 517 que estaba tendida en el suelo
751 496 1177 563 toda la ropa arroyada,
750 544 1253 605 cubierto de frio el cuerpo,
749 586 1191 653 llena de polvo y arena;
759 630 1187 688 y yo de lástima tierno,
758 680 1179 737 la levanté de la mano,
755 721 1245 784 me puse á mirarla atento,
754 769 1262 829 vi la imágen de la muerte,
764 808 1217 873 un clavel pálido y yerto,
758 856 1214 909 vide una luna eclipsada,
759 902 1233 968 quebrarse vide un espejo.
753 944 1273 1007 De los brazos me la quitan
755 992 1177 1051 las damas y caballeros
763 1040 1265 1088 entendiendo que es difunta:
760 1081 1200 1140 y á la carroza volviendo
767 1125 1270 1185 dan la vuelta hacia Sevilla
758 1171 1281 1233 con cuatro mulas corriendo;
755 1218 1197 1279 con la prísa y desatino
765 1260 1221 1315 de mí no se despidieron,
758 1310 1198 1369 ni fueron para decirme
754 1352 1259 1407 Dios te lo pague, mancebo,
761 1401 1175 1453 la diligencia y peligro
766 1447 1382 1494 que en esta ocasion te has puesto.
760 1488 1220 1547 Donde esperaba ventura
766 1534 1220 1586 quedé como de primero,
759 1579 1289 1640 solo, triste, en tierra agena,
767 1626 1288 1683 pobre y sin ningun remedio.
754 1665 1170 1728 A otro dia de mañana
773 1717 1249 1769 pasé por su casa á tiempo
766 1765 1243 1826 que estaba su mayordomo
759 1801 1192 1866 refiriendo este suceso;
758 1848 1171 1908 reconocí una palabra,
768 1896 1145 1951 y le dije: caballero,
773 1939 1230 1998 ¿qué tal está esa señora?
776 1992 1286 2046 que me pesa, vive el Cielo:
766 2027 1273 2090 su desgracia, pues al verla
763 2073 1262 2136 no pude llegar mas presto.
773 2118 1271 2180 Y el bárbaro me responde,
759 2163 1194 2235 lleno de cólera y ciego:
