1540 2293
190 28 235 109 4
101 87 600 164 diciendo; egran caballero.
95 147 602 215 de noble sangre é hidalgo,
92 196 555 255 y de Sevilla el gobierno,
94 237 581 295 duélete de un delincuente
96 283 653 338 que en la cárcel tienes preso.
94 332 527 390 Yo soy aquel que libré
98 375 507 435 ayer tarde en el paseo
90 405 564 476 de los brazos de la parca
92 465 519 526 á la que llaman espejo
95 511 580 570 de vuestra casa y por ella
89 554 545 615 yo maltraté al escudero.
95 598 515 660 Perdóneme su señoria,
90 651 567 703 por un yerro y otro yerro
93 689 573 751 que si herí al mayordomo
92 742 555 792 yo levanté hasta el cielo
91 774 456 837 á doña Juana, y así
94 818 643 881 que me deis libertad quiero, ».
86 869 534 929 Leyendo estaba la carta
91 923 542 974 el conde en el aposento;
83 954 525 1018 la hija desde su cuarto
82 1002 495 1065 todo lo estaba oyendo;
78 1050 549 1111 respondió desde la cama
87 1095 549 1154 con altas voces diciendo;
81 1136 569 1203 no es esa pagá de nobles,
90 1185 536 1242 por afrentada me tengo,
90 1231 563 1291 quien á mí me dió la vida
82 1270 656 1336 que ahora viva en un encierro.
86 1318 608 1385 A lo que el padre responde:
81 1367 531 1424 hija, no se dejara preso,
82 1410 573 1469 te lo ofrezcó, y al instante
84 1458 648 1516 que á un criado mando presto
78 1502 505 1561 á la cárcel, y pregunte
76 1545 552 1602 por este noble mancebo.
81 1586 599 1654 Se fué el criado á la cárcel,
78 1635 541 1695 dándole el recado luego.
74 1678 557 1735 Dí á tu señor y mi dueño,
76 1725 553 1778 que estimo de su merced
76 1776 624 1831 los favores que me ha hecho:
82 1816 518 1878 aquí estoy para servirle
78 1860 527 1918 ahora y en todo tiempo;
79 1904 527 1963 mas que no puedo salir,
82 1944 616 2000 que tengo en la cárcel preso
74 1992 586 2054 á un deudo mio, y quisiera
81 2043 553 2105 por él alcanzar lo mismo.
770 82 1261 162 Volvió el criado á su casa;
769 148 1225 210 pero doña Juana viendo
770 193 1219 262 que va solo le pregunta
766 241 1224 293 por este noble mancebo.
763 285 1201 344 Dice, señora, que tiene
763 327 1238 390 dentro de la cárcel preso
758 380 1288 434 á un deudo suyo, y quisiera
764 422 1340 478 que hiciérais con él lo mismo.
758 466 1209 527 Corre dí que le suelten
750 513 1307 568 y mas que no queden presos,
751 557 1267 617 siendo su gusto que salgan,
754 599 1213 658 que deseo el conocerlos.
762 645 1271 706 Volvió el criado á la carcel,
760 689 1293 749 los hecha fuera al momento;
756 734 1197 784 salen los dos á la calle,
757 784 1197 841 Romero y el bandolero,
757 826 1237 882 tiernamente se abrazaron,
750 869 1204 941 estas palabras diciendo;
755 917 1171 976 amigo: guardate Dios,
756 962 1210 1022 que por tí la vida llevo;
757 1004 1208 1072 ¿con qué te podré pagar
751 1050 1173 1111 una vida que te debo?
749 1096 1219 1155 Se fueron juntos los dos:
752 1138 1227 1207 entrando Alonso Romero,
742 1188 1207 1245 saludando á doña Juana
747 1233 1201 1285 la contó todo el suceso,
759 1276 1176 1339 del modo y como pasó
748 1322 1220 1382 cuando hirió al escudero.
754 1364 1215 1418 Respondióle doña Juana;
751 1407 1336 1471 por cierto que está bueno esto,
747 1466 1299 1517 quien por mi salud pregunta
759 1501 1201 1563 en el alma lo agradezco;
751 1545 1251 1612 no ha de parar en mi casa
753 1602 1238 1650 una hora ni un momento.
751 1636 1243 1702 De allí fué á servir al rey,
750 1680 1357 1749 se embarcó en un barquichuelo,
750 1732 1260 1787 quedando con este encargo
743 1773 1207 1831 el buen Alonso Romero.
744 1815 1251 1880 Este es el primer romance
744 1864 1191 1921 que refiere este suceso,
744 1909 1167 1965 y en el segundo verán
738 1960 1271 2008 como este honrado mañcebo
739 2000 1201 2050 se casó con doña Juana.
745 2045 1198 2109 dando aquí fin el suceso.
438 2073 1005 2153 FIN DE LA PRIMERA PARTE.
