1609 2266
204 180 240 242 8
112 211 559 295 con darte la tuya ahora
114 278 630 341 y la de tu dama en premio.
122 328 582 386 Ved aquí vuestro caudal,
123 375 623 426 vuestras prendas y dineros,
111 416 594 476 y tambien de mas á mas
115 462 617 519 recibe allá esos mil pesos:
118 510 634 562 si quieres que te acompañe
112 549 628 610 con todos mis compañeros,
120 601 646 657 por donde quiera que fueres
112 640 621 696 iré en tu acompañamiento.
121 685 553 744 Vivas mil años, amigo,
114 725 654 788 que en el alma lo agradezco.
116 774 516 835 Aquel dia el capitan
113 816 542 878 los regaló con conejos;
120 868 536 925 así que vino la noche,
123 911 611 968 tendiendo su manto negro
115 954 610 1007 montaron en sus caballos
124 1003 603 1051 que dejan atras el viento,
116 1039 556 1101 caminan toda lá noche
115 1084 645 1141 hasta que fué amaneciendo;
123 1133 571 1186 se hallaron en Gibraltar
128 1183 678 1238 ya que el alba iba rompiendo,
121 1219 641 1275 hallan las puertas cerradas,
128 1277 574 1323 y como van de secreto,
126 1311 583 1370 se apartaron del camino
123 1361 578 1407 á darle tributo al sueño.
123 1406 562 1449 Habia saltado en tierra
125 1447 620 1506 de moros un barquichuelo
128 1488 512 1552 que se iba á recoger,
124 1537 636 1600 y se encontraron con ellos,
127 1584 534 1638 entre los cuales venia
124 1625 530 1683 el renegado soberbio
130 1672 638 1740 el que sirvió á doña Juana,
784 215 1242 296 aquel que hirió Romero,
781 277 1188 339 y así que los conoció
787 320 1272 377 esta plática les ha hecho:
786 369 1233 429 ¡Oh Señora doña Juana,
782 416 1298 478 como ya se trocó el tiempo,
786 457 1214 518 que si fuí criado tuyo
787 511 1179 568 ahora seré tu dueño;
783 548 1161 610 y á tu pulído galan
786 593 1248 654 estas heridas del pecho,
790 639 1299 698 que aquí las señales traigo,
794 692 1302 742 en mi casa daré el premio,
794 731 1274 788 que allí tengo una tahona
796 772 1259 832 para su entretenimiento.
796 819 1236 879 Toda esta fiesta llevaba
787 862 1328 921 con los dos cautivos nuevos;
791 913 1299 970 y Dios al que es su devoto
784 952 1266 1010 socorre en tales aprietos.
796 1000 1314 1054 Cuando miraron se hallaron
800 1045 1333 1098 en manos de aquel armeñio,
788 1085 1274 1145 del Padachin y su amada,
795 1134 1268 1193 se rindieron al momento.
804 1176 1328 1235 Viendo aquesto el renegado,
789 1230 1291 1275 como no logró su intento,
792 1266 1314 1325 se arrojó al mar, donde fué
792 1311 1248 1371 sepultura de su cuerpo.
796 1358 1260 1410 Doña Juana muy gozosa,
792 1401 1260 1455 quedando libre Romero,
795 1444 1213 1501 entraron en Gibraltar;
796 1491 1252 1553 abrevian el casamiento.
795 1536 1275 1594 Súpolo despues su padre,
801 1584 1226 1645 el cual está satisfecho,
801 1637 1336 1685 y hoy viven los dos amantes
800 1675 1277 1741 muy alegres y contentos.
647 1891 927 1984 FIN.
178 2165 1392 2227 Imprenta de D. José María Moreno, Madre de Dios, número 1:
