1537 2261
127 70 676 145 mire el pardo, que pregunta:
137 129 653 187 ¿qué le va al pastor en eso?
141 172 608 237 ¿pues él ha de tener boca
137 214 629 278 para mentarla en un pelo?
130 264 546 323 Tan enfadado me puse
139 305 545 369 y falto de sufrimiento,
140 349 584 411 que le dí dos puñaladas,
132 394 585 457 y le diera mas de ciento
134 443 585 496 á no acudir tanta gente,
138 480 544 547 y la justicia con ellos.
135 527 562 587 Me llevaron á la cárcel,
143 570 640 631 donde vide muchos presos,
136 625 573 680 me pidieron la patente,
136 662 547 726 y les dije; caballeros,
142 708 570 772 soy un pobre desvalido
146 745 617 817 y no tengo ni un remedio;
138 797 546 861 y viendo que no tenia
146 845 610 903 cosa con que socorrerlos,
147 886 601 949 me agarraron al instante
139 926 687 994 entre cuatro ó cinco de ellos,
150 978 624 1038 y allí en una pila de agua
143 1023 579 1078 de cabeza me metieron,
149 1067 629 1121 donde hice mil gorgoritos
147 1115 651 1175 (amigos, la verdad cuento),
144 1161 574 1216 Compadecido de verme
153 1204 553 1262 un alentado mancebo,
150 1248 561 1306 de un oscuro calabozo
148 1299 575 1349 salió cargado de hierro,
150 1335 603 1396 á quien todos la temian
146 1386 578 1440 y le guardaban respeto.
142 1433 583 1485 Aqueste fué mi padrino
150 1462 774 1527 que donde hay malos hay buenos:
142 1516 582 1575 me llevó á su calabozo,
152 1563 620 1622 consolándome y diciendo;
151 1602 571 1664 amigo tener paciencia,
154 1651 644 1702 que aquí todos la tenemos,
146 1698 605 1749 ¿qué penas ó que delitos
155 1739 652 1801 te han traido á tal estremo?
158 1784 610 1843 Yo le dije: mis pecados,
152 1833 677 1892 esto es permision del Cielo;
148 1870 576 1932 habrá tres dias cabales
159 1926 689 1974 que entre parientes y deudos
158 1965 551 2022 en Arcos me paseaba
155 2007 618 2075 de dos mil placeres lleno
1294 40 1353 105 3
792 70 1246 138 y ahora por mis pecados
790 133 1206 186 én esta cárcel me veo
795 170 1302 237 solo y sin ningun consuelo,
800 216 1314 280 por dar la vida á una dama
796 256 1195 321 ahora vivo muriendo,
794 299 1337 365 no porque su amor me lleva,
798 349 1307 402 ni menos pretendo el serlo.
792 394 1189 455 La hija del asistente,
799 440 1270 510 doña Juana de Acebedo,
794 480 1141 544 ayer tarde la libré
793 526 1157 585 en su infeliz paseo
791 573 1264 633 de un toro, y no conoció
802 621 1367 679 quien la libró de aquel riesgo,
798 665 1331 723 pasé por su casa hoy mismo
798 708 1243 768 y á un paje ó escudero
800 752 1225 811 pregunté por su salud;
797 801 1261 856 mas el bárbaro insolente
798 841 1279 898 me maltrató de palabras,
806 886 1274 948 yo falto de sufrimiento
807 938 1289 995 le he dado dos puñaladas,
802 977 1315 1036 y de lo cual me arrepiento,
808 1023 1211 1083 donde por este éelito
798 1070 1263 1121 habré de regir unremo.
811 1114 1301 1172 Me respondió: amigo mio,
811 1158 1225 1210 concedo con todo eso,
811 1191 1321 1261 pues me has dicho tu vida,
803 1252 1239 1306 contarte la mia quiero.
805 1292 1197 1351 Diez años fuí capitan
813 1337 1245 1394 de famosos bandoleros:
809 1383 1339 1442 quité vidas, robé haciendas,
809 1423 1215 1485 quité joyas y dineros,
809 1470 1249 1530 donde por estos delitos
814 1515 1233 1568 en esta cárcel me veo
808 1563 1356 1608 con tres sentencias de muerte
813 1607 1297 1663 sin tener ningun remedio:
818 1649 1231 1707 pero yo confio en Dios
812 1695 1305 1753 y en la reina de los cielos,
812 1741 1335 1796 el alma es la que la mando,
812 1780 1338 1843 y pague el delito el cuerpo;
816 1826 1218 1884 pero vos, amigo mio,
811 1865 1366 1930 muy presto tendreis remedio.
817 1909 1210 1971 Una carta le escribió
814 1957 1267 2020 al asistente el mancebo,
810 2005 1320 2064 y en su nombre se la envia
