1765 2512
1003 83 1035 235 2
352 208 795 250 con jaqueca, y no podia
360 263 705 306 asistir á cocinarla,
357 314 819 361 por lo que era menester
359 366 843 413 que yo á V. se la guisára:
357 420 863 465 como no he sido hosterero
364 474 743 518 ni cocinero, dudaba
361 524 951 571 como, con qué y de qué forma
367 581 789 623 la tal cosa se estofaba;
363 635 780 677 por fin me determiné,
364 688 884 732 fui por ella, y al que estaba
370 739 795 782 vendiendo le pregunté
372 796 809 838 de que forma se gisaba,
377 849 785 893 y me dijo que la mas
370 903 786 945 sabrosa y pulida salsa
385 954 892 999 que podia hacerle, era con
383 1008 843 1051 manteca, vino, avellanas
387 1063 855 1106 y otras cosas, imposibles
391 1114 947 1159 que en mi memoria guardára:
386 1170 802 1211 por lo que le supliqué
389 1223 933 1268 que en un papel lo apuntára,
391 1277 789 1321 y no se me olvidaría:
391 1331 811 1371 hízolo de buena gana;
392 1385 834 1424 tomé pues mi papelito,
391 1435 841 1482 y viniendo por da plaza
401 1488 897 1530 llegó un perro, y sin decir
404 1540 887 1584 oste, ni moste, me agarra
399 1594 945 1636 la asadura entre sus dientes,
399 1649 881 1695 y mas veloz que una bala
404 1703 799 1744 iba saltando con ella
404 1756 879 1799 alegre como una pascua.
408 1809 834 1851 Yo que le veia correr,
405 1862 843 1907 me reia con gran gana
409 1912 929 1959 de ver que él muy inocente
417 1969 898 2014 con la asadura se escapa,
411 2021 873 2067 sin saber cómo se guisa
415 2076 895 2120 ni cómo se hace la salsa,
415 2128 967 2177 porque yo tengo en mi mano
426 2184 839 2228 el papel que lo relata.
379 2237 899 2283 Ter. Pues el perro necesita
419 2290 857 2343 para comerla le hagan
1077 196 1381 243 guisado alguno?
1031 248 1429 295 Nig. La come cruda?
1040 304 1389 348 Ter. Y muy cruda.
1037 359 1321 400 Nig. Caramba!
1083 403 1559 453 Sin guisarla le hará daño.
1037 457 1611 508 Ter. A los perros no les daña.
1088 512 1565 560 Deja, chilindrinas, y oye:
1081 563 1612 614 Yo tengo que irme de casa
1095 620 1509 666 por todo el dia de hoy
1080 670 1631 719 á mi huerta. A tí encargadas
1089 727 1537 774 dejo mis cosas, mi hija,
1093 779 1573 831 y el mueble de la criada:
1097 832 1703 885 y pues que viudo me encuentro,
1113 886 1659 934 (de lo que doy á Dios gracias)
1103 941 1563 985 cumple tu comigo bien,
1103 992 1587 1041 que si acaso me dá gana
1105 1046 1583 1094 de casarme, puede que...
1059 1100 1584 1148 Nig. Conmigo V. se casára?
1068 1152 1679 1200 Ter. Calla, hombre, no digo eso:
1106 1206 1659 1253 Si, que por no dar madrastra
1111 1263 1501 1305 á mi hija la dotaría,
1115 1315 1579 1362 y tál vez te la entregára.
1063 1374 1277 1416 Nig. A mi!
1077 1427 1261 1468 Ter. A tí.
1079 1480 1279 1521 Nig. A mi!
1081 1535 1267 1575 Ter. A tí.
1079 1580 1679 1625 Nig. Vaya, V. señor, se chanza.
1084 1631 1685 1680 Ter. No me chanzo, tú eres hijo
1125 1687 1627 1732 de buenos padres, tu cara
1125 1739 1760 1786 no es maleja, aunque un poquillo
1137 1797 1561 1839 la persona estrafalaria;
1139 1850 1535 1893 pero en vistiéndote...
1092 1909 1265 1948 Nig. Ya;
1142 1957 1541 2000 solo saber ahora falta
1141 2013 1498 2055 si querré casarme.
1102 2070 1264 2112 Ter. Eh!
1157 2123 1325 2167 Querrás?
1099 2175 1403 2217 Nig. No querré.
1103 2228 1383 2271 Ter. La causa!
1105 2281 1663 2326 Nig. Amo mio, V. es ya viejo,
