<?xml version="1.0" encoding="UTF-8" standalone="yes"?>
<PcGts xmlns="http://schema.primaresearch.org/PAGE/gts/pagecontent/2013-07-15" xmlns:xsi="http://www.w3.org/2001/XMLSchema-instance" xsi:schemaLocation="http://schema.primaresearch.org/PAGE/gts/pagecontent/2013-07-15 http://schema.primaresearch.org/PAGE/gts/pagecontent/2013-07-15/pagecontent.xsd">
    <Metadata>
        <Creator>prov=University of Rostock/Institute of Mathematics/CITlab|PLANET AI GmbH/Gundram Leifert/gundram.leifert@planet-ai.de:name=Pliegos de Cordel (XIXe) - v4(htr_id=27283)::::v=2.6.7
prov=University of Rostock/Institute of Mathematics/CITlab|PLANET AI GmbH/Tobias Gruening/tobias.gruening@planet-ai.de:name=de.uros.citlab.module.baseline2polygon.B2PSeamMultiOriented:v=2.6.7
prov=University of Rostock/Institute of Mathematics/CITlab|PLANET AI GmbH/Tobias Gruening/tobias.gruening@planet-ai.de:name=/net_tf/LA73_249_0mod360.pb:de.uros.citlab.segmentation.CITlab_LA_ML:v=2.6.7
Transkribus</Creator>
        <Created>2020-11-09T10:43:15.984+01:00</Created>
        <LastChange>2020-11-10T14:14:31.303+01:00</LastChange>
        <Comments>
                Measurement unit: pixel
                PrimaryLanguage: 
                Producer: Transkribus
            </Comments>
        <TranskribusMetadata docId="525371" pageId="22317923" pageNr="53" tsid="48490968" status="DONE" userId="66244" imgUrl="https://files.transkribus.eu/Get?id=ELHVOYCVNBFZVFTOAERUQHKD&amp;fileType=view" xmlUrl="https://files.transkribus.eu/Get?id=UQLUHURIOJAZYDJWIOOCGVKP" imageId="17387446"/>
    </Metadata>
    <Page imageFilename="Moreno_099_1.jpg" imageWidth="1737" imageHeight="2508">
        <PrintSpace>
            <Coords points="0,0 1737,0 1737,2508 0,2508"/>
        </PrintSpace>
        <ReadingOrder>
            <OrderedGroup id="ro_1606755295123" caption="Regions reading order">
                <RegionRefIndexed index="0" regionRef="r_1_1"/>
                <RegionRefIndexed index="1" regionRef="r_2_1"/>
                <RegionRefIndexed index="2" regionRef="r_3_1"/>
                <RegionRefIndexed index="3" regionRef="r_4_1"/>
                <RegionRefIndexed index="4" regionRef="r_5_1"/>
            </OrderedGroup>
        </ReadingOrder>
        <TextRegion orientation="0.0" type="paragraph" id="r_1_1" custom="readingOrder {index:0;}">
            <Coords points="414,172 1308,172 1308,291 414,291"/>
            <TextLine id="r_1_1l2" custom="readingOrder {index:0;}">
                <Coords points="419,277 462,278 506,279 549,280 593,281 636,281 680,282 723,283 767,284 810,285 854,285 897,286 941,286 984,287 1028,287 1071,287 1115,287 1158,287 1202,287 1245,287 1289,286 1289,256 1245,257 1202,257 1158,257 1115,257 1071,257 1028,257 984,257 941,256 897,256 854,255 810,255 767,254 723,253 680,252 636,251 593,251 549,250 506,249 462,248 419,247"/>
                <Baseline points="419,267 462,268 506,269 549,270 593,271 636,271 680,272 723,273 767,274 810,275 854,275 897,276 941,276 984,277 1028,277 1071,277 1115,277 1158,277 1202,277 1245,277 1289,276"/>
                <TextEquiv>
                    <Unicode>SAINETE NUEVO</Unicode>
                </TextEquiv>
            </TextLine>
            <TextEquiv>
                <Unicode>SAINETE NUEVO</Unicode>
            </TextEquiv>
        </TextRegion>
        <TextRegion orientation="0.0" type="paragraph" id="r_2_1" custom="readingOrder {index:1;}">
            <Coords points="648,340 1081,340 1081,401 648,401"/>
            <TextLine id="r_2_1l1" custom="readingOrder {index:0;}">
                <Coords points="649,437 675,437 701,438 728,438 754,439 780,439 807,440 833,440 860,441 886,441 912,442 939,442 965,442 991,442 1018,441 1044,441 1071,439 1071,289 1044,291 1018,291 991,292 965,292 939,292 912,292 886,291 860,291 833,290 807,290 780,289 754,289 728,288 701,288 675,287 649,287"/>
                <Baseline points="649,387 675,387 701,388 728,388 754,389 780,389 807,390 833,390 860,391 886,391 912,392 939,392 965,392 991,392 1018,391 1044,391 1071,389"/>
                <TextEquiv>
                    <Unicode>INTITULADO</Unicode>
                </TextEquiv>
            </TextLine>
            <TextEquiv>
                <Unicode>INTITULADO</Unicode>
            </TextEquiv>
        </TextRegion>
        <TextRegion orientation="0.0" type="paragraph" id="r_3_1" custom="readingOrder {index:2;}">
            <Coords points="158,481 1574,481 1574,1247 158,1247"/>
            <TextLine id="r_3_1l1" custom="readingOrder {index:0;}">
                <Coords points="504,626 540,625 576,623 612,623 649,623 685,623 721,623 757,624 794,625 830,626 866,627 902,629 939,630 975,632 1011,633 1047,635 1084,636 1120,638 1156,639 1192,640 1229,641 1229,595 1192,594 1156,593 1120,592 1084,590 1047,589 1011,587 975,586 939,584 902,583 866,581 830,580 794,579 757,578 721,577 685,577 649,577 612,577 576,577 540,579 504,580"/>
                <Baseline points="504,611 540,610 576,608 612,608 649,608 685,608 721,608 757,609 794,610 830,611 866,612 902,614 939,615 975,617 1011,618 1047,620 1084,621 1120,623 1156,624 1192,625 1229,626"/>
                <TextEquiv>
                    <Unicode>FUERA.</Unicode>
                </TextEquiv>
            </TextLine>
            <TextLine id="r_3_1l2" custom="readingOrder {index:1;}">
                <Coords points="431,775 474,775 518,775 561,775 605,775 649,775 692,775 736,776 779,776 823,777 867,778 910,778 954,779 997,780 1041,780 1085,781 1128,781 1172,782 1215,782 1259,782 1303,782 1303,736 1259,736 1215,736 1172,736 1128,735 1085,735 1041,734 997,734 954,733 910,732 867,732 823,731 779,730 736,730 692,729 649,729 605,729 561,729 518,729 474,729 431,729"/>
                <Baseline points="431,760 474,760 518,760 561,760 605,760 649,760 692,760 736,761 779,761 823,762 867,763 910,763 954,764 997,765 1041,765 1085,766 1128,766 1172,767 1215,767 1259,767 1303,767"/>
                <TextEquiv>
                    <Unicode>PARA SEIS PERSONAS.</Unicode>
                </TextEquiv>
            </TextLine>
            <TextLine id="r_3_1l3" custom="readingOrder {index:2;}">
                <Coords points="724,864 750,865 777,865 803,866 830,867 857,867 883,868 910,869 936,869 963,870 990,870 990,824 963,824 936,823 910,823 883,822 857,821 830,821 803,820 777,819 750,819 724,818"/>
                <Baseline points="724,849 750,850 777,850 803,851 830,852 857,852 883,853 910,854 936,854 963,855 990,855"/>
                <TextEquiv>
                    <Unicode>PERSONAS.</Unicode>
                </TextEquiv>
            </TextLine>
            <TextLine id="r_3_1l5" custom="readingOrder {index:3;}">
                <Coords points="408,960 434,960 461,960 487,960 514,960 540,960 567,960 593,960 620,959 646,959 673,959 700,959 700,923 673,923 646,923 620,923 593,924 567,924 540,924 514,924 487,924 461,924 434,924 408,924"/>
                <Baseline points="408,948 434,948 461,948 487,948 514,948 540,948 567,948 593,948 620,947 646,947 673,947 700,947"/>
                <TextEquiv>
                    <Unicode>Don Terencio.</Unicode>
                </TextEquiv>
            </TextLine>
            <TextLine id="r_3_1l4" custom="readingOrder {index:4;}">
                <Coords points="853,956 878,957 903,958 928,959 954,959 979,960 1004,960 1029,960 1055,961 1055,927 1029,926 1004,926 979,926 954,925 928,925 903,924 878,923 853,922"/>
                <Baseline points="853,945 878,946 903,947 928,948 954,948 979,949 1004,949 1029,949 1055,950"/>
                <TextEquiv>
                    <Unicode>Martin.</Unicode>
                </TextEquiv>
            </TextLine>
            <TextLine id="line_1605014016525_27" custom="readingOrder {index:5;}">
                <Coords points="404,1002 826,1002 826,963 404,963"/>
                <TextEquiv>
                    <Unicode>Niquiñaque gracioso.</Unicode>
                </TextEquiv>
            </TextLine>
            <TextLine id="line_1605014032098_31" custom="readingOrder {index:6;}">
                <Coords points="904,1001 1225,1001 1225,963 904,963"/>
                <TextEquiv>
                    <Unicode>Doña Margarita.</Unicode>
                </TextEquiv>
            </TextLine>
            <TextLine id="r_3_1l7" custom="readingOrder {index:7;}">
                <Coords points="401,1055 427,1056 453,1057 479,1057 505,1057 531,1056 557,1056 583,1056 609,1056 635,1057 662,1058 662,1024 635,1023 609,1022 583,1022 557,1022 531,1022 505,1023 479,1023 453,1023 427,1022 401,1021"/>
                <Baseline points="401,1044 427,1045 453,1046 479,1046 505,1046 531,1045 557,1045 583,1045 609,1045 635,1046 662,1047"/>
                <TextEquiv>
                    <Unicode>Don Genaro.</Unicode>
                </TextEquiv>
            </TextLine>
            <TextLine id="r_3_1l8" custom="readingOrder {index:8;}">
                <Coords points="858,1054 885,1054 913,1055 941,1056 968,1057 996,1058 1024,1060 1024,1026 996,1024 968,1023 941,1022 913,1021 885,1020 858,1020"/>
                <Baseline points="858,1043 885,1043 913,1044 941,1045 968,1046 996,1047 1024,1049"/>
                <TextEquiv>
                    <Unicode>Pepa.</Unicode>
                </TextEquiv>
            </TextLine>
            <TextLine id="r_3_1l9" custom="readingOrder {index:9;}">
                <Coords points="160,1136 230,1135 301,1134 371,1133 442,1133 512,1132 583,1132 653,1132 724,1133 794,1133 865,1134 935,1134 1006,1135 1076,1136 1147,1137 1217,1139 1288,1140 1358,1141 1429,1143 1499,1144 1570,1145 1570,1111 1499,1110 1429,1109 1358,1107 1288,1106 1217,1105 1147,1103 1076,1102 1006,1101 935,1100 865,1100 794,1099 724,1099 653,1098 583,1098 512,1098 442,1099 371,1099 301,1100 230,1101 160,1102"/>
                <Baseline points="160,1125 230,1124 301,1123 371,1122 442,1122 512,1121 583,1121 653,1121 724,1122 794,1122 865,1123 935,1123 1006,1124 1076,1125 1147,1126 1217,1128 1288,1129 1358,1130 1429,1132 1499,1133 1570,1134"/>
                <TextEquiv>
                    <Unicode>Mutacion de patio ó portada cerca de la sala, que es entrada á la casa</Unicode>
                </TextEquiv>
            </TextLine>
            <TextLine id="r_3_1l10" custom="readingOrder {index:10;}">
                <Coords points="157,1186 227,1184 297,1183 367,1182 437,1182 507,1181 577,1181 647,1181 717,1181 787,1182 857,1182 927,1183 997,1184 1067,1184 1137,1185 1207,1186 1277,1187 1347,1189 1417,1190 1487,1191 1557,1192 1557,1158 1487,1157 1417,1156 1347,1155 1277,1153 1207,1152 1137,1151 1067,1150 997,1150 927,1149 857,1148 787,1148 717,1147 647,1147 577,1147 507,1147 437,1148 367,1148 297,1149 227,1150 157,1152"/>
                <Baseline points="157,1175 227,1173 297,1172 367,1171 437,1171 507,1170 577,1170 647,1170 717,1170 787,1171 857,1171 927,1172 997,1173 1067,1173 1137,1174 1207,1175 1277,1176 1347,1178 1417,1179 1487,1180 1557,1181"/>
                <TextEquiv>
                    <Unicode>de D. Terencio, puerta al segundo bastidor de la izquierda que dá entra-</Unicode>
                </TextEquiv>
            </TextLine>
            <TextLine id="r_3_1l11" custom="readingOrder {index:11;}">
                <Coords points="165,1234 235,1233 305,1232 375,1231 445,1231 516,1230 586,1230 656,1230 726,1230 796,1231 867,1231 937,1232 1007,1233 1077,1234 1147,1235 1218,1236 1288,1237 1358,1238 1428,1240 1498,1241 1569,1243 1569,1209 1498,1207 1428,1206 1358,1204 1288,1203 1218,1202 1147,1201 1077,1200 1007,1199 937,1198 867,1197 796,1197 726,1196 656,1196 586,1196 516,1196 445,1197 375,1197 305,1198 235,1199 165,1200"/>
                <Baseline points="165,1223 235,1222 305,1221 375,1220 445,1220 516,1219 586,1219 656,1219 726,1219 796,1220 867,1220 937,1221 1007,1222 1077,1223 1147,1224 1218,1225 1288,1226 1358,1227 1428,1229 1498,1230 1569,1232"/>
                <TextEquiv>
                    <Unicode>da á toda la casa. Sale D. Terencio de casaca, sombrero y baston.</Unicode>
                </TextEquiv>
            </TextLine>
            <TextEquiv>
                <Unicode>FUERA.
PARA SEIS PERSONAS.
PERSONAS.
Don Terencio.
Martin.
Niquiñaque gracioso.
Doña Margarita.
Don Genaro.
Pepa.
Mutacion de patio ó portada cerca de la sala, que es entrada á la casa
de D. Terencio, puerta al segundo bastidor de la izquierda que dá entra-
da á toda la casa. Sale D. Terencio de casaca, sombrero y baston.</Unicode>
            </TextEquiv>
        </TextRegion>
        <TextRegion orientation="0.0" type="paragraph" id="r_4_1" custom="readingOrder {index:3;}">
            <Coords points="152,1321 811,1321 811,2293 152,2293"/>
            <TextLine id="r_4_1l1" custom="readingOrder {index:0;}">
                <Coords points="161,1371 193,1372 225,1372 257,1373 289,1373 321,1374 353,1374 386,1375 418,1375 450,1375 482,1376 514,1376 546,1376 578,1376 611,1376 643,1376 675,1375 707,1375 739,1375 771,1374 804,1373 804,1336 771,1337 739,1338 707,1338 675,1338 643,1339 611,1339 578,1339 546,1339 514,1339 482,1339 450,1338 418,1338 386,1338 353,1337 321,1337 289,1336 257,1336 225,1335 193,1335 161,1334"/>
                <Baseline points="161,1359 193,1360 225,1360 257,1361 289,1361 321,1362 353,1362 386,1363 418,1363 450,1363 482,1364 514,1364 546,1364 578,1364 611,1364 643,1364 675,1363 707,1363 739,1363 771,1362 804,1361"/>
                <TextEquiv>
                    <Unicode>Terenc. Qué hora será? Yo no sé</Unicode>
                </TextEquiv>
            </TextLine>
            <TextLine id="r_4_1l2" custom="readingOrder {index:1;}">
                <Coords points="201,1424 226,1425 252,1426 277,1426 303,1427 329,1428 354,1428 380,1428 406,1429 431,1429 457,1429 482,1429 508,1429 534,1429 559,1429 585,1429 611,1429 636,1429 662,1429 688,1429 688,1392 662,1392 636,1392 611,1392 585,1392 559,1392 534,1392 508,1392 482,1392 457,1392 431,1392 406,1392 380,1391 354,1391 329,1391 303,1390 277,1389 252,1389 226,1388 201,1387"/>
                <Baseline points="201,1412 226,1413 252,1414 277,1414 303,1415 329,1416 354,1416 380,1416 406,1417 431,1417 457,1417 482,1417 508,1417 534,1417 559,1417 585,1417 611,1417 636,1417 662,1417 688,1417"/>
                <TextEquiv>
                    <Unicode>porque el reloj mio anda</Unicode>
                </TextEquiv>
            </TextLine>
            <TextLine id="r_4_1l3" custom="readingOrder {index:2;}">
                <Coords points="202,1479 228,1479 254,1479 281,1479 307,1480 334,1480 360,1481 386,1481 413,1482 439,1483 466,1484 492,1484 518,1485 545,1485 571,1485 598,1485 624,1485 650,1484 677,1484 703,1483 730,1481 730,1444 703,1446 677,1447 650,1447 624,1448 598,1448 571,1448 545,1448 518,1448 492,1447 466,1447 439,1446 413,1445 386,1444 360,1444 334,1443 307,1443 281,1442 254,1442 228,1442 202,1442"/>
                <Baseline points="202,1467 228,1467 254,1467 281,1467 307,1468 334,1468 360,1469 386,1469 413,1470 439,1471 466,1472 492,1472 518,1473 545,1473 571,1473 598,1473 624,1473 650,1472 677,1472 703,1471 730,1469"/>
                <TextEquiv>
                    <Unicode>cuando quiere, y para eso</Unicode>
                </TextEquiv>
            </TextLine>
            <TextLine id="r_4_1l4" custom="readingOrder {index:3;}">
                <Coords points="201,1530 226,1531 251,1533 276,1533 301,1534 327,1535 352,1535 377,1535 402,1536 427,1536 453,1536 478,1536 503,1536 528,1536 553,1536 579,1536 604,1537 629,1537 654,1538 679,1539 705,1540 705,1503 679,1502 654,1501 629,1500 604,1500 579,1499 553,1499 528,1499 503,1499 478,1499 453,1499 427,1499 402,1499 377,1498 352,1498 327,1498 301,1497 276,1496 251,1496 226,1494 201,1493"/>
                <Baseline points="201,1518 226,1519 251,1521 276,1521 301,1522 327,1523 352,1523 377,1523 402,1524 427,1524 453,1524 478,1524 503,1524 528,1524 553,1524 579,1524 604,1525 629,1525 654,1526 679,1527 705,1528"/>
                <TextEquiv>
                    <Unicode>ó se adelanta ó se atrasa:</Unicode>
                </TextEquiv>
            </TextLine>
            <TextLine id="r_4_1l5" custom="readingOrder {index:4;}">
                <Coords points="203,1584 229,1584 255,1584 281,1585 307,1585 333,1586 359,1586 385,1587 411,1588 437,1588 463,1589 489,1589 515,1590 541,1590 567,1590 593,1590 619,1590 645,1590 671,1589 671,1552 645,1553 619,1553 593,1553 567,1553 541,1553 515,1553 489,1552 463,1552 437,1551 411,1551 385,1550 359,1549 333,1549 307,1548 281,1548 255,1547 229,1547 203,1547"/>
                <Baseline points="203,1572 229,1572 255,1572 281,1573 307,1573 333,1574 359,1574 385,1575 411,1576 437,1576 463,1577 489,1577 515,1578 541,1578 567,1578 593,1578 619,1578 645,1578 671,1577"/>
                <TextEquiv>
                    <Unicode>Sobre poco mas ó menos</Unicode>
                </TextEquiv>
            </TextLine>
            <TextLine id="r_4_1l6" custom="readingOrder {index:5;}">
                <Coords points="201,1637 226,1638 251,1639 277,1639 302,1640 327,1640 353,1641 378,1641 403,1641 429,1642 454,1642 480,1642 505,1642 530,1643 556,1643 581,1643 606,1644 632,1644 657,1645 683,1645 683,1608 657,1608 632,1607 606,1607 581,1606 556,1606 530,1606 505,1605 480,1605 454,1605 429,1605 403,1604 378,1604 353,1604 327,1603 302,1603 277,1602 251,1602 226,1601 201,1600"/>
                <Baseline points="201,1625 226,1626 251,1627 277,1627 302,1628 327,1628 353,1629 378,1629 403,1629 429,1630 454,1630 480,1630 505,1630 530,1631 556,1631 581,1631 606,1632 632,1632 657,1633 683,1633"/>
                <TextEquiv>
                    <Unicode>ya será hora: vaya, vaya, </Unicode>
                </TextEquiv>
            </TextLine>
            <TextLine id="r_4_1l7" custom="readingOrder {index:6;}">
                <Coords points="206,1691 231,1691 256,1692 282,1693 307,1693 332,1693 358,1693 383,1693 408,1693 434,1694 459,1694 484,1694 510,1695 535,1695 560,1696 586,1697 586,1660 560,1659 535,1658 510,1658 484,1657 459,1657 434,1657 408,1656 383,1656 358,1656 332,1656 307,1656 282,1656 256,1655 231,1654 206,1654"/>
                <Baseline points="206,1679 231,1679 256,1680 282,1681 307,1681 332,1681 358,1681 383,1681 408,1681 434,1682 459,1682 484,1682 510,1683 535,1683 560,1684 586,1685"/>
                <TextEquiv>
                    <Unicode>este criado perverso</Unicode>
                </TextEquiv>
            </TextLine>
            <TextLine id="r_4_1l8" custom="readingOrder {index:7;}">
                <Coords points="198,1745 225,1746 253,1746 280,1746 308,1747 336,1747 363,1747 391,1748 418,1748 446,1748 474,1749 501,1749 529,1749 556,1750 584,1750 612,1750 639,1750 667,1750 694,1751 722,1751 750,1751 750,1714 722,1714 694,1714 667,1713 639,1713 612,1713 584,1713 556,1713 529,1712 501,1712 474,1712 446,1711 418,1711 391,1711 363,1710 336,1710 308,1710 280,1709 253,1709 225,1709 198,1708"/>
                <Baseline points="198,1733 225,1734 253,1734 280,1734 308,1735 336,1735 363,1735 391,1736 418,1736 446,1736 474,1737 501,1737 529,1737 556,1738 584,1738 612,1738 639,1738 667,1738 694,1739 722,1739 750,1739"/>
                <TextEquiv>
                    <Unicode>hace una hora que á la plaza</Unicode>
                </TextEquiv>
            </TextLine>
            <TextLine id="r_4_1l9" custom="readingOrder {index:8;}">
                <Coords points="194,1799 219,1800 244,1800 269,1800 295,1801 320,1801 345,1801 370,1801 396,1801 421,1802 446,1802 471,1802 497,1802 522,1802 547,1803 572,1803 598,1803 623,1804 648,1804 673,1805 699,1806 699,1769 673,1768 648,1767 623,1767 598,1766 572,1766 547,1766 522,1765 497,1765 471,1765 446,1765 421,1765 396,1764 370,1764 345,1764 320,1764 295,1764 269,1763 244,1763 219,1763 194,1762"/>
                <Baseline points="194,1787 219,1788 244,1788 269,1788 295,1789 320,1789 345,1789 370,1789 396,1789 421,1790 446,1790 471,1790 497,1790 522,1790 547,1791 572,1791 598,1791 623,1792 648,1792 673,1793 699,1794"/>
                <TextEquiv>
                    <Unicode>lo mandé que me tragera, </Unicode>
                </TextEquiv>
            </TextLine>
            <TextLine id="r_4_1l10" custom="readingOrder {index:9;}">
                <Coords points="193,1851 218,1852 244,1854 270,1855 296,1856 322,1856 348,1856 373,1856 399,1856 425,1855 451,1855 477,1855 503,1855 528,1855 554,1855 580,1856 606,1857 632,1859 658,1861 658,1824 632,1822 606,1820 580,1819 554,1818 528,1818 503,1818 477,1818 451,1818 425,1818 399,1819 373,1819 348,1819 322,1819 296,1819 270,1818 244,1817 218,1815 193,1814"/>
                <Baseline points="193,1839 218,1840 244,1842 270,1843 296,1844 322,1844 348,1844 373,1844 399,1844 425,1843 451,1843 477,1843 503,1843 528,1843 554,1843 580,1844 606,1845 632,1847 658,1849"/>
                <TextEquiv>
                    <Unicode>para cenar hoy en casa, </Unicode>
                </TextEquiv>
            </TextLine>
            <TextLine id="r_4_1l11" custom="readingOrder {index:10;}">
                <Coords points="199,1906 224,1907 250,1908 276,1908 301,1909 327,1909 353,1909 378,1909 404,1909 430,1909 456,1909 481,1909 507,1909 533,1909 558,1910 584,1910 610,1911 636,1913 636,1876 610,1874 584,1873 558,1873 533,1872 507,1872 481,1872 456,1872 430,1872 404,1872 378,1872 353,1872 327,1872 301,1872 276,1871 250,1871 224,1870 199,1869"/>
                <Baseline points="199,1894 224,1895 250,1896 276,1896 301,1897 327,1897 353,1897 378,1897 404,1897 430,1897 456,1897 481,1897 507,1897 533,1897 558,1898 584,1898 610,1899 636,1901"/>
                <TextEquiv>
                    <Unicode>una asadura de cerdo,</Unicode>
                </TextEquiv>
            </TextLine>
            <TextLine id="r_4_1l12" custom="readingOrder {index:11;}">
                <Coords points="205,1961 231,1961 258,1962 285,1962 312,1962 339,1962 366,1962 392,1962 419,1962 446,1962 473,1963 500,1963 527,1963 554,1963 580,1963 607,1963 634,1963 661,1963 688,1964 715,1964 742,1965 742,1928 715,1927 688,1927 661,1926 634,1926 607,1926 580,1926 554,1926 527,1926 500,1926 473,1926 446,1925 419,1925 392,1925 366,1925 339,1925 312,1925 285,1925 258,1925 231,1924 205,1924"/>
                <Baseline points="205,1949 231,1949 258,1950 285,1950 312,1950 339,1950 366,1950 392,1950 419,1950 446,1950 473,1951 500,1951 527,1951 554,1951 580,1951 607,1951 634,1951 661,1951 688,1952 715,1952 742,1953"/>
                <TextEquiv>
                    <Unicode>y el gran bribon tanto tarda,</Unicode>
                </TextEquiv>
            </TextLine>
            <TextLine id="r_4_1l13" custom="readingOrder {index:12;}">
                <Coords points="193,2013 220,2014 248,2014 275,2015 303,2015 330,2016 358,2016 385,2016 413,2016 440,2016 468,2016 495,2016 523,2016 550,2016 578,2016 605,2016 633,2017 660,2017 688,2017 715,2017 743,2018 743,1981 715,1980 688,1980 660,1980 633,1980 605,1979 578,1979 550,1979 523,1979 495,1979 468,1979 440,1979 413,1979 385,1979 358,1979 330,1979 303,1978 275,1978 248,1977 220,1977 193,1976"/>
                <Baseline points="193,2001 220,2002 248,2002 275,2003 303,2003 330,2004 358,2004 385,2004 413,2004 440,2004 468,2004 495,2004 523,2004 550,2004 578,2004 605,2004 633,2005 660,2005 688,2005 715,2005 743,2006"/>
                <TextEquiv>
                    <Unicode>que estoy por desesperarme;:</Unicode>
                </TextEquiv>
            </TextLine>
            <TextLine id="r_4_1l14" custom="readingOrder {index:13;}">
                <Coords points="191,2069 217,2069 243,2069 269,2069 295,2069 321,2069 347,2069 374,2069 400,2069 426,2070 452,2070 478,2070 504,2070 530,2071 557,2071 583,2071 609,2071 635,2071 661,2071 687,2071 714,2071 714,2034 687,2034 661,2034 635,2034 609,2034 583,2034 557,2034 530,2034 504,2033 478,2033 452,2033 426,2033 400,2032 374,2032 347,2032 321,2032 295,2032 269,2032 243,2032 217,2032 191,2032"/>
                <Baseline points="191,2057 217,2057 243,2057 269,2057 295,2057 321,2057 347,2057 374,2057 400,2057 426,2058 452,2058 478,2058 504,2058 530,2059 557,2059 583,2059 609,2059 635,2059 661,2059 687,2059 714,2059"/>
                <TextEquiv>
                    <Unicode>mas ya viene: llega, acaba. </Unicode>
                </TextEquiv>
            </TextLine>
            <TextLine id="r_4_1l15" custom="readingOrder {index:14;}">
                <Coords points="196,2124 221,2124 246,2124 271,2124 296,2124 321,2124 346,2124 371,2124 396,2124 421,2124 446,2124 471,2124 496,2124 521,2124 546,2124 571,2124 596,2124 621,2124 646,2124 671,2123 671,2086 646,2087 621,2087 596,2087 571,2087 546,2087 521,2087 496,2087 471,2087 446,2087 421,2087 396,2087 371,2087 346,2087 321,2087 296,2087 271,2087 246,2087 221,2087 196,2087"/>
                <Baseline points="196,2112 221,2112 246,2112 271,2112 296,2112 321,2112 346,2112 371,2112 396,2112 421,2112 446,2112 471,2112 496,2112 521,2112 546,2112 571,2112 596,2112 621,2112 646,2112 671,2111"/>
                <TextEquiv>
                    <Unicode>Qué risa es esa, salvage?</Unicode>
                </TextEquiv>
            </TextLine>
            <TextLine id="r_4_1l16" custom="readingOrder {index:15;}">
                <Coords points="183,2229 211,2229 239,2229 267,2229 296,2229 324,2229 352,2229 380,2230 409,2230 437,2230 465,2230 493,2230 522,2231 550,2231 578,2231 606,2231 635,2231 663,2231 691,2231 719,2230 748,2230 748,2193 719,2193 691,2194 663,2194 635,2194 606,2194 578,2194 550,2194 522,2194 493,2193 465,2193 437,2193 409,2193 380,2193 352,2192 324,2192 296,2192 267,2192 239,2192 211,2192 183,2192"/>
                <Baseline points="183,2217 211,2217 239,2217 267,2217 296,2217 324,2217 352,2217 380,2218 409,2218 437,2218 465,2218 493,2218 522,2219 550,2219 578,2219 606,2219 635,2219 663,2219 691,2219 719,2218 748,2218"/>
                <TextEquiv>
                    <Unicode>Sale niquiñaque con un papel.</Unicode>
                </TextEquiv>
            </TextLine>
            <TextLine id="r_4_1l17" custom="readingOrder {index:16;}">
                <Coords points="151,2283 180,2283 210,2283 240,2283 269,2283 299,2284 329,2284 358,2284 388,2284 418,2284 448,2284 477,2284 507,2285 537,2285 566,2285 596,2285 626,2285 655,2285 685,2285 715,2286 745,2286 745,2249 715,2249 685,2248 655,2248 626,2248 596,2248 566,2248 537,2248 507,2248 477,2247 448,2247 418,2247 388,2247 358,2247 329,2247 299,2247 269,2246 240,2246 210,2246 180,2246 151,2246"/>
                <Baseline points="151,2271 180,2271 210,2271 240,2271 269,2271 299,2272 329,2272 358,2272 388,2272 418,2272 448,2272 477,2272 507,2273 537,2273 566,2273 596,2273 626,2273 655,2273 685,2273 715,2274 745,2274"/>
                <TextEquiv>
                    <Unicode>Nig. Como usted á saber llegára</Unicode>
                </TextEquiv>
            </TextLine>
            <TextEquiv>
                <Unicode>Terenc. Qué hora será? Yo no sé
porque el reloj mio anda
cuando quiere, y para eso
ó se adelanta ó se atrasa:
Sobre poco mas ó menos
ya será hora: vaya, vaya, 
este criado perverso
hace una hora que á la plaza
lo mandé que me tragera, 
para cenar hoy en casa, 
una asadura de cerdo,
y el gran bribon tanto tarda,
que estoy por desesperarme;:
mas ya viene: llega, acaba. 
Qué risa es esa, salvage?
Sale niquiñaque con un papel.
Nig. Como usted á saber llegára</Unicode>
            </TextEquiv>
        </TextRegion>
        <TextRegion orientation="0.0" type="paragraph" id="r_5_1" custom="readingOrder {index:4;}">
            <Coords points="875,1325 1486,1325 1486,2300 875,2300"/>
            <TextLine id="r_5_1l1" custom="readingOrder {index:0;}">
                <Coords points="928,1373 954,1374 980,1374 1006,1375 1032,1375 1058,1376 1084,1377 1110,1378 1136,1379 1162,1380 1188,1380 1214,1381 1240,1382 1266,1382 1292,1382 1318,1383 1344,1382 1370,1382 1396,1381 1396,1344 1370,1345 1344,1345 1318,1346 1292,1345 1266,1345 1240,1345 1214,1344 1188,1343 1162,1343 1136,1342 1110,1341 1084,1340 1058,1339 1032,1338 1006,1338 980,1337 954,1337 928,1336"/>
                <Baseline points="928,1361 954,1362 980,1362 1006,1363 1032,1363 1058,1364 1084,1365 1110,1366 1136,1367 1162,1368 1188,1368 1214,1369 1240,1370 1266,1370 1292,1370 1318,1371 1344,1370 1370,1370 1396,1369"/>
                <TextEquiv>
                    <Unicode>de que me rio, se habia</Unicode>
                </TextEquiv>
            </TextLine>
            <TextLine id="r_5_1l2" custom="readingOrder {index:1;}">
                <Coords points="927,1428 952,1428 978,1429 1004,1429 1029,1430 1055,1431 1081,1431 1107,1432 1132,1433 1158,1433 1184,1434 1210,1434 1235,1435 1261,1435 1287,1436 1313,1436 1313,1399 1287,1399 1261,1398 1235,1398 1210,1397 1184,1397 1158,1396 1132,1396 1107,1395 1081,1394 1055,1394 1029,1393 1004,1392 978,1392 952,1391 927,1391"/>
                <Baseline points="927,1416 952,1416 978,1417 1004,1417 1029,1418 1055,1419 1081,1419 1107,1420 1132,1421 1158,1421 1184,1422 1210,1422 1235,1423 1261,1423 1287,1424 1313,1424"/>
                <TextEquiv>
                    <Unicode>de reir á carcajadas.</Unicode>
                </TextEquiv>
            </TextLine>
            <TextLine id="r_5_1l3" custom="readingOrder {index:2;}">
                <Coords points="883,1484 909,1483 935,1483 962,1483 988,1483 1014,1483 1041,1484 1067,1484 1093,1484 1120,1485 1146,1485 1172,1486 1199,1487 1225,1488 1252,1489 1252,1452 1225,1451 1199,1450 1172,1449 1146,1448 1120,1448 1093,1447 1067,1447 1041,1447 1014,1446 988,1446 962,1446 935,1446 909,1446 883,1447"/>
                <Baseline points="883,1472 909,1471 935,1471 962,1471 988,1471 1014,1471 1041,1472 1067,1472 1093,1472 1120,1473 1146,1473 1172,1474 1199,1475 1225,1476 1252,1477"/>
                <TextEquiv>
                    <Unicode>Ter. Pues cuéntalo.</Unicode>
                </TextEquiv>
            </TextLine>
            <TextLine id="r_5_1l4" custom="readingOrder {index:3;}">
                <Coords points="888,1535 914,1535 941,1536 967,1537 994,1537 1020,1538 1047,1539 1073,1539 1100,1540 1126,1540 1153,1540 1179,1540 1206,1539 1206,1502 1179,1503 1153,1503 1126,1503 1100,1503 1073,1502 1047,1502 1020,1501 994,1500 967,1500 941,1499 914,1498 888,1498"/>
                <Baseline points="888,1523 914,1523 941,1524 967,1525 994,1525 1020,1526 1047,1527 1073,1527 1100,1528 1126,1528 1153,1528 1179,1528 1206,1527"/>
                <TextEquiv>
                    <Unicode>Nig. Deme usted</Unicode>
                </TextEquiv>
            </TextLine>
            <TextLine id="r_5_1l5" custom="readingOrder {index:4;}">
                <Coords points="929,1589 955,1589 982,1589 1009,1590 1036,1590 1063,1591 1090,1591 1117,1592 1144,1592 1171,1593 1198,1593 1224,1594 1251,1594 1278,1595 1305,1596 1332,1596 1359,1597 1386,1597 1413,1598 1440,1598 1467,1599 1467,1562 1440,1561 1413,1561 1386,1560 1359,1560 1332,1559 1305,1559 1278,1558 1251,1557 1224,1557 1198,1556 1171,1556 1144,1555 1117,1555 1090,1554 1063,1554 1036,1553 1009,1553 982,1552 955,1552 929,1552"/>
                <Baseline points="929,1577 955,1577 982,1577 1009,1578 1036,1578 1063,1579 1090,1579 1117,1580 1144,1580 1171,1581 1198,1581 1224,1582 1251,1582 1278,1583 1305,1584 1332,1584 1359,1585 1386,1585 1413,1586 1440,1586 1467,1587"/>
                <TextEquiv>
                    <Unicode>cuatro cuartos por la gracia,</Unicode>
                </TextEquiv>
            </TextLine>
            <TextLine id="r_5_1l6" custom="readingOrder {index:5;}">
                <Coords points="921,1642 946,1643 971,1643 996,1643 1022,1643 1047,1644 1072,1644 1098,1645 1123,1645 1148,1646 1173,1647 1199,1647 1224,1648 1249,1648 1275,1649 1300,1650 1325,1650 1351,1651 1351,1614 1325,1613 1300,1613 1275,1612 1249,1611 1224,1611 1199,1610 1173,1610 1148,1609 1123,1608 1098,1608 1072,1607 1047,1607 1022,1606 996,1606 971,1606 946,1606 921,1605"/>
                <Baseline points="921,1630 946,1631 971,1631 996,1631 1022,1631 1047,1632 1072,1632 1098,1633 1123,1633 1148,1634 1173,1635 1199,1635 1224,1636 1249,1636 1275,1637 1300,1638 1325,1638 1351,1639"/>
                <TextEquiv>
                    <Unicode>y de P. á Pa le encajo</Unicode>
                </TextEquiv>
            </TextLine>
            <TextLine id="r_5_1l7" custom="readingOrder {index:6;}">
                <Coords points="931,1696 959,1695 987,1696 1015,1696 1043,1697 1071,1698 1099,1699 1127,1700 1127,1663 1099,1662 1071,1661 1043,1660 1015,1659 987,1659 959,1658 931,1659"/>
                <Baseline points="931,1684 959,1683 987,1684 1015,1684 1043,1685 1071,1686 1099,1687 1127,1688"/>
                <TextEquiv>
                    <Unicode>como fué..</Unicode>
                </TextEquiv>
            </TextLine>
            <TextLine id="r_5_1l8" custom="readingOrder {index:7;}">
                <Coords points="888,1749 914,1750 941,1750 967,1751 994,1751 1021,1752 1047,1752 1074,1752 1101,1752 1127,1753 1154,1753 1181,1754 1207,1755 1234,1756 1261,1758 1261,1721 1234,1719 1207,1718 1181,1717 1154,1716 1127,1716 1101,1715 1074,1715 1047,1715 1021,1715 994,1714 967,1714 941,1713 914,1713 888,1712"/>
                <Baseline points="888,1737 914,1738 941,1738 967,1739 994,1739 1021,1740 1047,1740 1074,1740 1101,1740 1127,1741 1154,1741 1181,1742 1207,1743 1234,1744 1261,1746"/>
                <TextEquiv>
                    <Unicode>Ter. Con una estaca</Unicode>
                </TextEquiv>
            </TextLine>
            <TextLine id="r_5_1l9" custom="readingOrder {index:8;}">
                <Coords points="924,1803 949,1803 975,1803 1000,1804 1026,1804 1052,1805 1077,1805 1103,1806 1128,1806 1154,1807 1180,1808 1205,1808 1231,1809 1256,1810 1282,1811 1308,1811 1333,1812 1359,1813 1385,1814 1385,1777 1359,1776 1333,1775 1308,1774 1282,1774 1256,1773 1231,1772 1205,1771 1180,1771 1154,1770 1128,1769 1103,1769 1077,1768 1052,1768 1026,1767 1000,1767 975,1766 949,1766 924,1766"/>
                <Baseline points="924,1791 949,1791 975,1791 1000,1792 1026,1792 1052,1793 1077,1793 1103,1794 1128,1794 1154,1795 1180,1796 1205,1796 1231,1797 1256,1798 1282,1799 1308,1799 1333,1800 1359,1801 1385,1802"/>
                <TextEquiv>
                    <Unicode>te romperé una costilla </Unicode>
                </TextEquiv>
            </TextLine>
            <TextLine id="r_5_1l10" custom="readingOrder {index:9;}">
                <Coords points="927,1856 953,1857 980,1857 1007,1858 1034,1858 1060,1859 1087,1859 1114,1860 1141,1860 1167,1861 1194,1862 1221,1862 1248,1863 1274,1863 1301,1864 1328,1865 1355,1865 1381,1866 1408,1866 1435,1867 1462,1868 1462,1831 1435,1830 1408,1829 1381,1829 1355,1828 1328,1828 1301,1827 1274,1826 1248,1826 1221,1825 1194,1825 1167,1824 1141,1823 1114,1823 1087,1822 1060,1822 1034,1821 1007,1821 980,1820 953,1820 927,1819"/>
                <Baseline points="927,1844 953,1845 980,1845 1007,1846 1034,1846 1060,1847 1087,1847 1114,1848 1141,1848 1167,1849 1194,1850 1221,1850 1248,1851 1274,1851 1301,1852 1328,1853 1355,1853 1381,1854 1408,1854 1435,1855 1462,1856"/>
                <TextEquiv>
                    <Unicode>si te me vienes con chanzas.</Unicode>
                </TextEquiv>
            </TextLine>
            <TextLine id="r_5_1l11" custom="readingOrder {index:10;}">
                <Coords points="878,1910 907,1911 936,1911 966,1912 995,1912 1025,1913 1054,1913 1083,1914 1113,1914 1142,1915 1172,1915 1201,1916 1230,1917 1260,1917 1289,1918 1319,1919 1348,1919 1377,1920 1407,1921 1436,1922 1466,1923 1466,1886 1436,1885 1407,1884 1377,1883 1348,1882 1319,1882 1289,1881 1260,1880 1230,1880 1201,1879 1172,1878 1142,1878 1113,1877 1083,1877 1054,1876 1025,1876 995,1875 966,1875 936,1874 907,1874 878,1873"/>
                <Baseline points="878,1898 907,1899 936,1899 966,1900 995,1900 1025,1901 1054,1901 1083,1902 1113,1902 1142,1903 1172,1903 1201,1904 1230,1905 1260,1905 1289,1906 1319,1907 1348,1907 1377,1908 1407,1909 1436,1910 1466,1911"/>
                <TextEquiv>
                    <Unicode>Nig. No señor, yo lo agradezco,</Unicode>
                </TextEquiv>
            </TextLine>
            <TextLine id="r_5_1l12" custom="readingOrder {index:11;}">
                <Coords points="929,1964 956,1965 983,1965 1010,1966 1037,1966 1064,1967 1091,1967 1118,1968 1145,1968 1172,1969 1199,1969 1226,1970 1253,1970 1280,1971 1307,1971 1334,1972 1361,1972 1388,1973 1415,1973 1442,1973 1470,1974 1470,1937 1442,1936 1415,1936 1388,1936 1361,1935 1334,1935 1307,1934 1280,1934 1253,1933 1226,1933 1199,1932 1172,1932 1145,1931 1118,1931 1091,1930 1064,1930 1037,1929 1010,1929 983,1928 956,1928 929,1927"/>
                <Baseline points="929,1952 956,1953 983,1953 1010,1954 1037,1954 1064,1955 1091,1955 1118,1956 1145,1956 1172,1957 1199,1957 1226,1958 1253,1958 1280,1959 1307,1959 1334,1960 1361,1960 1388,1961 1415,1961 1442,1961 1470,1962"/>
                <TextEquiv>
                    <Unicode>oiga usted el cuento: de casa</Unicode>
                </TextEquiv>
            </TextLine>
            <TextLine id="r_5_1l13" custom="readingOrder {index:12;}">
                <Coords points="923,2020 948,2019 974,2019 1000,2019 1026,2019 1051,2019 1077,2019 1103,2020 1129,2021 1155,2021 1180,2022 1206,2023 1232,2023 1258,2024 1283,2024 1309,2024 1335,2024 1361,2024 1387,2023 1387,1986 1361,1987 1335,1987 1309,1987 1283,1987 1258,1987 1232,1986 1206,1986 1180,1985 1155,1984 1129,1984 1103,1983 1077,1982 1051,1982 1026,1982 1000,1982 974,1982 948,1982 923,1983"/>
                <Baseline points="923,2008 948,2007 974,2007 1000,2007 1026,2007 1051,2007 1077,2007 1103,2008 1129,2009 1155,2009 1180,2010 1206,2011 1232,2011 1258,2012 1283,2012 1309,2012 1335,2012 1361,2012 1387,2011"/>
                <TextEquiv>
                    <Unicode>salí (como usted mandó</Unicode>
                </TextEquiv>
            </TextLine>
            <TextLine id="r_5_1l14" custom="readingOrder {index:13;}">
                <Coords points="921,2070 947,2071 974,2071 1000,2072 1027,2073 1053,2073 1080,2074 1106,2075 1133,2075 1159,2075 1186,2076 1212,2076 1239,2077 1265,2077 1292,2077 1319,2077 1319,2040 1292,2040 1265,2040 1239,2040 1212,2039 1186,2039 1159,2038 1133,2038 1106,2038 1080,2037 1053,2036 1027,2036 1000,2035 974,2034 947,2034 921,2033"/>
                <Baseline points="921,2058 947,2059 974,2059 1000,2060 1027,2061 1053,2061 1080,2062 1106,2063 1133,2063 1159,2063 1186,2064 1212,2064 1239,2065 1265,2065 1292,2065 1319,2065"/>
                <TextEquiv>
                    <Unicode>á decir con la criada)</Unicode>
                </TextEquiv>
            </TextLine>
            <TextLine id="r_5_1l15" custom="readingOrder {index:14;}">
                <Coords points="922,2125 947,2125 972,2126 997,2126 1022,2127 1047,2127 1072,2128 1097,2129 1122,2129 1148,2130 1173,2130 1198,2130 1223,2131 1248,2131 1273,2132 1298,2132 1323,2133 1348,2133 1374,2133 1374,2096 1348,2096 1323,2096 1298,2095 1273,2095 1248,2094 1223,2094 1198,2093 1173,2093 1148,2093 1122,2092 1097,2092 1072,2091 1047,2090 1022,2090 997,2089 972,2089 947,2088 922,2088"/>
                <Baseline points="922,2113 947,2113 972,2114 997,2114 1022,2115 1047,2115 1072,2116 1097,2117 1122,2117 1148,2118 1173,2118 1198,2118 1223,2119 1248,2119 1273,2120 1298,2120 1323,2121 1348,2121 1374,2121"/>
                <TextEquiv>
                    <Unicode>á comprar una asadura:</Unicode>
                </TextEquiv>
            </TextLine>
            <TextLine id="r_5_1l16" custom="readingOrder {index:15;}">
                <Coords points="923,2179 948,2180 974,2180 999,2181 1025,2181 1051,2182 1076,2182 1102,2182 1127,2183 1153,2183 1179,2183 1204,2184 1230,2184 1255,2185 1281,2185 1307,2185 1332,2186 1358,2187 1384,2187 1384,2150 1358,2150 1332,2149 1307,2148 1281,2148 1255,2148 1230,2147 1204,2147 1179,2146 1153,2146 1127,2146 1102,2145 1076,2145 1051,2145 1025,2144 999,2144 974,2143 948,2143 923,2142"/>
                <Baseline points="923,2167 948,2168 974,2168 999,2169 1025,2169 1051,2170 1076,2170 1102,2170 1127,2171 1153,2171 1179,2171 1204,2172 1230,2172 1255,2173 1281,2173 1307,2173 1332,2174 1358,2175 1384,2175"/>
                <TextEquiv>
                    <Unicode>iba por ella en volandas</Unicode>
                </TextEquiv>
            </TextLine>
            <TextLine id="r_5_1l17" custom="readingOrder {index:16;}">
                <Coords points="930,2235 955,2235 981,2236 1007,2236 1033,2236 1059,2236 1085,2236 1111,2237 1137,2237 1162,2237 1188,2237 1214,2237 1240,2237 1266,2237 1292,2237 1318,2237 1344,2237 1344,2200 1318,2200 1292,2200 1266,2200 1240,2200 1214,2200 1188,2200 1162,2200 1137,2200 1111,2200 1085,2199 1059,2199 1033,2199 1007,2199 981,2199 955,2198 930,2198"/>
                <Baseline points="930,2223 955,2223 981,2224 1007,2224 1033,2224 1059,2224 1085,2224 1111,2225 1137,2225 1162,2225 1188,2225 1214,2225 1240,2225 1266,2225 1292,2225 1318,2225 1344,2225"/>
                <TextEquiv>
                    <Unicode>por tenerla, y me dijo</Unicode>
                </TextEquiv>
            </TextLine>
            <TextLine id="r_5_1l18" custom="readingOrder {index:17;}">
                <Coords points="921,2289 947,2289 973,2289 1000,2289 1026,2289 1052,2290 1079,2290 1105,2291 1132,2291 1158,2292 1184,2292 1211,2293 1237,2293 1263,2293 1290,2294 1316,2294 1343,2294 1343,2257 1316,2257 1290,2257 1263,2256 1237,2256 1211,2256 1184,2255 1158,2255 1132,2254 1105,2254 1079,2253 1052,2253 1026,2252 1000,2252 973,2252 947,2252 921,2252"/>
                <Baseline points="921,2277 947,2277 973,2277 1000,2277 1026,2277 1052,2278 1079,2278 1105,2279 1132,2279 1158,2280 1184,2280 1211,2281 1237,2281 1263,2281 1290,2282 1316,2282 1343,2282"/>
                <TextEquiv>
                    <Unicode>la cocinera que estaba</Unicode>
                </TextEquiv>
            </TextLine>
            <TextEquiv>
                <Unicode>de que me rio, se habia
de reir á carcajadas.
Ter. Pues cuéntalo.
Nig. Deme usted
cuatro cuartos por la gracia,
y de P. á Pa le encajo
como fué..
Ter. Con una estaca
te romperé una costilla 
si te me vienes con chanzas.
Nig. No señor, yo lo agradezco,
oiga usted el cuento: de casa
salí (como usted mandó
á decir con la criada)
á comprar una asadura:
iba por ella en volandas
por tenerla, y me dijo
la cocinera que estaba</Unicode>
            </TextEquiv>
        </TextRegion>
    </Page>
</PcGts>
