1737 2508
888 23 924 175 3
251 154 664 206 y las culpas atrasadas
253 208 703 256 lo tienen algo achacoso:
257 261 734 309 y si á las primeras aguas
256 314 745 362 se revuelven los humores
258 367 783 414 vá V. á mascar tierra: Vaya
268 421 791 470 que me encontré ya casado,
271 475 815 524 que heredamos cuanto haya,
272 525 869 576 que en gastos de boda, entierro,
268 582 743 630 médicos, hotica, y cuanta
268 635 722 684 zarandaja se ha ofrecido
280 692 727 736 se fué la mitad sin falta
275 744 743 789 del caudal: luego la niña,
280 798 679 844 como ama de su casa
285 853 662 898 y legítima heredera,
279 904 779 950 triunfa, derrota, malgasta
288 959 758 1004 en bailes, cenas, cortejos.
287 1012 757 1057 y ungüentos para la cara.
288 1066 769 1110 He, ya se acabó el dinero;
291 1120 747 1165 quedan algunas alhajas,
289 1172 790 1216 se venden para comprarla
299 1225 807 1269 un vestido á una operanta,
296 1278 780 1326 y nos quedamos asperges
307 1332 735 1379 cantando la nininaina.
306 1387 797 1432 Empieza á tener la esposa
309 1440 786 1484 ánsias de heredero: cata,
312 1493 766 1539 que se la antojan comer
319 1549 744 1593 ongos de menomotapa,
324 1602 801 1648 que se los traigan preciso,
314 1656 733 1702 y lo mas preciso falta:
325 1699 1440 1757 Qui faciendum? He de ahorcarme? Ter. Chicas, yo me voy
321 1762 838 1807 Llega la hora en que clama
313 1815 845 1861 mi esposa para dar empujes,
324 1869 845 1913 y aun empujon: ahi es nada:
326 1924 717 1968 cátate otra pacotilla.
322 1978 802 2022 A esto me dice mi amada
327 2032 742 2074 consorte, yo necesito,
331 2085 799 2129 marido mio, de una ama.
319 2138 795 2180 Necesito... ya usted sabe
324 2193 759 2236 lo que necesita: canta,
337 2246 845 2293 (al compás de mi paciencia)
971 145 1517 185 Juan carbon, Juan ensalada,
978 198 1483 240 Juan aceite, Juan vinagre,
980 250 1527 294 Juan carnero, Juan castañas:
983 306 1539 352 y yo respondo, Juan cuernos,
985 360 1515 400 que en mi cabeza se hallan
996 414 1318 454 tales embolismos
983 468 1418 508 es imposible que haga
990 521 1444 560 intenciones de casarme,
996 574 1555 614 aunque me hicieran Tetrarca.
953 630 1269 669 Ter. Dices bien,
1006 682 1455 722 porque el buey suelto...
951 736 1587 779 Nig. Las costuras le hacen llagas.
964 790 1565 834 Ter. Ya que no quieras casarte,
1011 844 1451 887 con todo, mi confianza
1008 898 1441 941 la dejo en tí, para que
1020 951 1523 994 no dejes que nadie en casa
1020 1002 1559 1048 entre á parlar con las niñas.
980 1055 1641 1101 Nig. Descuide V. que aunque lanza
1017 1113 1412 1156 á lanza, viniese don
1031 1166 1507 1210 Quijote con Sancho Panza
1024 1218 1473 1261 no pasarian del umbral
1027 1272 1524 1314 sin quedar en la estacada.
987 1325 1616 1369 Ter. Pues para advertirlas á ellas
1035 1380 1500 1422 de todo, voy á llamarlas.
1027 1433 1521 1476 A, muchachas: Margarita,
1031 1490 1146 1529 Pepa.
993 1539 1677 1582 Salen por la izquierda Margarita y
1270 1594 1390 1633 Pepa.
995 1641 1665 1693 Las dos, Señor, qué nos manda V?
1044 1747 1664 1800 ahora á mi huerta, de entrambas
1050 1806 1529 1852 espero guardeis el mismo
1040 1860 1519 1906 respeto que si me hallára
1055 1915 1546 1957 presente yo, á Niquiñaque,
1051 1967 1544 2014 pues es mi gusto que haga
1052 2020 1499 2066 con vosotras los oficios
1055 2076 1519 2118 de padre, pues confianza
1061 2128 1519 2171 tengo de sus procederes.
1012 2182 1660 2228 Marg. Descuidese V. que en nada
1056 2237 1453 2278 faltaremos al respeto
