1765 2512
922 46 936 198 4
266 161 774 205 que exige nuestra crianza.
216 214 901 262 Ter. Quedaos con Dios: Niquiñaque,
260 269 829 315 cuenta con lo que te encarga
256 324 488 362 mi cuidado.
216 378 896 418 Nig. V. descuide... Vase D. Terenc.
263 433 869 473 que no, no habrá falta en nada.
268 484 390 525 Niñas?
224 539 517 579 Pepa. Què hay?
216 592 640 631 Nig. Marchad adentro,
266 647 781 686 que ya empieza mi eficacia
266 700 714 737 á egercer las facultades
275 753 856 795 que mi buen amo me encarga.
217 806 639 845 Marg. Ya nos iremos.
224 859 504 900 Nig. Prontito.
220 915 842 952 Pepa. Poca buya y pocas plantas,
272 967 710 1006 que no tengo la cabeza
269 1021 748 1061 para oir mamarrachadas.
222 1073 801 1114 Nig. Cómo! qué término es ese
259 1128 828 1166 á un hombre de mi prosapia?
228 1180 800 1222 Pepa. Ha! el buen Niquiñaque
269 1234 731 1274 desciende de la Giralda,
228 1286 831 1327 Nig. Vaya, con gente sin barbas
273 1340 762 1381 no quiero gastar razones,
228 1394 720 1436 Marg. A su ama brabatas!
269 1448 763 1491 Pepa, démosle una tunda
269 1502 819 1545 y no volverá á echar plantas,
231 1552 908 1596 Pepa. Mejor será. Le dan una soba
233 1608 658 1650 Nig. Ay que demonios,
279 1661 791 1703 que me repelan las barbas.
226 1714 834 1756 Marg. Por cierto buen pedagogo
272 1766 735 1810 mi padre me destinaba.
232 1817 918 1863 Nig. Ay, no es nada, ¡San Macario!
275 1873 751 1916 de perro dogo me tratan.
227 1924 905 1969 Las 2. Toma estos cuantos pelliscos
284 1981 721 2022 en pago de tu eficacia.
437 2033 720 2072 Vase izquierda.
236 2087 744 2129 Nig. Ay! ay! malditas seais;
282 2142 790 2182 ciertamente que me tratan
283 2195 738 2234 como si fuera su padre:
279 2250 818 2288 no, pues ahora en la trampa
983 168 1529 207 caísteis, que os echo la llave,
983 222 1435 264 y no saldreis para nada.
1032 276 1538 315 Cierra la puerta izquierda.
990 328 1542 369 Voy.. mas cátate á los novios
981 383 1413 423 de mi ama y la criada;
985 436 1419 478 ellos me matan á palos
991 490 1499 532 porque les dije no hablarán
987 543 1485 583 con ellas, ó que á mi amo
983 596 1430 637 al punto se lo contaba,
989 650 1556 690 no hay duda; hoy es dia aciago
985 704 1442 743 y todo serán desgracias.
947 757 1623 795 Han salido por la derecha don Ge-
946 809 1562 851 naro y Martin, y hablan á parte.
943 863 1513 904 Gen. Vamos á ver si lograidos
995 917 1410 956 echarle de casa, y sea
995 970 1586 1010 del modo que hemos dispuesto.
944 1024 1602 1065 Mart. Vamos á ver. Qué paciencia,
988 1077 1474 1114 Niquiñaque, te acompaña
998 1129 1526 1169 cuando á esta hora debieras
996 1182 1422 1222 haber echado á correr
990 1236 1428 1276 á remediar la tragedia
999 1289 1599 1329 que contra el caudal de tu amo
995 1343 1507 1383 está pasando en la huerta?
956 1396 1636 1435 Nig. Pues qué es do que ha sucedido?
960 1450 1633 1490 Gen. Ay, no es nada: á la hora de esta
1003 1503 1459 1543 ya es tu amo casi pobre.
958 1557 1638 1596 Nig. Pues quién le roba la hacienda?
950 1610 1322 1649 Mart. La desgracia.
947 1664 1339 1702 Nig. Qué desgracia?
955 1718 1554 1756 Mart. Echa á correr con viveza
1000 1770 1422 1811 á remediar el estrago.
953 1823 1275 1863 Nig. Y á dónde?
963 1877 1441 1918 Gen. Dónde? A la huerta.
956 1931 1542 1970 Nig. Pues voy por el sombrero.
964 1984 1650 2025 Mart. Ahora te detienes en frioleras?
959 2038 1334 2076 Nig. Pues iré sin él.
958 2090 1278 2130 Mart. Corriendo.
956 2144 1532 2185 Nig. Corriendo voy: pero sepa
1001 2199 1649 2242 yo á lo qué voy, y qué desgracia
1012 2250 1516 2292 es la que pasa en la huerta.
