1765 2512
897 29 919 181 8
256 148 814 189 de suerte que en doce meses,
244 203 815 244 que son los que el año cuenta,
250 256 768 298 tendré el caudal, sin duda,
249 311 691 350 ochocientos y cuarenta
243 364 424 405 duritos...
285 417 799 456 Sale D. Terencio derecha.
199 469 652 510 Ter. Juanillo, has visto
241 524 670 563 si la llave de la puerta
247 576 735 617 del lagar me la he dejado
243 629 660 671 caer de la faldriquera
244 684 429 723 por aquí?
198 737 594 777 Nig. Por dónde vino
242 790 732 831 este demonio: aquí fuera.
238 844 740 886 no se le ha caido á usted,
236 900 888 939 porque cuando usted fué fuera.
242 953 711 993 la llevaba en el bolsillo;
241 1007 689 1047 y así la perdería fuera,
240 1058 532 1099 ó en el camino.
199 1112 489 1150 Ter. No puedo
242 1164 650 1208 discurrir donde sea.
197 1219 832 1260 Nig. Y en hallando usted la llave
243 1272 807 1312 se vuelve V. luego á ir fuera?
195 1327 758 1366 Ter. Precisamente: ha venido
241 1380 622 1420 alguno á vuscarme?
190 1433 418 1475 Nid. Fuera
232 1488 736 1527 lo he dicho á don Antolin,
242 1542 759 1582 que estaba V., que de fuera
244 1594 739 1634 vino á vuscarle: y me dijo
242 1650 757 1688 que en viniendo V. de fuera
235 1702 646 1741 le dijera habia venido
232 1756 668 1796 aquí para que V. fuera
230 1810 692 1850 á su casa, y me encargó
239 1864 753 1905 que cuando posible fuera...
191 1917 787 1957 Ter. Calla, con mil de acaballo,
229 1971 695 2012 y no digas tantos fueras.
190 2024 778 2063 Nig. Señor, no se enfade usted,
225 2081 687 2123 porque si yo digo fuera,
979 152 1392 192 es porque fuera razon
980 207 1430 247 que dijese estaba fuera;
972 260 1496 303 y así pues á fuera ha estado,
974 313 1456 356 y se ha de volver á fuera,
978 366 1436 407 fuera, ó no fuera razon.
980 416 1470 461 debo decir que está fuera.
932 470 1518 516 Ter. Déjame con mil demonios:
1067 525 1474 567 Vase por la izguierda.
976 578 1448 620 malditos sean tus fueras.
935 631 1168 673 Nig. De esta
974 684 1329 728 vez nos pega fuego
969 740 1479 782 y ardemos hechos pavesas.
922 793 1603 836 Salen D. Genaro. Margarita, Mar-
924 848 1614 889 tin y Pepa huyendo de D. Terencio
928 901 1604 942 que sale tras ellos con el baston por
1084 956 1460 995 la puerta izquierda.
917 1008 1525 1050 Ter. Bribones, cómo en mi casa
972 1062 1441 1102 os hallo de esta manera!
925 1115 1495 1154 Gen. Señor don Terencio, oid:
968 1170 1450 1208 de vuestra hija la belleza
961 1222 1485 1262 me ha gustado, y os la pido
969 1277 1199 1317 para esposa.
926 1330 1327 1370 Mart. Y yo á la Pepa.
922 1384 1470 1423 Ter. Pues si vosotras quereis
965 1438 1475 1479 yo es preciso me convenga.
922 1490 1558 1531 Las dos. Nosotras somos gustosas.
920 1544 1518 1583 Ter. Pues casaos enhorabuena.
924 1596 1454 1636 Nig. Estaban ustedes dentro
960 1650 1480 1691 del pajar que tantos fneras
954 1704 1214 1745 no han oido?
922 1758 1324 1800 Mar!. Calla, hombre,
965 1811 1511 1853 por cierto que eres un bestia.
921 1865 1536 1906 Gen. A preveuir, pues, las bodas
963 1919 1080 1959 luego.
923 1973 1317 2012 Nig. Pues qué resta?
920 2024 1448 2067 Gen. Pedir humildes perdon
922 2079 1572 2123 Todos. de todas las faltas nuestras.
845 2135 940 2175 FIN.
707 2195 1079 2233 CARMONA=1850.
213 2246 1584 2287 Imprenta y librería de D. JOSÉ M. MORENO, calle de las Descalzas n. 1.
