1668 2412
153 204 741 253 y al Cielo piden venganza
151 267 785 316 de aquel que asi los ha puesto,
158 330 805 380 y al mismo tiempo dán gracias.
199 394 713 442 Al que cometió el delito
151 458 567 502 el Regente persigió,
156 519 662 566 á Cabrera, y daba gritos
160 583 672 630 á voces llamando á Dios;
890 204 1408 250 nuestro Señor Jesucristo.
936 265 1361 310 Toda la salve canté
888 330 1510 378 siempre invocando á la Vírgen,
892 391 1421 438 la causa de nuestro bien
890 455 1465 499 y aquel amparo mas firme
889 519 1358 564 acabo diciendo: Amen.
256 955 1565 999 Compuesta por Antonio Sanchez Roldan, natural del Viso
164 1010 1566 1052 del Alcór, Provincia de Sevilla, trabajador del campo, sin saber
163 1063 1437 1108 leer ni escribir; el que me lea, me dispense las faltas.
755 1612 1004 1668 FIN.
686 1946 1070 2098 Impreso en Sevilla.
285 2146 1493 2305 Reimpreso en Carmona:—Imprenta de D. José Maria Moreno.
