1752 2480
1214 149 1496 311 Número 381.
134 1458 1554 1541 ALERTA CON LAS MUJERES.
134 1534 1562 1617 Satirilla graciosa, en que se declaran los defectos de las señoras
202 1585 1498 1664 mujeres; y consejos á los jóvenes paraque huyan de las mañas
359 1649 1174 1701 con que se sirven para cazarlos.
253 1712 716 1759 Jovencitos solteros
169 1763 679 1818 que os gusta el cortejar,
171 1819 687 1869 las graciosas muchachas
175 1872 713 1917 de hechicero mirar;
169 1923 715 1971 oid; que quiero ahora
165 1975 589 2026 sus gracias celebrar
170 2032 633 2078 y alguna leccion daros
172 2082 554 2135 para poder burlar,
164 2133 644 2188 el loco afán que tienen
161 2187 549 2240 de quererse casar.
992 1735 1466 1785 Ya sé que á todas ellas
910 1787 1462 1833 voy á hacer rabiar,
911 1840 1464 1889 pero esto no me basta
920 1892 1268 1939 para dejar de dar
912 1944 1460 2001 un buen rato al que guste
907 1998 1320 2047 mis voces escuchar:
907 2052 1354 2105 estadme pues atentos
900 2105 1400 2157 que ahora va á empezar
900 2158 1380 2209 la historia de las mozas
903 2212 1364 2263 que es larga de contar.
