1765 2512
296 89 328 126 2
194 139 690 184 que soy epílogo, y cifra
196 193 707 250 de las miserias humanas.
190 256 712 313 Yó, que ayer de Mariene
191 319 739 377 esposo, y galan, con raras
180 381 726 442 muestras de amor coroné
186 445 738 507 de victorias mi esperanza,
184 509 818 570 hoy lloro, agravios, sospechas,
188 571 679 632 temores, desconfianzas,
190 639 586 689 y zelos iba á decir;
190 701 654 755 pero imaginarlo basta.
189 761 738 820 Yó, que ayer de Palestina
181 828 658 884 gobernador y tetrarca,
183 889 789 946 no cupe ambicioso en cuanto
194 950 752 1008 el sol dora, y el mar baña;
184 1011 758 1073 hoy triste, pobre y rendido,
188 1076 744 1136 entre dos fuertes murallas,
179 1139 704 1195 aprisionándome el vuelo,
177 1203 660 1257 tengo abatidas las alas.
183 1266 737 1322 Yó, que del laurel sagrado
181 1329 688 1387 ayer pretendí las ramas,
180 1392 686 1447 siempre verdes, á pesar
185 1455 770 1514 de los rayos que la guardan;
182 1516 755 1576 hoy de aquel funesto acero,
184 1578 682 1637 que desdichas amenaza,
181 1639 592 1695 ya victorioso de mí,
181 1703 764 1765 tengo un hilo á la garganta,
184 1770 768 1828 pluguiera al hado, pluguiera
176 1829 732 1890 al Cielo, que aquí pararan
181 1893 728 1953 sus presagios y que en mí
175 1953 692 2017 se desmintiera la ingrata
186 2018 730 2082 indignacion de un destino,
182 2084 756 2144 pues muriendo yo á la saña
177 2147 676 2205 de aquel acero, pudiera
926 148 1492 213 persuadir á mis desgracias,
924 214 1489 274 que ya de lo que mas quise
916 274 1434 335 tomó la suerte venganza.
912 338 1444 399 Mas ay tristel ay infelice!
917 403 1532 460 que no soy yo quien mas ama
908 468 1448 524 mi misma vida, supuesto,
915 530 1414 582 que tan bien ella tirana
910 591 1446 647 me aborrece por ser mia;
916 657 1386 705 y no con morir acaban
911 717 1533 768 mis desdichas, que inmortales
910 780 1442 836 mas allá del morir pasan,
915 841 1451 896 Octaviano (al pronunciarlo
915 905 1452 961 valor, y aliento me faltan)
912 964 1396 1020 Octaviano adora (cómo
908 1029 1429 1085 lo oiré sin que me añada
912 1091 1344 1146 dolor á dolor? (adora
907 1154 1312 1210 á Mariene, pintada
906 1221 1506 1276 dos veces la ví, y dos veces
897 1282 1434 1339 á él gentil, pues idolatra
905 1346 1368 1402 una vez al sol sin luz,
908 1415 1512 1464 y otra á una deidad sin alma.
909 1473 1482 1527 Mal haya el hombre infeliz,
905 1533 1446 1591 otra, mil veces mal haya
914 1596 1465 1654 el hombre, que con mujer
908 1659 1462 1716 hermosa en extremo casa;
910 1724 1510 1778 que no ha de tener la propia
911 1786 1514 1842 de nada opinion, pues basta,
909 1848 1522 1907 ser perfecta un poco en todo,
914 1913 1478 1969 pero con extremo en nada,
910 1977 1520 2034 que es armiño la hermosura,
918 2040 1574 2094 que siempre á riesgo se guarda:
905 2099 1430 2156 si no se defiende muere,
907 2162 1458 2220 si se defiende, se mancha.
