<?xml version="1.0" encoding="UTF-8" standalone="yes"?>
<PcGts xmlns="http://schema.primaresearch.org/PAGE/gts/pagecontent/2013-07-15" xmlns:xsi="http://www.w3.org/2001/XMLSchema-instance" xsi:schemaLocation="http://schema.primaresearch.org/PAGE/gts/pagecontent/2013-07-15 http://schema.primaresearch.org/PAGE/gts/pagecontent/2013-07-15/pagecontent.xsd">
    <Metadata>
        <Creator>prov=University of Rostock/Institute of Mathematics/CITlab|PLANET AI GmbH/Gundram Leifert/gundram.leifert@planet-ai.de:name=Pliegos de Cordel (XIXe) - v4(htr_id=27283)::::v=2.6.7
prov=University of Rostock/Institute of Mathematics/CITlab|PLANET AI GmbH/Tobias Gruening/tobias.gruening@planet-ai.de:name=de.uros.citlab.module.baseline2polygon.B2PSeamMultiOriented:v=2.6.7
prov=University of Rostock/Institute of Mathematics/CITlab|PLANET AI GmbH/Tobias Gruening/tobias.gruening@planet-ai.de:name=/net_tf/LA73_249_0mod360.pb:de.uros.citlab.segmentation.CITlab_LA_ML:v=2.6.7
Transkribus</Creator>
        <Created>2020-12-04T15:53:46.932+01:00</Created>
        <LastChange>2020-12-08T15:38:47.127+01:00</LastChange>
        <Comments>
                Measurement unit: pixel
                PrimaryLanguage: 
                Producer: Transkribus
            </Comments>
        <TranskribusMetadata docId="525402" pageId="22319882" pageNr="32" tsid="50190737" status="DONE" userId="66244" imgUrl="https://files.transkribus.eu/Get?id=GKTYPHXXKWODIOLHRDAFZUXT&amp;fileType=view" xmlUrl="https://files.transkribus.eu/Get?id=DXNPAHFNMXBGTWNFLXITACVY" imageId="17389391"/>
    </Metadata>
    <Page imageFilename="Moreno_363_4.jpg" imageWidth="1680" imageHeight="2452">
        <PrintSpace>
            <Coords points="0,69 1680,69 1680,2260 0,2260"/>
        </PrintSpace>
        <ReadingOrder>
            <OrderedGroup id="ro_1607440147331" caption="Regions reading order">
                <RegionRefIndexed index="0" regionRef="r_1_1"/>
                <RegionRefIndexed index="1" regionRef="r_2_1"/>
                <RegionRefIndexed index="2" regionRef="r_4_1"/>
                <RegionRefIndexed index="3" regionRef="region_1607094308642_6701"/>
                <RegionRefIndexed index="4" regionRef="r_6_1"/>
            </OrderedGroup>
        </ReadingOrder>
        <TextRegion orientation="0.0" type="paragraph" id="r_1_1" custom="readingOrder {index:0;}">
            <Coords points="192,142 890,142 890,1743 192,1743"/>
            <TextLine id="r_1_1l1" custom="readingOrder {index:0;}">
                <Coords points="304,187 328,184 328,144 304,147"/>
                <Baseline points="304,174 328,171"/>
                <TextEquiv>
                    <Unicode>4</Unicode>
                </TextEquiv>
            </TextLine>
            <TextLine id="r_1_1l2" custom="readingOrder {index:1;}">
                <Coords points="197,242 224,243 251,243 278,243 305,244 332,244 359,244 387,244 414,244 441,244 468,244 495,244 522,243 549,243 577,243 604,242 631,242 658,241 685,241 712,240 740,240 740,198 712,198 685,199 658,199 631,200 604,200 577,201 549,201 522,201 495,202 468,202 441,202 414,202 387,202 359,202 332,202 305,202 278,201 251,201 224,201 197,200"/>
                <Baseline points="197,228 224,229 251,229 278,229 305,230 332,230 359,230 387,230 414,230 441,230 468,230 495,230 522,229 549,229 577,229 604,228 631,228 658,227 685,227 712,226 740,226"/>
                <TextEquiv>
                    <Unicode>quisieren, que todo quiero</Unicode>
                </TextEquiv>
            </TextLine>
            <TextLine id="r_1_1l3" custom="readingOrder {index:2;}">
                <Coords points="200,308 228,308 257,308 286,308 315,307 344,307 373,307 401,307 430,306 459,306 488,306 517,305 546,305 575,305 603,305 632,305 661,305 690,305 719,306 748,306 777,307 777,264 748,263 719,263 690,262 661,262 632,262 603,262 575,262 546,262 517,262 488,263 459,263 430,263 401,264 373,264 344,264 315,264 286,265 257,265 228,265 200,265"/>
                <Baseline points="200,294 228,294 257,294 286,294 315,293 344,293 373,293 401,293 430,292 459,292 488,292 517,291 546,291 575,291 603,291 632,291 661,291 690,291 719,292 748,292 777,293"/>
                <TextEquiv>
                    <Unicode>que sea, pues todo es nada,</Unicode>
                </TextEquiv>
            </TextLine>
            <TextLine id="r_1_1l4" custom="readingOrder {index:3;}">
                <Coords points="199,371 224,371 250,371 276,371 302,371 327,371 353,370 379,370 405,370 430,369 456,369 482,368 508,368 533,368 559,368 585,367 611,367 636,367 662,367 688,368 714,368 714,325 688,325 662,324 636,324 611,324 585,324 559,325 533,325 508,325 482,325 456,326 430,326 405,327 379,327 353,327 327,328 302,328 276,328 250,328 224,328 199,328"/>
                <Baseline points="199,357 224,357 250,357 276,357 302,357 327,357 353,356 379,356 405,356 430,355 456,355 482,354 508,354 533,354 559,354 585,353 611,353 636,353 662,353 688,354 714,354"/>
                <TextEquiv>
                    <Unicode>como no sean mis zelos;</Unicode>
                </TextEquiv>
            </TextLine>
            <TextLine id="r_1_1l5" custom="readingOrder {index:4;}">
                <Coords points="203,433 230,433 257,432 284,432 311,432 338,432 365,431 393,431 420,431 447,431 474,431 501,431 528,431 555,431 583,430 610,430 637,430 664,430 691,429 718,429 746,429 746,386 718,386 691,386 664,387 637,387 610,387 583,387 555,388 528,388 501,388 474,388 447,388 420,388 393,388 365,388 338,389 311,389 284,389 257,389 230,390 203,390"/>
                <Baseline points="203,419 230,419 257,418 284,418 311,418 338,418 365,417 393,417 420,417 447,417 474,417 501,417 528,417 555,417 583,416 610,416 637,416 664,416 691,415 718,415 746,415"/>
                <TextEquiv>
                    <Unicode>y así pues que la palabra</Unicode>
                </TextEquiv>
            </TextLine>
            <TextLine id="r_1_1l6" custom="readingOrder {index:5;}">
                <Coords points="191,494 221,494 252,494 283,494 314,494 344,494 375,493 406,493 437,493 467,492 498,492 529,491 560,491 590,491 621,490 652,490 683,490 713,490 744,491 775,491 806,492 806,453 775,452 744,452 713,451 683,451 652,451 621,451 590,452 560,452 529,452 498,453 467,453 437,454 406,454 375,454 344,455 314,455 283,455 252,455 221,455 191,455"/>
                <Baseline points="191,481 221,481 252,481 283,481 314,481 344,481 375,480 406,480 437,480 467,479 498,479 529,478 560,478 590,478 621,477 652,477 683,477 713,477 744,478 775,478 806,479"/>
                <TextEquiv>
                    <Unicode>me has dado de obedecerme,</Unicode>
                </TextEquiv>
            </TextLine>
            <TextLine id="r_1_1l7" custom="readingOrder {index:6;}">
                <Coords points="196,547 230,547 265,547 300,547 334,547 369,547 404,546 438,546 473,546 508,546 542,546 577,546 612,546 646,545 681,545 716,545 750,545 785,545 820,545 855,545 855,506 820,506 785,506 750,506 716,506 681,506 646,506 612,507 577,507 542,507 508,507 473,507 438,507 404,507 369,508 334,508 300,508 265,508 230,508 196,508"/>
                <Baseline points="196,534 230,534 265,534 300,534 334,534 369,534 404,533 438,533 473,533 508,533 542,533 577,533 612,533 646,532 681,532 716,532 750,532 785,532 820,532 855,532"/>
                <TextEquiv>
                    <Unicode>haz lo que mi amor te encarga;</Unicode>
                </TextEquiv>
            </TextLine>
            <TextLine id="r_1_1l8" custom="readingOrder {index:7;}">
                <Coords points="201,610 230,609 259,609 289,609 318,609 348,609 377,609 406,609 436,609 465,609 495,609 524,609 554,609 583,609 612,609 642,608 671,608 701,608 730,608 760,607 760,564 730,565 701,565 671,565 642,565 612,566 583,566 554,566 524,566 495,566 465,566 436,566 406,566 377,566 348,566 318,566 289,566 259,566 230,566 201,567"/>
                <Baseline points="201,596 230,595 259,595 289,595 318,595 348,595 377,595 406,595 436,595 465,595 495,595 524,595 554,595 583,595 612,595 642,594 671,594 701,594 730,594 760,593"/>
                <TextEquiv>
                    <Unicode>vuelve á Jerusalen, vuelve</Unicode>
                </TextEquiv>
            </TextLine>
            <TextLine id="r_1_1l9" custom="readingOrder {index:8;}">
                <Coords points="200,674 226,673 252,673 279,673 305,673 331,673 358,672 384,672 411,672 437,672 463,672 490,671 516,671 542,671 569,671 595,671 622,672 622,629 595,628 569,628 542,628 516,628 490,628 463,629 437,629 411,629 384,629 358,629 331,630 305,630 279,630 252,630 226,630 200,631"/>
                <Baseline points="200,660 226,659 252,659 279,659 305,659 331,659 358,658 384,658 411,658 437,658 463,658 490,657 516,657 542,657 569,657 595,657 622,658"/>
                <TextEquiv>
                    <Unicode>á la esfera soberana</Unicode>
                </TextEquiv>
            </TextLine>
            <TextLine id="r_1_1l10" custom="readingOrder {index:9;}">
                <Coords points="208,737 233,737 258,737 284,737 309,737 334,736 360,736 385,736 410,736 436,736 461,735 486,735 512,735 537,735 562,735 588,735 613,735 638,735 664,735 689,736 715,736 715,693 689,693 664,692 638,692 613,692 588,692 562,692 537,692 512,692 486,692 461,692 436,693 410,693 385,693 360,693 334,693 309,694 284,694 258,694 233,694 208,694"/>
                <Baseline points="208,723 233,723 258,723 284,723 309,723 334,722 360,722 385,722 410,722 436,722 461,721 486,721 512,721 537,721 562,721 588,721 613,721 638,721 664,721 689,722 715,722"/>
                <TextEquiv>
                    <Unicode>del mejor Sol de Judea:</Unicode>
                </TextEquiv>
            </TextLine>
            <TextLine id="r_1_1l11" custom="readingOrder {index:10;}">
                <Coords points="211,802 236,801 262,801 287,800 313,800 338,800 364,799 389,799 415,799 440,799 466,798 491,798 517,798 542,798 568,798 593,799 619,799 644,799 670,800 695,801 721,801 721,758 695,758 670,757 644,756 619,756 593,756 568,755 542,755 517,755 491,755 466,755 440,756 415,756 389,756 364,756 338,757 313,757 287,757 262,758 236,758 211,759"/>
                <Baseline points="211,788 236,787 262,787 287,786 313,786 338,786 364,785 389,785 415,785 440,785 466,784 491,784 517,784 542,784 568,784 593,785 619,785 644,785 670,786 695,787 721,787"/>
                <TextEquiv>
                    <Unicode>y en diciéndote la fama,</Unicode>
                </TextEquiv>
            </TextLine>
            <TextLine id="r_1_1l12" custom="readingOrder {index:11;}">
                <Coords points="199,863 233,862 268,862 302,862 337,862 371,862 406,862 440,861 475,861 509,861 544,861 579,860 613,860 648,860 682,860 717,860 751,860 786,861 820,861 855,861 890,862 890,819 855,818 820,818 786,818 751,817 717,817 682,817 648,817 613,817 579,817 544,818 509,818 475,818 440,818 406,819 371,819 337,819 302,819 268,819 233,819 199,820"/>
                <Baseline points="199,849 233,848 268,848 302,848 337,848 371,848 406,848 440,847 475,847 509,847 544,847 579,846 613,846 648,846 682,846 717,846 751,846 786,847 820,847 855,847 890,848"/>
                <TextEquiv>
                    <Unicode>que he muerto enel mismo instante</Unicode>
                </TextEquiv>
            </TextLine>
            <TextLine id="r_1_1l13" custom="readingOrder {index:12;}">
                <Coords points="203,926 228,925 253,925 278,925 303,924 328,924 353,924 379,923 404,923 429,923 454,923 479,923 504,923 529,922 555,922 580,923 605,923 630,923 655,923 680,923 706,924 706,881 680,880 655,880 630,880 605,880 580,880 555,879 529,879 504,880 479,880 454,880 429,880 404,880 379,880 353,881 328,881 303,881 278,882 253,882 228,882 203,883"/>
                <Baseline points="203,912 228,911 253,911 278,911 303,910 328,910 353,910 379,909 404,909 429,909 454,909 479,909 504,909 529,908 555,908 580,909 605,909 630,909 655,909 680,909 706,910"/>
                <TextEquiv>
                    <Unicode>con mortal eclipse apaga</Unicode>
                </TextEquiv>
            </TextLine>
            <TextLine id="r_1_1l14" custom="readingOrder {index:13;}">
                <Coords points="203,990 228,990 253,990 279,990 304,990 330,990 355,990 381,989 406,989 432,989 457,989 482,988 508,988 533,988 559,988 584,988 610,988 635,989 661,989 686,990 712,991 712,948 686,947 661,946 635,946 610,945 584,945 559,945 533,945 508,945 482,945 457,946 432,946 406,946 381,946 355,947 330,947 304,947 279,947 253,947 228,947 203,947"/>
                <Baseline points="203,976 228,976 253,976 279,976 304,976 330,976 355,976 381,975 406,975 432,975 457,975 482,974 508,974 533,974 559,974 584,974 610,974 635,975 661,975 686,976 712,977"/>
                <TextEquiv>
                    <Unicode>á la tierra el mejor rayo,</Unicode>
                </TextEquiv>
            </TextLine>
            <TextLine id="r_1_1l15" custom="readingOrder {index:14;}">
                <Coords points="204,1053 229,1053 255,1052 280,1052 306,1052 332,1052 357,1051 383,1051 409,1051 434,1051 460,1051 485,1051 511,1051 537,1051 562,1051 588,1051 614,1051 639,1052 665,1052 691,1052 691,1009 665,1009 639,1009 614,1008 588,1008 562,1008 537,1008 511,1008 485,1008 460,1008 434,1008 409,1008 383,1008 357,1008 332,1009 306,1009 280,1009 255,1009 229,1010 204,1010"/>
                <Baseline points="204,1039 229,1039 255,1038 280,1038 306,1038 332,1038 357,1037 383,1037 409,1037 434,1037 460,1037 485,1037 511,1037 537,1037 562,1037 588,1037 614,1037 639,1038 665,1038 691,1038"/>
                <TextEquiv>
                    <Unicode>al Cielo la mejor llama,</Unicode>
                </TextEquiv>
            </TextLine>
            <TextLine id="r_1_1l16" custom="readingOrder {index:15;}">
                <Coords points="202,1115 228,1115 254,1115 280,1115 306,1114 332,1114 358,1114 384,1113 410,1113 437,1113 463,1113 489,1112 515,1112 541,1112 567,1113 593,1113 619,1113 645,1114 672,1115 672,1072 645,1071 619,1070 593,1070 567,1070 541,1069 515,1069 489,1069 463,1070 437,1070 410,1070 384,1070 358,1071 332,1071 306,1071 280,1072 254,1072 228,1072 202,1072"/>
                <Baseline points="202,1101 228,1101 254,1101 280,1101 306,1100 332,1100 358,1100 384,1099 410,1099 437,1099 463,1099 489,1098 515,1098 541,1098 567,1099 593,1099 619,1099 645,1100 672,1101"/>
                <TextEquiv>
                    <Unicode>al campo la mejor flor,</Unicode>
                </TextEquiv>
            </TextLine>
            <TextLine id="r_1_1l17" custom="readingOrder {index:16;}">
                <Coords points="210,1177 235,1177 260,1177 286,1177 311,1177 336,1177 362,1177 387,1177 412,1176 438,1176 463,1176 488,1176 514,1176 539,1176 564,1176 590,1176 615,1176 640,1176 666,1176 691,1176 717,1176 717,1133 691,1133 666,1133 640,1133 615,1133 590,1133 564,1133 539,1133 514,1133 488,1133 463,1133 438,1133 412,1133 387,1134 362,1134 336,1134 311,1134 286,1134 260,1134 235,1134 210,1134"/>
                <Baseline points="210,1163 235,1163 260,1163 286,1163 311,1163 336,1163 362,1163 387,1163 412,1162 438,1162 463,1162 488,1162 514,1162 539,1162 564,1162 590,1162 615,1162 640,1162 666,1162 691,1162 717,1162"/>
                <TextEquiv>
                    <Unicode>la mejor estrella al alba.</Unicode>
                </TextEquiv>
            </TextLine>
            <TextLine id="r_1_1l18" custom="readingOrder {index:17;}">
                <Coords points="212,1238 237,1238 262,1239 287,1239 312,1239 337,1239 362,1239 387,1239 412,1239 438,1238 463,1238 488,1238 513,1238 538,1237 563,1237 588,1237 613,1237 638,1238 664,1238 664,1195 638,1195 613,1194 588,1194 563,1194 538,1194 513,1195 488,1195 463,1195 438,1195 412,1196 387,1196 362,1196 337,1196 312,1196 287,1196 262,1196 237,1195 212,1195"/>
                <Baseline points="212,1224 237,1224 262,1225 287,1225 312,1225 337,1225 362,1225 387,1225 412,1225 438,1224 463,1224 488,1224 513,1224 538,1223 563,1223 588,1223 613,1223 638,1224 664,1224"/>
                <TextEquiv>
                    <Unicode>Tholomeo, que quedó</Unicode>
                </TextEquiv>
            </TextLine>
            <TextLine id="r_1_1l19" custom="readingOrder {index:18;}">
                <Coords points="215,1302 243,1302 272,1303 301,1303 329,1303 358,1303 387,1302 415,1302 444,1302 473,1302 502,1301 530,1301 559,1301 588,1300 616,1300 645,1301 674,1301 702,1301 731,1302 760,1303 789,1304 789,1261 760,1260 731,1259 702,1258 674,1258 645,1258 616,1257 588,1257 559,1258 530,1258 502,1258 473,1259 444,1259 415,1259 387,1259 358,1260 329,1260 301,1260 272,1260 243,1259 215,1259"/>
                <Baseline points="215,1288 243,1288 272,1289 301,1289 329,1289 358,1289 387,1288 415,1288 444,1288 473,1288 502,1287 530,1287 559,1287 588,1286 616,1286 645,1287 674,1287 702,1287 731,1288 760,1289 789,1290"/>
                <TextEquiv>
                    <Unicode>por capitan de mis guardias,</Unicode>
                </TextEquiv>
            </TextLine>
            <TextLine id="r_1_1l20" custom="readingOrder {index:19;}">
                <Coords points="209,1361 236,1362 264,1363 292,1364 320,1364 347,1365 375,1365 403,1364 431,1364 458,1364 486,1363 514,1363 542,1363 569,1362 597,1362 625,1362 653,1363 680,1363 708,1364 736,1365 764,1367 764,1324 736,1322 708,1321 680,1320 653,1320 625,1319 597,1319 569,1319 542,1320 514,1320 486,1320 458,1321 431,1321 403,1321 375,1322 347,1322 320,1321 292,1321 264,1320 236,1319 209,1318"/>
                <Baseline points="209,1347 236,1348 264,1349 292,1350 320,1350 347,1351 375,1351 403,1350 431,1350 458,1350 486,1349 514,1349 542,1349 569,1348 597,1348 625,1348 653,1349 680,1349 708,1350 736,1351 764,1353"/>
                <TextEquiv>
                    <Unicode>y siempre á Mariene asiste,</Unicode>
                </TextEquiv>
            </TextLine>
            <TextLine id="r_1_1l21" custom="readingOrder {index:20;}">
                <Coords points="207,1429 234,1428 262,1427 290,1427 318,1426 346,1426 374,1426 401,1426 429,1426 457,1426 485,1426 513,1426 541,1426 569,1426 596,1426 624,1426 652,1426 680,1426 708,1427 736,1427 764,1427 764,1384 736,1384 708,1384 680,1383 652,1383 624,1383 596,1383 569,1383 541,1383 513,1383 485,1383 457,1383 429,1383 401,1383 374,1383 346,1383 318,1383 290,1384 262,1384 234,1385 207,1386"/>
                <Baseline points="207,1415 234,1414 262,1413 290,1413 318,1412 346,1412 374,1412 401,1412 429,1412 457,1412 485,1412 513,1412 541,1412 569,1412 596,1412 624,1412 652,1412 680,1412 708,1413 736,1413 764,1413"/>
                <TextEquiv>
                    <Unicode>sin poder seguirme, á causa</Unicode>
                </TextEquiv>
            </TextLine>
            <TextLine id="r_1_1l22" custom="readingOrder {index:21;}">
                <Coords points="215,1489 241,1489 267,1490 293,1490 319,1490 345,1490 371,1490 397,1490 423,1489 449,1489 475,1489 501,1488 527,1488 553,1488 579,1488 605,1487 631,1488 657,1488 683,1488 710,1489 710,1446 683,1445 657,1445 631,1445 605,1444 579,1445 553,1445 527,1445 501,1445 475,1446 449,1446 423,1446 397,1447 371,1447 345,1447 319,1447 293,1447 267,1447 241,1446 215,1446"/>
                <Baseline points="215,1475 241,1475 267,1476 293,1476 319,1476 345,1476 371,1476 397,1476 423,1475 449,1475 475,1475 501,1474 527,1474 553,1474 579,1474 605,1473 631,1474 657,1474 683,1474 710,1475"/>
                <TextEquiv>
                    <Unicode>de quedar convaleciente</Unicode>
                </TextEquiv>
            </TextLine>
            <TextLine id="r_1_1l23" custom="readingOrder {index:22;}">
                <Coords points="210,1552 236,1553 263,1553 289,1553 316,1553 342,1553 369,1553 395,1553 422,1553 448,1552 475,1552 501,1552 528,1551 554,1551 581,1551 607,1551 634,1552 660,1552 687,1553 713,1554 740,1555 740,1512 713,1511 687,1510 660,1509 634,1509 607,1508 581,1508 554,1508 528,1508 501,1509 475,1509 448,1509 422,1510 395,1510 369,1510 342,1510 316,1510 289,1510 263,1510 236,1510 210,1509"/>
                <Baseline points="210,1538 236,1539 263,1539 289,1539 316,1539 342,1539 369,1539 395,1539 422,1539 448,1538 475,1538 501,1538 528,1537 554,1537 581,1537 607,1537 634,1538 660,1538 687,1539 713,1540 740,1541"/>
                <TextEquiv>
                    <Unicode>de aquella herida pasada,</Unicode>
                </TextEquiv>
            </TextLine>
            <TextLine id="r_1_1l24" custom="readingOrder {index:23;}">
                <Coords points="217,1615 242,1615 268,1616 294,1616 320,1616 346,1616 372,1616 397,1615 423,1615 449,1615 475,1615 501,1614 527,1614 552,1614 578,1614 604,1614 630,1614 656,1614 682,1614 682,1571 656,1571 630,1571 604,1571 578,1571 552,1571 527,1571 501,1571 475,1572 449,1572 423,1572 397,1572 372,1573 346,1573 320,1573 294,1573 268,1573 242,1572 217,1572"/>
                <Baseline points="217,1601 242,1601 268,1602 294,1602 320,1602 346,1602 372,1602 397,1601 423,1601 449,1601 475,1601 501,1600 527,1600 552,1600 578,1600 604,1600 630,1600 656,1600 682,1600"/>
                <TextEquiv>
                    <Unicode>dará la ocasion, á cuyo</Unicode>
                </TextEquiv>
            </TextLine>
            <TextLine id="r_1_1l25" custom="readingOrder {index:24;}">
                <Coords points="214,1680 239,1680 264,1680 289,1679 314,1679 340,1679 365,1679 390,1679 415,1679 440,1678 466,1678 491,1678 516,1678 541,1678 566,1678 592,1678 617,1678 642,1678 667,1678 692,1678 718,1678 718,1635 692,1635 667,1635 642,1635 617,1635 592,1635 566,1635 541,1635 516,1635 491,1635 466,1635 440,1635 415,1636 390,1636 365,1636 340,1636 314,1636 289,1636 264,1637 239,1637 214,1637"/>
                <Baseline points="214,1666 239,1666 264,1666 289,1665 314,1665 340,1665 365,1665 390,1665 415,1665 440,1664 466,1664 491,1664 516,1664 541,1664 566,1664 592,1664 617,1664 642,1664 667,1664 692,1664 718,1664"/>
                <TextEquiv>
                    <Unicode>fin, para él es esta carta:</Unicode>
                </TextEquiv>
            </TextLine>
            <TextLine id="r_1_1l26" custom="readingOrder {index:25;}">
                <Coords points="214,1741 241,1742 268,1742 296,1743 323,1743 350,1743 378,1744 405,1744 432,1744 460,1744 487,1744 514,1744 542,1744 569,1744 596,1744 624,1743 651,1743 678,1743 706,1743 733,1743 761,1743 761,1700 733,1700 706,1700 678,1700 651,1700 624,1700 596,1701 569,1701 542,1701 514,1701 487,1701 460,1701 432,1701 405,1701 378,1701 350,1700 323,1700 296,1700 268,1699 241,1699 214,1698"/>
                <Baseline points="214,1727 241,1728 268,1728 296,1729 323,1729 350,1729 378,1730 405,1730 432,1730 460,1730 487,1730 514,1730 542,1730 569,1730 596,1730 624,1729 651,1729 678,1729 706,1729 733,1729 761,1729"/>
                <TextEquiv>
                    <Unicode>de él te fia, pues no dudo,</Unicode>
                </TextEquiv>
            </TextLine>
            <TextEquiv>
                <Unicode>4
quisieren, que todo quiero
que sea, pues todo es nada,
como no sean mis zelos;
y así pues que la palabra
me has dado de obedecerme,
haz lo que mi amor te encarga;
vuelve á Jerusalen, vuelve
á la esfera soberana
del mejor Sol de Judea:
y en diciéndote la fama,
que he muerto enel mismo instante
con mortal eclipse apaga
á la tierra el mejor rayo,
al Cielo la mejor llama,
al campo la mejor flor,
la mejor estrella al alba.
Tholomeo, que quedó
por capitan de mis guardias,
y siempre á Mariene asiste,
sin poder seguirme, á causa
de quedar convaleciente
de aquella herida pasada,
dará la ocasion, á cuyo
fin, para él es esta carta:
de él te fia, pues no dudo,</Unicode>
            </TextEquiv>
        </TextRegion>
        <TextRegion orientation="0.0" type="paragraph" id="r_2_1" custom="readingOrder {index:1;}">
            <Coords points="916,167 1615,167 1615,1298 916,1298"/>
            <TextLine id="r_2_1l1" custom="readingOrder {index:0;}">
                <Coords points="928,241 955,240 983,239 1010,239 1038,238 1066,237 1093,237 1121,237 1149,237 1176,236 1204,236 1232,236 1259,236 1287,236 1315,236 1342,236 1370,237 1398,237 1425,237 1453,237 1481,238 1481,193 1453,192 1425,192 1398,192 1370,192 1342,191 1315,191 1287,191 1259,191 1232,191 1204,191 1176,191 1149,192 1121,192 1093,192 1066,192 1038,193 1010,194 983,194 955,195 928,196"/>
                <Baseline points="928,226 955,225 983,224 1010,224 1038,223 1066,222 1093,222 1121,222 1149,222 1176,221 1204,221 1232,221 1259,221 1287,221 1315,221 1342,221 1370,222 1398,222 1425,222 1453,222 1481,223"/>
                <TextEquiv>
                    <Unicode>previstas las circunstancias,</Unicode>
                </TextEquiv>
            </TextLine>
            <TextLine id="r_2_1l2" custom="readingOrder {index:1;}">
                <Coords points="918,305 944,304 971,303 998,302 1025,301 1052,300 1079,300 1106,299 1133,299 1160,298 1187,298 1213,298 1240,298 1267,298 1294,298 1321,298 1348,298 1375,298 1402,298 1429,298 1456,298 1456,253 1429,253 1402,253 1375,253 1348,253 1321,253 1294,253 1267,253 1240,253 1213,253 1187,253 1160,253 1133,254 1106,254 1079,255 1052,255 1025,256 998,257 971,258 944,259 918,260"/>
                <Baseline points="918,290 944,289 971,288 998,287 1025,286 1052,285 1079,285 1106,284 1133,284 1160,283 1187,283 1213,283 1240,283 1267,283 1294,283 1321,283 1348,283 1375,283 1402,283 1429,283 1456,283"/>
                <TextEquiv>
                    <Unicode>que un veneno ó un dogál,</Unicode>
                </TextEquiv>
            </TextLine>
            <TextLine id="r_2_1l3" custom="readingOrder {index:2;}">
                <Coords points="926,366 956,365 986,364 1016,364 1046,363 1076,362 1106,362 1136,361 1166,361 1196,360 1227,360 1257,359 1287,359 1317,359 1347,359 1377,359 1407,359 1437,359 1467,359 1497,360 1528,360 1528,318 1497,318 1467,317 1437,317 1407,317 1377,317 1347,317 1317,317 1287,317 1257,317 1227,318 1196,318 1166,319 1136,319 1106,320 1076,320 1046,321 1016,322 986,322 956,323 926,324"/>
                <Baseline points="926,352 956,351 986,350 1016,350 1046,349 1076,348 1106,348 1136,347 1166,347 1196,346 1227,346 1257,345 1287,345 1317,345 1347,345 1377,345 1407,345 1437,345 1467,345 1497,346 1528,346"/>
                <TextEquiv>
                    <Unicode>que el te guarde las espaldas.</Unicode>
                </TextEquiv>
            </TextLine>
            <TextLine id="r_2_1l4" custom="readingOrder {index:3;}">
                <Coords points="918,424 945,424 973,424 1001,424 1029,424 1057,424 1085,424 1112,424 1140,423 1168,423 1196,423 1224,422 1252,422 1280,422 1307,422 1335,421 1363,421 1391,421 1419,421 1447,421 1475,421 1475,379 1447,379 1419,379 1391,379 1363,379 1335,379 1307,380 1280,380 1252,380 1224,380 1196,381 1168,381 1140,381 1112,382 1085,382 1057,382 1029,382 1001,382 973,382 945,382 918,382"/>
                <Baseline points="918,410 945,410 973,410 1001,410 1029,410 1057,410 1085,410 1112,410 1140,409 1168,409 1196,409 1224,408 1252,408 1280,408 1307,408 1335,407 1363,407 1391,407 1419,407 1447,407 1475,407"/>
                <TextEquiv>
                    <Unicode>Muera yo, muera sabiendo,</Unicode>
                </TextEquiv>
            </TextLine>
            <TextLine id="r_2_1l5" custom="readingOrder {index:4;}">
                <Coords points="924,489 950,488 976,488 1002,488 1028,488 1054,488 1080,487 1106,487 1132,487 1159,487 1185,487 1211,486 1237,486 1263,486 1289,485 1315,485 1341,484 1367,484 1394,483 1394,438 1367,439 1341,439 1315,440 1289,440 1263,441 1237,441 1211,441 1185,442 1159,442 1132,442 1106,442 1080,442 1054,443 1028,443 1002,443 976,443 950,443 924,444"/>
                <Baseline points="924,474 950,473 976,473 1002,473 1028,473 1054,473 1080,472 1106,472 1132,472 1159,472 1185,472 1211,471 1237,471 1263,471 1289,470 1315,470 1341,469 1367,469 1394,468"/>
                <TextEquiv>
                    <Unicode>que Mariene soberana </Unicode>
                </TextEquiv>
            </TextLine>
            <TextLine id="r_2_1l6" custom="readingOrder {index:5;}">
                <Coords points="919,552 953,551 988,551 1022,550 1057,550 1092,550 1126,550 1161,549 1195,549 1230,549 1265,549 1299,548 1334,548 1368,548 1403,548 1438,547 1472,547 1507,546 1541,546 1576,545 1611,544 1611,499 1576,500 1541,501 1507,501 1472,502 1438,502 1403,503 1368,503 1334,503 1299,503 1265,504 1230,504 1195,504 1161,504 1126,505 1092,505 1057,505 1022,505 988,506 953,506 919,507"/>
                <Baseline points="919,537 953,536 988,536 1022,535 1057,535 1092,535 1126,535 1161,534 1195,534 1230,534 1265,534 1299,533 1334,533 1368,533 1403,533 1438,532 1472,532 1507,531 1541,531 1576,530 1611,529"/>
                <TextEquiv>
                    <Unicode>muere conmigo, y que aun tiempo</Unicode>
                </TextEquiv>
            </TextLine>
            <TextLine id="r_2_1l7" custom="readingOrder {index:6;}">
                <Coords points="926,614 952,613 979,613 1006,613 1032,613 1059,612 1086,612 1112,612 1139,612 1166,612 1193,612 1219,612 1246,612 1273,612 1299,612 1326,612 1353,611 1379,611 1406,611 1433,610 1460,610 1460,565 1433,565 1406,566 1379,566 1353,566 1326,567 1299,567 1273,567 1246,567 1219,567 1193,567 1166,567 1139,567 1112,567 1086,567 1059,567 1032,568 1006,568 979,568 952,568 926,569"/>
                <Baseline points="926,599 952,598 979,598 1006,598 1032,598 1059,597 1086,597 1112,597 1139,597 1166,597 1193,597 1219,597 1246,597 1273,597 1299,597 1326,597 1353,596 1379,596 1406,596 1433,595 1460,595"/>
                <TextEquiv>
                    <Unicode>mi vida, y la suya acaban:</Unicode>
                </TextEquiv>
            </TextLine>
            <TextLine id="r_2_1l8" custom="readingOrder {index:7;}">
                <Coords points="932,676 957,676 982,676 1007,676 1032,675 1057,675 1082,674 1107,674 1132,674 1157,673 1182,673 1207,673 1232,673 1257,672 1282,673 1307,673 1332,673 1332,628 1307,628 1282,628 1257,627 1232,628 1207,628 1182,628 1157,628 1132,629 1107,629 1082,629 1057,630 1032,630 1007,631 982,631 957,631 932,631"/>
                <Baseline points="932,661 957,661 982,661 1007,661 1032,660 1057,660 1082,659 1107,659 1132,659 1157,658 1182,658 1207,658 1232,658 1257,657 1282,658 1307,658 1332,658"/>
                <TextEquiv>
                    <Unicode>pero no sepa que yó</Unicode>
                </TextEquiv>
            </TextLine>
            <TextLine id="r_2_1l9" custom="readingOrder {index:8;}">
                <Coords points="929,739 956,738 983,737 1010,737 1038,736 1065,736 1092,736 1119,736 1147,736 1174,736 1201,736 1228,736 1256,736 1283,737 1310,737 1337,737 1365,737 1392,737 1419,736 1446,736 1474,736 1474,691 1446,691 1419,691 1392,692 1365,692 1337,692 1310,692 1283,692 1256,691 1228,691 1201,691 1174,691 1147,691 1119,691 1092,691 1065,691 1038,691 1010,692 983,692 956,693 929,694"/>
                <Baseline points="929,724 956,723 983,722 1010,722 1038,721 1065,721 1092,721 1119,721 1147,721 1174,721 1201,721 1228,721 1256,721 1283,722 1310,722 1337,722 1365,722 1392,722 1419,721 1446,721 1474,721"/>
                <TextEquiv>
                    <Unicode>soy el que morir la manda,</Unicode>
                </TextEquiv>
            </TextLine>
            <TextLine id="r_2_1l10" custom="readingOrder {index:9;}">
                <Coords points="928,804 958,803 989,803 1020,802 1050,802 1081,801 1112,801 1142,801 1173,800 1204,800 1235,799 1265,799 1296,799 1327,799 1357,799 1388,799 1419,799 1449,799 1480,799 1511,800 1542,801 1542,756 1511,755 1480,754 1449,754 1419,754 1388,754 1357,754 1327,754 1296,754 1265,754 1235,754 1204,755 1173,755 1142,756 1112,756 1081,756 1050,757 1020,757 989,758 958,758 928,759"/>
                <Baseline points="928,789 958,788 989,788 1020,787 1050,787 1081,786 1112,786 1142,786 1173,785 1204,785 1235,784 1265,784 1296,784 1327,784 1357,784 1388,784 1419,784 1449,784 1480,784 1511,785 1542,786"/>
                <TextEquiv>
                    <Unicode>no me aborrezca á el instante,</Unicode>
                </TextEquiv>
            </TextLine>
            <TextLine id="r_2_1l11" custom="readingOrder {index:10;}">
                <Coords points="936,867 963,867 990,866 1018,866 1045,865 1073,865 1100,864 1128,864 1155,863 1183,863 1210,862 1237,862 1265,861 1292,861 1320,860 1347,860 1375,860 1402,860 1430,860 1457,861 1485,862 1485,817 1457,816 1430,815 1402,815 1375,815 1347,815 1320,815 1292,816 1265,816 1237,817 1210,817 1183,818 1155,818 1128,819 1100,819 1073,820 1045,820 1018,821 990,821 963,822 936,822"/>
                <Baseline points="936,852 963,852 990,851 1018,851 1045,850 1073,850 1100,849 1128,849 1155,848 1183,848 1210,847 1237,847 1265,846 1292,846 1320,845 1347,845 1375,845 1402,845 1430,845 1457,846 1485,847"/>
                <TextEquiv>
                    <Unicode>que pida al Cielo venganza.</Unicode>
                </TextEquiv>
            </TextLine>
            <TextLine id="r_2_1l12" custom="readingOrder {index:11;}">
                <Coords points="927,929 954,929 981,929 1008,929 1035,929 1063,928 1090,928 1117,928 1144,927 1171,927 1199,926 1226,926 1253,925 1280,925 1307,924 1335,924 1362,924 1389,924 1416,924 1443,924 1471,924 1471,879 1443,879 1416,879 1389,879 1362,879 1335,879 1307,879 1280,880 1253,880 1226,881 1199,881 1171,882 1144,882 1117,883 1090,883 1063,883 1035,884 1008,884 981,884 954,884 927,884"/>
                <Baseline points="927,914 954,914 981,914 1008,914 1035,914 1063,913 1090,913 1117,913 1144,912 1171,912 1199,911 1226,911 1253,910 1280,910 1307,909 1335,909 1362,909 1389,909 1416,909 1443,909 1471,909"/>
                <TextEquiv>
                    <Unicode>No te acobarde lo horrible</Unicode>
                </TextEquiv>
            </TextLine>
            <TextLine id="r_2_1l13" custom="readingOrder {index:12;}">
                <Coords points="936,991 963,991 990,991 1018,991 1045,990 1073,990 1100,989 1128,989 1155,988 1183,988 1210,987 1237,987 1265,987 1292,987 1320,986 1347,986 1375,986 1402,986 1430,986 1457,987 1485,987 1485,942 1457,942 1430,941 1402,941 1375,941 1347,941 1320,941 1292,942 1265,942 1237,942 1210,942 1183,943 1155,943 1128,944 1100,944 1073,945 1045,945 1018,946 990,946 963,946 936,946"/>
                <Baseline points="936,976 963,976 990,976 1018,976 1045,975 1073,975 1100,974 1128,974 1155,973 1183,973 1210,972 1237,972 1265,972 1292,972 1320,971 1347,971 1375,971 1402,971 1430,971 1457,972 1485,972"/>
                <TextEquiv>
                    <Unicode>de una historia tan estraña,</Unicode>
                </TextEquiv>
            </TextLine>
            <TextLine id="r_2_1l14" custom="readingOrder {index:13;}">
                <Coords points="946,1056 974,1055 1003,1054 1031,1054 1060,1053 1089,1053 1117,1052 1146,1052 1175,1051 1203,1051 1232,1050 1261,1050 1289,1050 1318,1049 1347,1049 1375,1049 1404,1049 1433,1049 1461,1049 1490,1048 1519,1048 1519,1003 1490,1003 1461,1004 1433,1004 1404,1004 1375,1004 1347,1004 1318,1004 1289,1005 1261,1005 1232,1005 1203,1006 1175,1006 1146,1007 1117,1007 1089,1008 1060,1008 1031,1009 1003,1009 974,1010 946,1011"/>
                <Baseline points="946,1041 974,1040 1003,1039 1031,1039 1060,1038 1089,1038 1117,1037 1146,1037 1175,1036 1203,1036 1232,1035 1261,1035 1289,1035 1318,1034 1347,1034 1375,1034 1404,1034 1433,1034 1461,1034 1490,1033 1519,1033"/>
                <TextEquiv>
                    <Unicode>que cuando murmuren unos,</Unicode>
                </TextEquiv>
            </TextLine>
            <TextLine id="r_2_1l15" custom="readingOrder {index:14;}">
                <Coords points="944,1119 976,1118 1008,1117 1040,1116 1072,1116 1104,1115 1136,1115 1168,1114 1200,1114 1232,1114 1264,1114 1296,1114 1328,1114 1360,1114 1392,1113 1424,1113 1456,1113 1488,1112 1520,1112 1552,1111 1584,1110 1584,1065 1552,1066 1520,1067 1488,1067 1456,1068 1424,1068 1392,1068 1360,1069 1328,1069 1296,1069 1264,1069 1232,1069 1200,1069 1168,1069 1136,1070 1104,1070 1072,1071 1040,1071 1008,1072 976,1073 944,1074"/>
                <Baseline points="944,1104 976,1103 1008,1102 1040,1101 1072,1101 1104,1100 1136,1100 1168,1099 1200,1099 1232,1099 1264,1099 1296,1099 1328,1099 1360,1099 1392,1098 1424,1098 1456,1098 1488,1097 1520,1097 1552,1096 1584,1095"/>
                <TextEquiv>
                    <Unicode>que hubó quien dejó por manda</Unicode>
                </TextEquiv>
            </TextLine>
            <TextLine id="r_2_1l16" custom="readingOrder {index:15;}">
                <Coords points="935,1180 960,1179 986,1179 1011,1178 1037,1178 1063,1177 1088,1177 1114,1176 1139,1176 1165,1175 1191,1175 1216,1175 1242,1175 1267,1174 1293,1174 1319,1174 1344,1174 1370,1175 1395,1175 1421,1175 1447,1175 1447,1132 1421,1132 1395,1132 1370,1132 1344,1131 1319,1131 1293,1131 1267,1131 1242,1132 1216,1132 1191,1132 1165,1132 1139,1133 1114,1133 1088,1134 1063,1134 1037,1135 1011,1135 986,1136 960,1136 935,1137"/>
                <Baseline points="935,1166 960,1165 986,1165 1011,1164 1037,1164 1063,1163 1088,1163 1114,1162 1139,1162 1165,1161 1191,1161 1216,1161 1242,1161 1267,1160 1293,1160 1319,1160 1344,1160 1370,1161 1395,1161 1421,1161 1447,1161"/>
                <TextEquiv>
                    <Unicode>un homicidio, creyendo,</Unicode>
                </TextEquiv>
            </TextLine>
            <TextLine id="r_2_1l17" custom="readingOrder {index:16;}">
                <Coords points="931,1239 956,1240 982,1240 1008,1240 1034,1240 1059,1240 1085,1240 1111,1239 1137,1239 1162,1239 1188,1238 1214,1238 1240,1237 1265,1237 1291,1237 1317,1236 1343,1236 1368,1236 1394,1236 1420,1236 1446,1237 1446,1194 1420,1193 1394,1193 1368,1193 1343,1193 1317,1193 1291,1194 1265,1194 1240,1194 1214,1195 1188,1195 1162,1196 1137,1196 1111,1196 1085,1197 1059,1197 1034,1197 1008,1197 982,1197 956,1197 931,1196"/>
                <Baseline points="931,1225 956,1226 982,1226 1008,1226 1034,1226 1059,1226 1085,1226 1111,1225 1137,1225 1162,1225 1188,1224 1214,1224 1240,1223 1265,1223 1291,1223 1317,1222 1343,1222 1368,1222 1394,1222 1420,1222 1446,1223"/>
                <TextEquiv>
                    <Unicode>que así sus penas engaña,</Unicode>
                </TextEquiv>
            </TextLine>
            <TextLine id="r_2_1l18" custom="readingOrder {index:17;}">
                <Coords points="941,1301 972,1302 1004,1303 1035,1303 1067,1303 1098,1303 1130,1302 1161,1302 1193,1301 1224,1300 1256,1299 1287,1298 1319,1298 1350,1297 1382,1297 1413,1297 1445,1297 1476,1298 1508,1299 1540,1301 1540,1258 1508,1256 1476,1255 1445,1254 1413,1254 1382,1254 1350,1254 1319,1255 1287,1255 1256,1256 1224,1257 1193,1258 1161,1259 1130,1259 1098,1260 1067,1260 1035,1260 1004,1260 972,1259 941,1258"/>
                <Baseline points="941,1287 972,1288 1004,1289 1035,1289 1067,1289 1098,1289 1130,1288 1161,1288 1193,1287 1224,1286 1256,1285 1287,1284 1319,1284 1350,1283 1382,1283 1413,1283 1445,1283 1476,1284 1508,1285 1540,1287"/>
                <TextEquiv>
                    <Unicode>que así sus quejas desmiente,</Unicode>
                </TextEquiv>
            </TextLine>
            <TextEquiv>
                <Unicode>previstas las circunstancias,
que un veneno ó un dogál,
que el te guarde las espaldas.
Muera yo, muera sabiendo,
que Mariene soberana 
muere conmigo, y que aun tiempo
mi vida, y la suya acaban:
pero no sepa que yó
soy el que morir la manda,
no me aborrezca á el instante,
que pida al Cielo venganza.
No te acobarde lo horrible
de una historia tan estraña,
que cuando murmuren unos,
que hubó quien dejó por manda
un homicidio, creyendo,
que así sus penas engaña,
que así sus quejas desmiente,</Unicode>
            </TextEquiv>
        </TextRegion>
        <TextRegion orientation="0.0" type="paragraph" id="r_4_1" custom="readingOrder {index:2;}">
            <Coords points="940,1311 1552,1311 1552,1741 940,1741"/>
            <TextLine id="r_4_1l1" custom="readingOrder {index:0;}">
                <Coords points="943,1367 971,1367 999,1367 1028,1366 1056,1365 1084,1365 1113,1364 1141,1363 1169,1363 1198,1362 1226,1362 1255,1361 1283,1360 1311,1360 1340,1360 1368,1360 1396,1360 1425,1360 1453,1360 1482,1361 1482,1318 1453,1317 1425,1317 1396,1317 1368,1317 1340,1317 1311,1317 1283,1317 1255,1318 1226,1319 1198,1319 1169,1320 1141,1320 1113,1321 1084,1322 1056,1322 1028,1323 999,1324 971,1324 943,1324"/>
                <Baseline points="943,1353 971,1353 999,1353 1028,1352 1056,1351 1084,1351 1113,1350 1141,1349 1169,1349 1198,1348 1226,1348 1255,1347 1283,1346 1311,1346 1340,1346 1368,1346 1396,1346 1425,1346 1453,1346 1482,1347"/>
                <TextEquiv>
                    <Unicode>que así desdice sus ansias,</Unicode>
                </TextEquiv>
            </TextLine>
            <TextLine id="r_4_1l2" custom="readingOrder {index:1;}">
                <Coords points="946,1425 975,1426 1005,1427 1034,1427 1064,1427 1093,1427 1123,1427 1152,1426 1182,1426 1211,1425 1241,1424 1270,1423 1300,1423 1329,1422 1359,1422 1388,1421 1418,1421 1447,1422 1477,1422 1506,1423 1536,1424 1536,1381 1506,1380 1477,1379 1447,1379 1418,1378 1388,1378 1359,1379 1329,1379 1300,1380 1270,1380 1241,1381 1211,1382 1182,1383 1152,1383 1123,1384 1093,1384 1064,1384 1034,1384 1005,1384 975,1383 946,1382"/>
                <Baseline points="946,1411 975,1412 1005,1413 1034,1413 1064,1413 1093,1413 1123,1413 1152,1412 1182,1412 1211,1411 1241,1410 1270,1409 1300,1409 1329,1408 1359,1408 1388,1407 1418,1407 1447,1408 1477,1408 1506,1409 1536,1410"/>
                <TextEquiv>
                    <Unicode>y que así enmienda sus zelos:</Unicode>
                </TextEquiv>
            </TextLine>
            <TextLine id="r_4_1l3" custom="readingOrder {index:2;}">
                <Coords points="946,1491 975,1491 1004,1490 1033,1490 1062,1490 1091,1490 1120,1489 1149,1489 1178,1489 1207,1488 1236,1488 1265,1488 1294,1487 1323,1487 1352,1487 1381,1486 1410,1486 1439,1486 1468,1485 1497,1485 1526,1485 1526,1440 1497,1440 1468,1440 1439,1441 1410,1441 1381,1441 1352,1442 1323,1442 1294,1442 1265,1443 1236,1443 1207,1443 1178,1444 1149,1444 1120,1444 1091,1445 1062,1445 1033,1445 1004,1445 975,1446 946,1446"/>
                <Baseline points="946,1476 975,1476 1004,1475 1033,1475 1062,1475 1091,1475 1120,1474 1149,1474 1178,1474 1207,1473 1236,1473 1265,1473 1294,1472 1323,1472 1352,1472 1381,1471 1410,1471 1439,1471 1468,1470 1497,1470 1526,1470"/>
                <TextEquiv>
                    <Unicode>otros habrá que la aplaudan,</Unicode>
                </TextEquiv>
            </TextLine>
            <TextLine id="r_4_1l4" custom="readingOrder {index:3;}">
                <Coords points="948,1554 977,1553 1007,1553 1037,1552 1067,1551 1097,1551 1127,1551 1157,1550 1187,1550 1217,1550 1247,1549 1276,1549 1306,1549 1336,1549 1366,1548 1396,1548 1426,1548 1456,1548 1486,1547 1516,1547 1546,1547 1546,1502 1516,1502 1486,1502 1456,1503 1426,1503 1396,1503 1366,1503 1336,1504 1306,1504 1276,1504 1247,1504 1217,1505 1187,1505 1157,1505 1127,1506 1097,1506 1067,1506 1037,1507 1007,1508 977,1508 948,1509"/>
                <Baseline points="948,1539 977,1538 1007,1538 1037,1537 1067,1536 1097,1536 1127,1536 1157,1535 1187,1535 1217,1535 1247,1534 1276,1534 1306,1534 1336,1534 1366,1533 1396,1533 1426,1533 1456,1533 1486,1532 1516,1532 1546,1532"/>
                <TextEquiv>
                    <Unicode>pues no hay amante, ó marido</Unicode>
                </TextEquiv>
            </TextLine>
            <TextLine id="r_4_1l5" custom="readingOrder {index:4;}">
                <Coords points="956,1616 981,1616 1007,1616 1033,1615 1058,1615 1084,1615 1110,1614 1135,1614 1161,1614 1187,1613 1213,1613 1238,1613 1264,1612 1290,1612 1315,1612 1341,1611 1367,1611 1392,1610 1418,1610 1444,1609 1470,1608 1470,1563 1444,1564 1418,1565 1392,1565 1367,1566 1341,1566 1315,1567 1290,1567 1264,1567 1238,1568 1213,1568 1187,1568 1161,1569 1135,1569 1110,1569 1084,1570 1058,1570 1033,1570 1007,1571 981,1571 956,1571"/>
                <Baseline points="956,1601 981,1601 1007,1601 1033,1600 1058,1600 1084,1600 1110,1599 1135,1599 1161,1599 1187,1598 1213,1598 1238,1598 1264,1597 1290,1597 1315,1597 1341,1596 1367,1596 1392,1595 1418,1595 1444,1594 1470,1593"/>
                <TextEquiv>
                    <Unicode>(salgan todos á esta cáusa)</Unicode>
                </TextEquiv>
            </TextLine>
            <TextLine id="r_4_1l6" custom="readingOrder {index:5;}">
                <Coords points="944,1679 970,1679 996,1679 1022,1679 1048,1679 1075,1679 1101,1679 1127,1679 1153,1678 1179,1678 1206,1677 1232,1677 1258,1676 1284,1676 1310,1675 1337,1674 1363,1673 1389,1673 1415,1673 1441,1672 1468,1672 1468,1627 1441,1627 1415,1628 1389,1628 1363,1628 1337,1629 1310,1630 1284,1631 1258,1631 1232,1632 1206,1632 1179,1633 1153,1633 1127,1634 1101,1634 1075,1634 1048,1634 1022,1634 996,1634 970,1634 944,1634"/>
                <Baseline points="944,1664 970,1664 996,1664 1022,1664 1048,1664 1075,1664 1101,1664 1127,1664 1153,1663 1179,1663 1206,1662 1232,1662 1258,1661 1284,1661 1310,1660 1337,1659 1363,1658 1389,1658 1415,1658 1441,1657 1468,1657"/>
                <TextEquiv>
                    <Unicode>que no quisiera ver antes</Unicode>
                </TextEquiv>
            </TextLine>
            <TextLine id="r_4_1l7" custom="readingOrder {index:6;}">
                <Coords points="945,1742 974,1743 1004,1743 1033,1743 1063,1743 1092,1743 1122,1743 1151,1742 1181,1742 1210,1742 1240,1741 1270,1740 1299,1740 1329,1739 1358,1739 1388,1738 1417,1738 1447,1737 1476,1737 1506,1737 1536,1737 1536,1692 1506,1692 1476,1692 1447,1692 1417,1693 1388,1693 1358,1694 1329,1694 1299,1695 1270,1695 1240,1696 1210,1697 1181,1697 1151,1697 1122,1698 1092,1698 1063,1698 1033,1698 1004,1698 974,1698 945,1697"/>
                <Baseline points="945,1727 974,1728 1004,1728 1033,1728 1063,1728 1092,1728 1122,1728 1151,1727 1181,1727 1210,1727 1240,1726 1270,1725 1299,1725 1329,1724 1358,1724 1388,1723 1417,1723 1447,1722 1476,1722 1506,1722 1536,1722"/>
                <TextEquiv>
                    <Unicode>muerta, que agena su dama.</Unicode>
                </TextEquiv>
            </TextLine>
            <TextEquiv>
                <Unicode>que así desdice sus ansias,
y que así enmienda sus zelos:
otros habrá que la aplaudan,
pues no hay amante, ó marido
(salgan todos á esta cáusa)
que no quisiera ver antes
muerta, que agena su dama.</Unicode>
            </TextEquiv>
        </TextRegion>
        <TextRegion orientation="0.0" type="paragraph" id="region_1607094308642_6701" custom="readingOrder {index:3;} structure {type:paragraph;}">
            <Coords points="812,1870 1064,1870 1064,1988 812,1988"/>
            <TextLine id="region_1607094308642_6701l1" custom="readingOrder {index:0;}">
                <Coords points="831,2019 858,2020 885,2020 912,2020 940,2019 967,2018 994,2017 1021,2018 1049,2020 1049,1870 1021,1868 994,1867 967,1868 940,1869 912,1870 885,1870 858,1870 831,1869"/>
                <Baseline points="831,1969 858,1970 885,1970 912,1970 940,1969 967,1968 994,1967 1021,1968 1049,1970"/>
                <TextEquiv>
                    <Unicode>FIN.</Unicode>
                </TextEquiv>
            </TextLine>
            <TextEquiv>
                <Unicode>FIN.</Unicode>
            </TextEquiv>
        </TextRegion>
        <TextRegion orientation="0.0" type="paragraph" id="r_6_1" custom="readingOrder {index:4;}">
            <Coords points="268,2140 1619,2138 1619,2258 268,2260"/>
            <TextLine id="r_6_1l1" custom="readingOrder {index:0;}">
                <Coords points="724,2201 749,2201 774,2200 800,2200 825,2200 851,2200 876,2200 902,2200 927,2200 953,2200 978,2200 1004,2200 1029,2200 1055,2199 1080,2199 1106,2199 1131,2199 1157,2198 1157,2156 1131,2157 1106,2157 1080,2157 1055,2157 1029,2158 1004,2158 978,2158 953,2158 927,2158 902,2158 876,2158 851,2158 825,2158 800,2158 774,2158 749,2159 724,2159"/>
                <Baseline points="724,2187 749,2187 774,2186 800,2186 825,2186 851,2186 876,2186 902,2186 927,2186 953,2186 978,2186 1004,2186 1029,2186 1055,2185 1080,2185 1106,2185 1131,2185 1157,2184"/>
                <TextEquiv>
                    <Unicode>CARMONA:—1865.</Unicode>
                </TextEquiv>
            </TextLine>
            <TextLine id="r_6_1l2" custom="readingOrder {index:1;}">
                <Coords points="274,2258 337,2258 400,2258 464,2259 527,2259 591,2259 654,2259 717,2258 781,2258 844,2258 908,2257 971,2257 1034,2256 1098,2256 1161,2255 1225,2254 1288,2254 1351,2253 1415,2252 1478,2251 1614,2246 1614,2204 1478,2209 1415,2210 1351,2211 1288,2212 1225,2212 1161,2213 1098,2214 1034,2214 971,2215 908,2215 844,2216 781,2216 717,2216 654,2217 591,2217 527,2217 464,2217 400,2216 337,2216 274,2216"/>
                <Baseline points="274,2244 337,2244 400,2244 464,2245 527,2245 591,2245 654,2245 717,2244 781,2244 844,2244 908,2243 971,2243 1034,2242 1098,2242 1161,2241 1225,2240 1288,2240 1351,2239 1415,2238 1478,2237 1610,2234"/>
                <TextEquiv>
                    <Unicode>Imprenta y librería de D. José María Moreno, Madre de Dios 1.</Unicode>
                </TextEquiv>
            </TextLine>
            <TextEquiv>
                <Unicode>CARMONA:—1865.
Imprenta y librería de D. José María Moreno, Madre de Dios 1.</Unicode>
            </TextEquiv>
        </TextRegion>
    </Page>
</PcGts>
