1737 2508
124 159 742 213 No pues mi ambicion Filipino,
124 223 670 275 no mi atrevida arrogancia,
120 289 680 337 no ser parcial con Antonio,
122 347 692 397 no mi poder, no mis armas
118 409 690 461 me afligen, me desesperan,
111 472 712 525 me precipitan, me arrastran,
120 535 534 583 sino ser de Mariene
112 599 622 648 esposo: ó caigan, caigan
111 660 668 711 sobre mi mares, y montes!
115 724 702 775 Aunque si de ofensas tantas
111 787 597 839 el peso no me derriba,
115 851 692 904 no me rinde, no me agrava,
114 915 648 964 el de los montes y mares
104 978 674 1028 no me agravará la espalda;
115 1046 725 1098 y así viendo cuanto á instante
111 1110 610 1160 mi vida cuenta la parca,
109 1173 607 1220 y cuanto á brazo partido
117 1234 625 1283 en esta lóbrega estancia
113 1297 716 1351 luchando estoy de mi muerte
107 1359 722 1414 con las sombras y fantasmas:
113 1421 729 1476 viendo en fin que apenas hoy
113 1486 545 1536 en una pública plaza
108 1545 640 1605 seré horror de la fortuna,
114 1610 628 1667 seré del amor venganza,
109 1672 641 1723 cuando él sea (ay infeliz!)
127 1737 667 1789 pues á Jerusalen marcha,
117 1798 679 1853 donde es fuerza que la vea)
113 1860 649 1919 en tálamos de oro, grana,
106 1921 620 1980 heredero de mis dichas,
113 1984 647 2045 dueño de mis esperanzas,
109 2047 680 2108 muero de agravios, y zelos,
117 2111 732 2172 que matan, porque no matan.
115 2175 739 2238 Dirasme que qué me importa,
1407 125 1427 172 3
842 168 1397 225 pues con la vida se acalan
840 229 1356 288 las desdichas? Ay Filipo,
840 293 1395 350 cuánto esa opinion engaña?
839 351 1389 414 que amor en el alma vive,
847 413 1372 478 y si ella á otra vida pasa,
839 476 1419 541 no muere el amor sin duda,
833 540 1455 605 puesto que no muere el alma.
833 602 1408 667 El no nace de una estrella,
835 667 1394 729 ya propicia, ó ya contraria?
834 729 1346 789 Pues como faltará amor
835 792 1427 855 mientras la estrella no falta?
844 858 1404 917 Quieres ver cual es la mia?
833 917 1345 980 pues si pudiera apagarla
831 980 1351 1045 hoy con el último aliento,
831 1042 1341 1106 lo hiciera porque faltara
833 1106 1363 1168 del Cielo, y otro ninguno
837 1170 1400 1234 en su gracia, ó su desgracia
827 1230 1248 1290 no naciera como yó,
838 1295 1385 1359 porque como yo no amara:
839 1356 1402 1423 y en fin, para qué discurre
834 1419 1391 1490 mi voz? Para qué se cansa?
833 1480 1289 1549 Otra pena, otro dolor,
833 1547 1356 1612 otro tormento, otra ansia
833 1611 1320 1674 en el corazon no llevo,
837 1672 1364 1735 sino solo ver que aguarda
831 1733 1282 1796 Mariene á su empleo
833 1795 1510 1870 de otro amor, de otra esperanza.
826 1860 1252 1922 Sea barbaridad, sea
822 1925 1339 1990 locura, sea inconstancia,
824 1989 1214 2047 sea desesperacion,
832 2051 1284 2113 sea frenesí, sea rabia,
827 2114 1245 2174 sea ira, sea letargo,
831 2180 1427 2243 ó cuanto despues mis ancias
