1765 2512
255 168 311 199 2
209 227 848 263 Quién entra en fuego á vanguardia
170 275 664 313 por suerte ó antigüedad,
170 323 640 359 todos á una voz dijeron
170 369 599 409 éntre la guardia real
209 419 761 457 Hay qué columna de mozos
170 467 667 509 de cuatro á cinco pulgas,
177 517 602 555 qué ruina os aguarda
170 564 634 602 antes del puente ganar.
204 612 792 655 Rompen el toque á degüello,
158 662 658 700 las guerrillas desplegad:
164 712 594 748 y los facciosos tiraron
172 759 716 798 desde el puente una graná.
214 805 807 858 Dijo el general á voces, air
164 857 741 903 hijos mios nadie tema,
164 905 702 944 aunque apagemos el fuego
164 952 849 1004 con sangre de nuestras venas..!
210 1001 740 1043 Avancemos en el nombre
168 1050 847 1102 de la Virgen del Pilar;
168 1100 827 1153 paso redoblado, marchen
169 1149 848 1196 á bayoneta calá.
219 1201 793 1238 ¡Qué trueno tan desgarrado,
175 1245 846 1294 ofreció el divino cielo, sia99!
174 1293 841 1343 que relámpagos, que viento.
176 1340 841 1393 cuando rompieron el fuego!
214 1388 794 1437 Seis cañones en el puente
171 1442 831 1491 dispararon á lapar
170 1493 839 1538 y no quedó en la columna
180 1538 658 1576 quien lo pudiera contar.
216 1584 798 1627 Los hombres ardiendo vivos,
172 1636 798 1682 qué lamentos, que alaridos
166 1682 837 1734 metidos entre los difuntos
169 1732 839 1784 los que quedaron heridos....
224 1778 726 1821 Unos dicen, compañeros
171 1828 580 1869 acabadme de matar,
178 1878 823 1930 y otros salen arrastrando
174 1924 840 1983 con ambas piernas quebrás.
228 1975 788 2022 Hay mi pierna,
175 2028 582 2068 hay mi brazo,
174 2077 807 2120 hay si mi madre me viera
178 2124 792 2160 en el fuego en que me abraso.
230 2172 860 2210 Qué de estruendo de tambores,
182 2221 690 2261 esta es la fin del mundo,
180 2270 741 2315 ahogándose los hombres.
175 2321 742 2361 entre las llamas y el humo..
949 230 1455 270 Las campanas repicando:
899 280 1293 317 las torres iluminás,
898 328 1346 365 y apenas se oia el eco
906 376 1320 412 de la voz del general.
956 422 1478 465 Vuelven á cargar de nueso
896 474 1388 513 y arriman otra columna,
905 523 1436 561 y antes de llegar al puente
898 571 1495 624 hizo la sangre laguna
948 620 1420 658 Este fue el mayor dolor
904 668 1424 709 que al general le causaba,
899 717 1508 757 ver tres mil hombres perdidos
904 765 1326 803 y sin adelantar nada.
944 813 1539 865 Abrió los ojos y dijo:
906 863 1541 916 ¡hay Dios de misericordia! ..
895 912 1539 962 amparar á mis hijitos ya
904 960 1539 1011 y ayudarme en esta ora.57. 1
940 1008 1537 1059 O arca del testamento. 4.
896 1058 1533 1106 sacra Virgen del Pilarla, ¡
897 1107 1542 1151 con vuestra licencia y gracia.
906 1155 1546 1204 vuelvo de nuevo á abanzar.
942 1203 1538 1255 Desfilan dos batallones!
900 1251 1545 1303 y entran á la balloneta,
904 1300 1535 1347 y estos ganaron el, puente
899 1349 1538 1394 y le clavaron las piezas.
950 1398 1530 1440 Ya quedó el puente ganado,
910 1447 1537 1493 quién se arrima á la muralla.
907 1495 1531 1545 con un fuego graneado.
906 1543 1540 1591 que allí llovian las valas..
950 1591 1514 1634 Al mismo tiempo tronando.
904 1639 1541 1691 y la nieve nos entierra
900 1690 1543 1738 con la noche mas oscura o
910 1738 1536 1776 que han formando las tinieblas.
942 1787 1530 1833 Dijo el general á voces, a
904 1836 1542 1874 marche al frente la vanguardia;
901 1883 1529 1933 y salgan los gastadores r
903 1933 1531 1978 á descubrir la muralla.
950 1982 1520 2018 Al mismo tiempo una nube;
908 2030 1461 2074 un relampago dispara,
910 2080 1504 2117 y advierten que una columna
907 2129 1545 2173 acechosos los aguarda.. 38n
958 2176 1518 2213 Manda el general hacer alto
908 2224 1531 2271 dando la voz de atencion,
909 2274 1538 2321 que tiren los artilleros.
920 2323 1400 2367 valas de iluminacion...
