1765 2512
158 236 681 277 Por todo el acampamento
121 286 760 327 de trecho á trecho encontraban
123 334 624 374 varios caminos cubiertos
118 384 574 424 flechados á la muralla.
174 432 676 471 Por donde estaba vencido
123 483 482 522 el general Mirasól
126 527 626 575 y aquel cuarto de ligeros
137 576 639 623 que estaba de guarnicion.
171 628 677 668 Manda formar el Regente
127 676 569 716 á su tropa y pasa lista
133 725 613 769 y el número de difuntos
135 776 543 815 al oirlo le horroriza.
182 822 640 863 Suman abajo la cuenta
137 870 586 911 doce mil cuatrocientos
131 920 543 964 y el piadoso general
135 967 599 1011 lloraba de sentimiento.
181 1016 661 1056 Despacha dos batallones
132 1067 570 1106 á recojer los difuntos,
141 1114 581 1158 y aquel dia los altares
144 1162 595 1205 todos vistieron de luto.
185 1211 658 1251 Enterrados en la nieve,
133 1262 647 1304 y el rio teñido en sangre,
143 1308 679 1347 tuvieron que sacar cuerpos
141 1356 645 1398 hasta las tres de la tarde.
187 1405 691 1445 Celebraron muchas misas
141 1454 639 1499 y el funeral del entierro,
139 1499 643 1550 y las campanas doblando
146 1550 705 1593 que asi lo mandó Espartero.
185 1598 651 1640 Al número de difuntos
149 1650 555 1690 el Regente prometia,
151 1696 611 1739 darles dobles generales
145 1746 579 1790 por toda la andalucia.
191 1789 754 1836 Madres que allí tienen hijos
151 1844 673 1888 y saben de esta desgracia;
148 1891 669 1933 antes que llegue el correo
145 1939 665 1986 preguntan si tienen carta.
891 224 1475 269 Ahora vestirse de luto
850 267 1459 316 no tener que preguntar
853 326 1464 366 que aquel que no ha parecido
853 375 1413 414 contarlo en lá eternidad.
900 423 1430 463 A los que quedaron vivos,
853 474 1328 513 el general dió una cruz,
859 523 1375 563 y una cinta con tres listas
861 566 1348 609 verde, pajiza y azul.
910 618 1337 658 A las ó de la mañana
868 669 1416 705 entra el Regente en Bilbao,
864 709 1474 757 con repiques de campanas
864 765 1288 804 antes de estar alojáo.
915 804 1474 852 Toman raciones de carne
865 851 1469 902 de pan, vino y menestra,
870 899 1471 951 por las plazas y las calles
871 945 1471 1003 ponen hileras de mesás:
918 1006 1360 1047 Alli pasaron tres dias;?
870 1057 1320 1094 de pascua de navidad,
871 1102 1427 1147 y el Regente dió las gracias
864 1155 1291 1193 á la Vírgen del Pilar.
917 1201 1451 1243 Quedó Bilbao por nuestro,
867 1250 1357 1288 no tengamos que dudar,
871 1297 1411 1337 vivan nuestros nobles gefes
870 1347 1309 1389 y viva la tranquilidad.
913 1394 1383 1434 Así esta plaza ganamos
867 1443 1358 1483 en la noche mas oscura,
871 1491 1356 1529 vivan todos los soldados
877 1542 1190 1578 y viva Isabel H.
935 1588 1351 1626 Vivan las autoridades
884 1639 1248 1676 civiles y militares,
875 1687 1259 1725 viva toda la milicia
877 1734 1415 1775 y acábense nuestros males.
927 1782 1309 1822 El Poéta contenido
871 1834 1287 1871 á todos pide perdon,
873 1879 1455 1919 si á alguno hubiere ofendido
878 1930 1357 1969 hasta dar la conclusion.
227 2016 1571 2070 Esta composicion es propiedad de Antonio Sanchez Roldan,
148 2067 1569 2125 natural del Viso del Alcor, provincia de Sevilla, trabajador del
150 2119 1571 2180 campo, sin saber leer ni escribir.—El que me lea me dispensará
152 2191 355 2233 las faltas.
582 2278 1129 2319 REIMPRESO EN CARMONA.
275 2319 1449 2370 Imprenta de D. José M. Moreno, calle de Madre de Dios,
