1765 2512
387 73 984 112 De cuantas er mundo encierra
388 120 764 160 era la mejor suidá
391 171 949 207 pa buscar truenos y guerra,
395 218 712 255 é mosos é caliá.
386 265 911 301 Mas se quearon pequeños
396 313 948 350 cuando oyeron los sermeños
392 362 771 397 que ije con poerio:
396 410 862 446 aqui está Juan el perdío
394 459 904 496 pa darle á los malagueños.
396 506 788 542 Y como le dí mulé
390 554 944 595 ar que jué á probar el sebo,
393 602 831 639 por amo y dueño queé
392 651 874 688 en el barrio der Perché,
392 699 960 735 ¡cabà! y en el mundo Nuevo.
382 747 1012 786 A qué es jablá de aquellos dias,
385 796 938 834 pa las jembras to jué gusto,
390 844 813 882 y fandango y alegria;
390 891 850 933 pa los hombres agonia,
384 940 870 980 pa los menestriles susto.
395 988 882 1028 Ven ostés estas jormiyas
392 1037 860 1077 que traigo puestas aquí,
391 1085 884 1125 pues son, no vale mentí,
385 1134 789 1171 jechas é las paletiyas
383 1185 944 1218 que le arranqué á un aguasí.
384 1230 855 1266 Como jice tanto remate
383 1277 1020 1316 de hombres, pusieron nn bando
386 1328 862 1365 pa pregonar mi gaznate,
381 1375 958 1414 y me di por er contrabando,
376 1420 874 1462 lo emás era un isparate.
382 1469 892 1510 Pero ayí vaya un esquicio
381 1518 870 1556 dende que tomé el ofieio
380 1566 894 1605 lo mesmo era ver un fardo
388 1618 884 1654 que juia to el resguardo
389 1665 878 1702 temiéndole al estrupicio.
385 1712 896 1750 Diendo una vez por la mar
385 1760 828 1799 quiso la fortuna perra
384 1813 956 1855 que mi baico juera á dar
382 1860 932 1894 con veinte buques é guerra
382 1905 971 1957 de cien cañones ú mas.
380 1953 964 2004 ¡Vaigame Dios y que dia!
388 2001 944 2045 por los aires siempre habia
378 2050 940 2096 lo menos quinientas balas,
386 2098 959 2150 una bota, otra resbala,
1122 77 1630 118 lo que no se vió en la via.
1120 126 1640 167 Aun traigo de aquella tela
1116 175 1528 211 una señá, no la veis
1116 222 1616 261 como una picá é viruela,
1121 271 1671 308 jué una bala è treinta y seis
1120 318 1640 358 que por poco no me güela.
1122 365 1608 407 Vino á dar en mi mejilla,
1118 413 1564 458 la suerte que tu ve yo,
1114 462 1546 505 señores jué que botó,
1116 511 1556 550 der rebote jiso astillas
1116 559 1544 599 toitico er palo mayor.
1116 609 1647 649 Mordiendo como los perros
1108 658 1554 699 ma sujetó el enemigo,
1115 706 1563 743 y en una jaula é jierro
1117 752 1743 795 que era po entonces mi encierro
1114 799 1630 842 dieron en Ceuta conmigo.
1112 849 1630 891 A mi ponerme en presiyo!
1108 897 1586 939 á mí! que habia é suseé!
1114 945 1572 986 á los dos dias me jarté
1115 1000 1590 1034 y jise peasos los grillos
1109 1044 1616 1083 con las puntas é los piés.
1110 1087 1571 1131 Pero mis trabajos eran
1114 1141 1600 1179 ya que los grillos rompí
1117 1188 1688 1230 najarme sin que me vieran,
1114 1237 1598 1275 y de un medio me valí
1120 1285 1640 1324 pa que no me conocieran.
1107 1332 1567 1369 Pa no caer en el lazo
1111 1382 1602 1419 asi que toqué á largueza,
1108 1429 1668 1469 zás! me arranqué la cabeza,
1119 1477 1642 1517 me la metí ebajo er brazo,
1113 1524 1590 1563 y me najé á toa priesa.
1113 1572 1713 1615 De entonces en to lugar
1113 1622 1715 1663 he llevao la ventaja,
1107 1670 1695 1715 ya aigando bofetá.
1110 1717 1706 1757 toMandome puñalá
1116 1765 1572 1805 y cobrando la baraja.
1110 1813 1534 1856 Yo las tapias escalé,
1101 1862 1679 1902 no hubo puerta que no abrí,
1119 1912 1539 1949 y en toas partes dejé
1103 1959 1599 2002 ó llorando una mujé
1112 2007 1705 2049 ó muerto un moso barí.
1104 2055 1574 2095 Esto es lo que jise yo;
1103 2107 1634 2142 y en á contando estos ñuos
