1737 2508
316 77 842 119 en que viene apuntao tó,
336 125 914 166 se verá si aquí hay való
336 172 867 213 sobre tos los mosos cruos.
290 215 630 259 Pepe.—A contá.
287 266 858 311 Juan.—Toabia es trempano;
340 321 898 358 me paese á mí lo mas llano
341 367 804 407 y que mas nos interesa,
344 414 820 453 que digasté sus proezas
333 461 876 503 á ver quien gana la mano.
290 504 972 553 Pepe.—Argorpe, que no aiga riña,
290 552 970 600 Juan.—Lo ques por mí no la hay.
283 602 933 649 Pepe.—Yo salí por esa campiña
344 654 878 693 y allegando jasta Cais
339 705 927 742 me juí ar barrio é la Viña.
333 754 866 793 Como que solo buscaba
340 801 741 842 cuando salí é Siviya
339 849 775 889 las mosas é maraviya,
328 896 924 938 quise ver si las criaba
339 945 783 989 la tierra é la pescaiya.
335 993 857 1037 Por eso en cuanto allegué
331 1042 839 1089 jaciendo la mesma cuenta
333 1090 771 1133 que en Málaga jisusté,
334 1138 744 1176 dije.con to mi poer
336 1184 919 1233 aqui hay un hombre pa treinta.
329 1232 843 1276 Pero qué habian de salir!
334 1280 757 1324 hubo moso que al oir
334 1327 888 1376 en puerta é tierra esta frima
339 1378 831 1422 se metió en un bergantin
333 1423 751 1471 y no paró jasta Lima.
343 1474 829 1521 Y las jembras! Mare mia!
331 1522 778 1568 Señores, no es buleria,
335 1571 840 1613 si sigo en aquella via
336 1620 961 1667 no hay mas remedio la entriego.
338 1668 745 1711 Mas como era rigulá,
337 1719 791 1757 asi que pasé dos meses
333 1766 712 1807 en esta via escansá,
329 1817 814 1854 me faltaron los parneses
337 1864 766 1906 y los tnve que buscar.
328 1913 884 1955 Aquello si que eran volatines,
336 1961 782 1999 un dia á tres figurines
334 2008 818 2053 de estos é la nueva frota,
324 2056 777 2094 le saqué los carsetines
331 2106 915 2146 sin tocarleni á las botas.
1072 84 1490 127 Mas este trabajo fino
1074 132 1576 175 de desprumar lechuginos
1072 179 1600 224 no me paeció muy ecente
1073 228 1557 270 y me salí á los caminos
1079 277 1652 322 ques aonde van los valientes,
1068 327 1491 367 Allí con mas corazon
1073 373 1634 422 y con humos menos rateros,
1067 422 1500 462 allegaban los viajeros
1073 467 1501 512 y del primer revorcon
1075 519 1628 564 me los encontraba encueros.
1073 566 1490 606 Una vez atajao me ví
1077 615 1591 654 por mil y tres regimientos
1074 662 1602 705 en la vera el Guadalquivir
1064 710 1590 755 y qué jise, en el momento
1080 758 1574 804 en sus aguas me escondí.
1066 807 1590 854 Me buscaron desde luego,
1071 858 1522 897 pero yo con to mi brio
1072 906 1474 944 debajo el agua metio
1076 953 1495 993 estuve jaciendo fuego
1070 1000 1634 1046 treinta y nueve dias seguios.
1068 1050 1574 1096 Ar fin mandó er general,
1071 1099 1560 1142 viéndolos á tos confusos,
1075 1147 1544 1188 que con jachas embreas
1075 1199 1534 1236 entraran setenta buzos,
1071 1240 1561 1286 y me tuve que entriegar.
1061 1293 1504 1334 A Meliya me llevaron,
1060 1340 1571 1381 y como si juera un tesoro
1072 1390 1651 1434 con diez llaves me guardaron;
1068 1439 1644 1480 pero en cuanto se escudiaron
1071 1487 1648 1530 de un sarto me pasé ar moro.
1063 1533 1516 1576 Pronto le tomé ojerisa,
1065 1582 1595 1625 y valiéndome é His manos
1069 1633 1522 1675 trabajé con tanta prisa,
1071 1681 1531 1721 que se queo sin camisa
1071 1728 1571 1770 toito el imperio Otomano.
1060 1776 1540 1816 Mas como juí sentenciao
1068 1826 1614 1867 pa quitarme aquellas mañas
1059 1873 1518 1914 á ser preso y empalao,
1059 1922 1494 1960 ar punto salí escapao
1059 1968 1602 2012 gorviéndome pa la España.
1069 2017 1531 2059 Y como osté en to lugar
1057 2063 1452 2105 he llevao la ventaja,
1077 2115 1462 2154 ya largando bofetás
