1737 2508
228 240 706 277 Informéme de su casa;
233 289 778 328 y un domingo por la tarde
231 337 634 372 abalancéme furioso,
225 386 832 423 á tiempo que en fiesta y baile
236 436 638 471 estaban en una sala
224 485 750 523 muchas damas y galanes:
229 533 652 570 iba á sacar el acero,
228 582 730 618 pero antes que lo sacase
223 630 770 666 se cayeron todos muertos
229 677 782 716 solo con ver mi semblante.
228 726 707 763 Salí de allí al momento,
224 774 768 811 me fuí derecho á la cárcel,
231 825 783 861 llegué allá y con desenfado
219 872 678 908 al careelero las llaves
225 921 720 958 le pedí, darlas no quiso;
231 971 822 1008 conque levantando el guante,
226 1018 710 1056 le tiré tan fuerte golpe,
226 1067 756 1103 que se quedó el miscrable
223 1116 754 1154 aplastado contra el suelo,
223 1166 755 1200 hecho una torta de carne;
225 1215 804 1251 y de un puntapié las puertas
223 1262 738 1300 eché al suelo al instante,
226 1311 756 1350 soltando todos los presos,
231 1358 790 1396 y á mi ascigo Chiquisnaque.
222 1406 746 1444 Fuí á salir puerta afuera,
223 1455 684 1492 y halté atajada la calle
225 1505 717 1541 de ministres de justiciá
223 1553 688 1591 y soldados arregantes,
222 1602 774 1639 con dardos, con escopetas,
227 1649 752 1688 y otras armas desiguales.
222 1699 842 1736 Yo al momento echando mano
218 1747 661 1785 al acero relumbrante,
224 1795 828 1835 me planté en medio de todos,
222 1843 744 1882 diciendo viles, cobardes,
219 1890 738 1930 al valor de aqueste brazo
223 1941 747 1981 hoy morireis como canes;
229 1989 760 2032 ya corto piernas y muslos,
224 2038 686 2078 ya cabezas y gaznates;
221 2086 807 2127 que áscis heridas por golpe
224 2136 690 2175 me salian muy cabales.
216 2184 682 2222 A rebato las campanas
225 2233 752 2274 tocaron luego al instante:
960 242 1386 280 toda la ciudad acude
962 291 1498 330 á prenderme ó á matarme-
966 342 1505 377 pero yo en medio de todos
955 390 1538 429 me revuelvo como un padre.
962 440 1425 478 Al fin me dejaron solo,
959 488 1453 523 huyendo como cobardes,
961 534 1562 576 porque á no huir vive Cristo,
956 584 1406 623 cada uno por su parte,
959 634 1450 669 la pabre ciudad quedára
963 681 1512 721 como escuela de danzantes.
953 730 1454 768 Salimos yo y mis presos,
955 779 1514 816 que habia dentro la cárcel;
959 828 1528 865 y viendo que en es te mundo
956 878 1412 913 no me competia nadie,
956 925 1474 963 me partí para el infierno,
961 973 1618 1014 que dicen hay hombres grandes.
962 1023 1524 1062 Los demonios que supieron,
963 1072 1454 1108 que iba yo á desafiarles,
957 1120 1510 1160 cerraron todas las puertas,
960 1168 1406 1206 temerosos y cobardes.
963 1216 1378 1255 Como jugando les dí
959 1265 1490 1303 un puntapié, y al instante
962 1313 1461 1354 cayeron hechas pedazos,
959 1361 1459 1401 dejando la entrada fácil.
952 1411 1518 1451 Llegué al Leteo, que es ric
952 1459 1490 1502 de muy copiosos raudales,
960 1508 1458 1548 quise pasar por la bárca
951 1554 1508 1602 y un diablo muy arrogante,
956 1604 1496 1649 á quien llaman Aqueronte,
957 1656 1531 1698 quiso estorvarme el pasage,
963 1706 1462 1745 y lo eché dentro del rio,
960 1750 1468 1794 en cuyas corrientes yace.
958 1800 1442 1842 Pasé en fin al otro lado,
953 1850 1492 1892 y estando de esotra parte,
946 1898 1526 1937 salió á mí como un demonio
951 1945 1477 1986 el cancervero espantable.
957 1993 1548 2035 Me embistió, mas yo valiení2
952 2044 1404 2084 lo agarré del gaznate,
954 2095 1436 2135 y le arranqué la cabeza,
952 2140 1374 2180 dejándolo palpitante.
956 2189 1436 2232 Rufan, Melec y Alecto,
952 2240 1466 2282 con sus furias infernales,
