1737 2508
1196 153 1491 306 (Número 184.)
296 305 1514 468 EL VALIENTE BADULAQUE.
348 1249 1490 1328 BREVE Y COMPENDIOSA RELACION
218 1398 1613 1465 de las proézas y hechos memorables del inven-
220 1469 1630 1539 sible y atrevido Badulaque, capitan general de
232 1540 1599 1609 las armadas del siempre, invicto rey Arlequin.
265 1743 780 1779 Escandalicese el mundo,
226 1791 780 1829 tiéml le el infierno cobarde,
223 1840 773 1878 los hombres se atemoricen,
225 1889 738 1926 vistan de temor los aires,
230 1937 749 1975 porque sale á la campaña
227 1986 685 2023 el valiente Bdulaque:
223 2032 803 2072 el que á Jauja dió renombre
220 2082 820 2122 con hechos muy memorables,
223 2131 720 2169 aquel Rufo, cuyas obras
219 2180 653 2219 ocupan en los anales
223 2233 728 2269 treinta resmas de papel;
955 1734 1482 1773 poco he dicho, pero baste.
953 1783 1543 1822 Yo soy quien le di la muerte
951 1831 1429 1870 á aquel famoso gigante
955 1880 1462 1919 de la puente de Mantible,
955 1928 1449 1968 que le llamaban Galafre.
959 1978 1531 2016 Despues que en España hice
951 2025 1427 2065 hazñas inmemorables,
943 2074 1505 2114 me pasé á la gran Turquia,
947 2122 1515 2162 en donde estando una tarde
951 2171 1469 2211 dentro de Constantinopla
952 2223 1480 2263 pascándome en el parque,
