1765 2512
207 265 719 303 acudieron como un rayo;
215 312 788 353 mas yo encendido en corage
216 362 751 401 los así á todos tres juntos,
213 409 709 452 y fueron de la otra parte
203 458 693 500 á parar de los infiernos
220 506 699 547 ochenta leguas cabales.
215 555 738 596 Tambien maté las harpías
219 605 641 644 y vívoras arrogantes.
211 650 785 692 Llegué á córtes del infierno
219 701 765 742 y Luzbel mandó al instante,
220 749 642 789 saliesen á recibirme
222 798 743 837 con trompetas y timbales.
220 845 729 886 Entré, y el diablo cojuelo
213 895 763 934 me hizo no se que visages.
224 945 670 982 y allí de una tabanada
224 993 680 1031 le deshice los quijares.
220 1041 830 1081 Berrugo y Nayven sus primos
217 1089 761 1129 se empeñaron en vengarle,
214 1138 735 1179 mas quedaron castigados
228 1186 793 1227 de aqueste brazo arrogante.
223 1235 727 1275 Receloso de mis hechos,
219 1284 713 1326 procuró Luzbel galante,
219 1333 687 1376 para tenerme contento
223 1381 684 1420 en su córte regalarme.
217 1428 782 1469 Me llevó á ver sus jardines,
223 1479 783 1518 sus retretes y sus parques,
227 1527 657 1567 sus edificios y torres
227 1576 709 1616 y sus fuertes baluartes.
229 1626 741 1663 Todo lo ví muy despacio,
224 1676 817 1713 aunque con disgusto grande,
949 248 1550 292 porque hace en aquella tierra
943 300 1359 339 un calor intolerable.
943 347 1499 388 No quise pues parar mucho
945 396 1442 436 en tierra tan detestable:
944 444 1536 485 dí en breve vuelta á mi casa,
947 493 1625 539 y en ella encontré á mis padres.
947 544 1417 584 Alegres me recibieron,
943 593 1471 634 y yo traté de aquietarme,
953 640 1549 677 despues de haber echo tantos
945 688 1397 727 arrestos y atrocidades
951 737 1487 775 que no caben en la pluma,
945 785 1488 829 y ni en la memoria caben.
947 835 1546 871 Doscientas mil muertes tengo
947 880 1520 923 hechas por mis crueldades:
952 930 1506 971 las caras que yo he cortado
955 980 1475 1019 han sido diez mil cabales;
949 1027 1405 1074 y las redomas de tinta
951 1079 1593 1117 que he dado en diversas partes,
947 1125 1471 1166 han sido mil y quinientas
951 1176 1411 1212 estocadas penetrantes.
955 1225 1389 1261 Heridas y cuchilladas
960 1272 1480 1310 han sido dos mil millares.
959 1320 1512 1358 Ciento y dos mil bafetadas
949 1370 1644 1408 he dado, que el rostro en sangre
958 1418 1427 1457 en cada una se bañaba
957 1466 1466 1505 tan civil como arrogante.
956 1515 1517 1554 Esta es pues la vida ilustre
960 1564 1454 1603 del valiente Badulaque.
963 1614 1505 1654 y si hay quien me compita,
959 1660 1529 1701 valiente ó jaque, que hable.
847 1845 1035 1997 FIN.
756 2208 1123 2248 CARMONA:—1858.
372 2249 1509 2301 Imp. de D. Jose M. Moreno, calle Juan de la Cabra núm. 4.
