1765 2512
238 240 741 277 vide pasar al gran Turco
232 290 744 326 acompañado de grandes,
225 338 751 373 sin hacerme acatamiento:
240 387 746 426 yo rebentando en corage,
240 436 682 471 alzé la mano, y les dí
235 484 678 521 un bofeton arrogante,
237 532 774 572 con tal aire y con tal brio,
243 582 920 622 que aunque es la distancia grande,
234 631 798 668 cien muelas y cien quijadas
230 679 757 717 fueron á parar á Flandes.
230 728 712 766 Alborótanse los moros,
235 779 727 818 y yo sacando el alfange,
232 828 796 863 corté cuatrocientas piernas,
221 874 798 913 rompí cuatro mil turbantes,
224 923 776 961 murieron cinco mil turcos,
230 971 692 1008 estos solo de mirarme
234 1021 742 1058 el rostro airado y severo,
229 1070 755 1108 y nueve mil á mi alfange.
232 1119 786 1156 Pidió pactos el gran Turco
230 1167 780 1205 á fin de que me aquietase;
227 1216 805 1254 yo entonces les dije á todos,
231 1266 802 1301 que con tal que me jurasen
225 1312 709 1349 de comer tocino gordo,
226 1361 751 1399 no iria el pleito adelante.
227 1410 701 1446 Juraron por su Prefeta
223 1458 790 1495 Mahoma, que en los altares
227 1507 728 1545 de la gran casa de Meca
224 1556 762 1596 asiste alegre y triunfante,
232 1605 662 1642 de comer jalú cocido
224 1652 778 1692 con sal pimienta y vinagre,
228 1704 870 1742 Fuime desde allí al gian Cáiro,
228 1751 726 1788 donde con un arrogante
221 1801 775 1837 niatasiete tuve un cheque,
226 1850 863 1889 y en un punto, en un iustante,
223 1898 776 1934 fué á cenar á los infiernos
233 1946 773 1984 y eran las tres de la tardes
227 1995 839 2035 pues lo cogí entre las palmas,
221 2045 743 2086 y apretando al miserable,
230 2094 752 2130 el sumo le hice que diese
225 2143 819 2178 por las mas menudas partes,
232 2191 734 2229 Acuden á darme muerte.
220 2242 724 2279 sus amigos, y parciales,
964 240 1562 278 mas yo entre perros de falda,
968 289 1568 330 sin que me altere ni espante,
961 339 1500 373 un zurron lleno de orejas
969 386 1536 424 saqué no mas de este lance.
971 435 1424 473 Con aquestas niñerías
972 486 1456 523 voló mi fama en el aire,
964 533 1515 569 tanto que todos temblaban
968 580 1542 620 en nombrando á Badulaque.
968 630 1458 666 Dicen Virgilio y Horacio
963 679 1464 716 en sus escritos notables
970 728 1522 766 que mató Aquíles á Héctor,
959 776 1537 814 pero mienten como infames,
967 825 1544 862 que yo lo maté. Fué el caso,
961 874 1630 914 que oyendo hazañas tan grandes,
962 923 1478 958 enfadado de que hubiese
964 970 1574 1009 otro hombre que me igualase,
962 1019 1562 1060 me partí á Frigia á buscarlo,
965 1068 1439 1104 y en un espacioso valle
967 1117 1562 1152 lo encontré por su desgracia
963 1166 1584 1203 con cien hombres de su parte:
964 1215 1386 1251 les acometí animoso,
968 1261 1536 1300 y á los golies de mi alfange
960 1310 1488 1347 rindieron todos sus vidas,
968 1358 1502 1399 sin que nadie se escapase.
964 1408 1420 1443 A Hercules y á Perseo
966 1455 1462 1494 los maté por deleitarnie
961 1505 1498 1544 maté á Amadis de Niquea,
963 1555 1481 1592 y á Domisiano el gigante,
970 1603 1466 1640 sin otros mil estafermos,
961 1652 1606 1690 que no quiero ahora acordarme.
964 1700 1481 1737 Un dia en una pendencia
970 1748 1450 1785 tiré un tajo tan pujante
967 1797 1631 1835 á un hombre, que de alto á bajo
968 1846 1492 1884 quedó hecho dos mitades.
966 1893 1490 1931 Biéronme ciertas noticias,
967 1944 1534 1981 que mi amigo Chiquisuaque
968 1993 1476 2028 en Flandes estaba preso,
972 2042 1504 2080 y allá me partí al instante,
974 2091 1450 2126 donde supe por estenso,
970 2139 1568 2179 que cierta nuger, su amante,
969 2187 1458 2222 era causa que á galeras
966 2237 1472 2273 al dicho lo sentenciasen.
