1620 2376
97 328 634 362 como antes de haber nacido:
101 372 623 406 porque usado el Sumo bien
107 416 555 448 de aquel dote tan altivo
112 459 430 492 de sutilidad: salió
107 503 592 537 de aquel Cristal tan divino
103 548 588 581 de MARIA sin que hubiese
104 590 551 624 menester su Ser divino
100 637 598 669 romper los caudales bellos
95 678 521 714 de aquel Cristal puro y limpio
104 722 504 755 de virginidad, dejando
102 767 508 800 aquel sitio tan divino,
104 811 566 844 tan entero como el Cielo,
103 854 600 889 que en sus secretos divinos
100 899 580 932 no se pueden comprender
96 942 554 975 los misterios tan altivos.
98 986 582 1019 Con esto me he esplicado:
102 1030 636 1068 confiesa el nombre de Cristo,
96 1075 460 1109 déjate de idolatrias,
96 1119 566 1154 recibe el Santo Bautismo,
94 1161 514 1196 y me tendrás á tu lado
97 1205 512 1239 por tu mas leal amigo.
94 1249 676 1286 Moro. Basta, valiente Cristiano,
96 1294 666 1330 que dos veces me has vencido:
95 1337 518 1373 una con el argumento,
90 1381 584 1415 y otra con tu acero limpio.
98 1425 612 1460 Llévame antes que te sienta
91 1470 566 1502 mi gente, que apercibidos
92 1513 556 1547 estan para si me ofendes:
91 1555 546 1591 yo confieso á Jesucristo.
96 1600 566 1637 Llévame presto, Cristiano,
92 1644 582 1681 donde reciba el Bautismo,
93 1691 612 1726 que cada instante que tarda,
92 1733 560 1767 á mi me parece un siglo.
96 1776 556 1813 Y á Vos, Sagrada MARIA,
96 1820 576 1856 el perdon humilde os pido
85 1863 470 1899 de la cegedad en que
92 1908 572 1944 en este mundo he vivido;
840 333 1184 365 y confesando la fé
843 374 1276 411 viva Cristo, viva Cristo.
850 418 1474 459 Crist. Para haber de cristianarte,
837 461 1261 498 ya está todo prevenido
842 509 1216 542 y pues esperas la fé,
834 551 1276 588 abrázame nuevo amigo,
840 594 1282 631 luz y gloria de pagános,
840 638 1390 679 pues en ti espero un caudillo,
834 684 1278 720 gloria de la cristiandad,
833 727 1312 763 y gran defensor de Cristo.
840 769 1290 807 Y á Vos Sagrada MARIA,
836 813 1260 850 Reina del Cielo divino,
832 861 1376 895 pues que con tu Sacra ayuda
836 903 1272 938 este Moro he convertido
828 946 1200 978 á que profese la ley
832 991 1218 1025 de tu Soberano Hijo;
827 1034 1297 1069 y pues tuya es la victoria,
824 1079 1324 1113 pido que me des tu auxilio
833 1120 1297 1158 para que convertir pueda
823 1165 1224 1200 á la ley de Jesucristo
833 1209 1342 1245 mas moros que tiene el mar
828 1253 1358 1291 gotas de agua en su abismo.
828 1296 1232 1333 Asi lo espero, Señora,
826 1339 1276 1377 de vuestro poder divino,
828 1385 1278 1420 que asistido de la gracia,
827 1430 1367 1464 siempre iré por buen camino
821 1472 1286 1507 y temblarán de mi brazo
824 1516 1272 1550 el turco, herége y judio.
820 1559 1326 1595 Donde de las muchas faltas
820 1604 1270 1638 á todos perdon pedimos,
824 1648 1336 1683 y á quien se ha de conceder
824 1692 1326 1728 sera á Diego de Homedillo,
817 1737 1384 1775 que fué el autor que compuso,
821 1781 1216 1813 este breve silogismo:
823 1825 1225 1858 quisiera ser un Apeles
813 1871 1257 1903 para haberlo corregido.
729 2073 827 2110 FIN.
602 2222 986 2255 CARMONA:—1858
170 2269 830 2308 Imp. de D. J.M. Moreno, calle.
