1737 2508
222 361 581 394 soberbio, tan altivo,
232 404 722 437 vengo á que sepas, tirano,
226 447 768 482 que habrá quien te de castigo
224 493 682 526 de tus bárbaras razones,
223 536 665 569 y tu mal fundado estilo.
227 580 691 612 Y pues que tanto blasonas
230 624 632 656 de valiente y atrevido,
217 667 650 704 saca ese corbade acero,
224 712 602 744 saca ese barbaro filo,
217 755 665 789 y verás en breve tiempo
223 799 690 832 del mas humilde caudillo
228 844 664 877 que tiene la cristiandad
226 887 651 920 si saben cortar los filos
226 931 671 966 de mi vencedora espada.
219 975 622 1010 Ea, bárbaro atrevido,
226 1018 592 1053 apercíbete á batalla.
395 1106 723 1142 Sacon las espadas.
224 1195 660 1228 Moro. Ya, Cristiano, me apercibo
223 1239 635 1272 y te responderá ahora
228 1282 636 1315 esta fuerte cimitarra,
225 1325 818 1360 este carbon de Mahoma, (Riñen)
223 1369 602 1406 aqueste rayo de Alá,
226 1412 604 1449 aqueste adusto tizon,
225 1455 606 1493 abrasante maravilla,
220 1500 629 1536 castigando tu soberbia
226 1544 694 1581 con esta corva cuchilla...
223 1589 800 1623 Crist. Habla menos y obra mas
219 1633 738 1668 que me enojan tus razones.
224 1676 842 1712 Moro. Obrar, y hablar, porque soy
224 1720 686 1755 rayo yo en las ocasiones.
223 1765 719 1798 Mas ¡ay de mi que la tierra
217 1807 699 1842 que pisaba, me ha faltado!
351 1896 765 1931 (Cae el moro en tierra
228 1979 666 2020 Crist. Ya estás vencido, tirano,
217 2029 652 2062 y castigada tu infamia:
219 2068 695 2108 y si á Dios no te confiesas
217 2115 682 2151 ni de tu secta te apartas,
224 2158 694 2195 te he de cortar la cabeza,
227 2201 700 2239 y en la punta de mi lanza
222 2246 726 2282 la he de llevar por bandera
218 2290 712 2327 para triunfo de mi espada.
953 359 1410 394 Ea, Moro, á Dios confiesa
951 404 1371 437 y á su Madre Soberana.
951 446 1490 480 Moro. ¿Oh valeroso Cristiano?
960 491 1409 524 leten tú valiente espada,
947 534 1351 568 y ayúdame á levantar,
953 579 1434 611 que ya vencido en batalla,
951 624 1436 655 si me vence el argumento,
945 666 1364 700 te prometo mi palabra
958 711 1381 744 de recibir el Bautismo:
949 753 1366 787 y asistido de la gracia,
950 798 1460 831 confesar de Dios el nombre,
953 843 1371 875 y á su Madre Soberana
959 887 1376 919 Crist. Pues con aquesta propuesta
951 931 1377 965 levanta, Moro, levanta.
963 1015 1561 1053 Ayúdale el Cristiano á levantar.
994 1106 1380 1139 Propon tu dificultad,
962 1150 1415 1183 que confiado en la gracia
957 1194 1451 1227 de MARIA he de vencerte;
955 1238 1489 1271 que aunque el estilo me falta
955 1282 1271 1314 que de la filosofia
953 1325 1426 1358 para casos de importancia
956 1370 1413 1402 como lo es este Misterio,
956 1414 1458 1446 llevando el norte del alma,
951 1458 1520 1491 que es MARIA en mi respuesta
956 1500 1340 1534 espero victoria larga.
951 1545 1489 1578 Moro. Digo que no puede ser
956 1590 1465 1623 que de una doncella intacta
956 1635 1470 1668 naciese este Dios y Hombre,
955 1677 1426 1712 quedando doncella casta.
949 1722 1316 1754 Esta es la dificultad
954 1765 1510 1800 que me aturde y me desmaya:
959 1810 1392 1843 parir y quedar doncella,
955 1853 1358 1887 parece cosa de fabula.
952 1898 1554 1931 Crist. No tienes que poner duda,
955 1941 1485 1976 que en eso no cupo mancha.
955 1987 1440 2020 ¿No has visto en un cristal
953 2030 1436 2066 allá en tus bárbaros ritos,
949 2073 1456 2109 de que el sol hermoso sale,
955 2118 1486 2151 y entra sin romper el bidrio?
957 2162 1458 2195 Pues asi entró el Sol divino
956 2206 1408 2240 de Jesucristo en MARIA,
947 2251 1452 2283 quedando aquel cristal fino
955 2295 1408 2328 de Santidad tan perfecto
