1765 2512
128 369 590 402 en fiestas tan diver dos.
126 414 528 446 En cólera y rabia arv
127 456 559 493 y de mi cuchilla el filo
137 499 577 533 está rabiando por darles
129 543 642 577 muerte á cuantos atrevidos
137 587 581 621 se opusieren á mi brazo,
127 632 581 666 pues soy leon vengativo,
137 674 700 708 que despedazo entre las manos
127 717 661 752 á cuantos me han ofendido.
135 806 732 841 (Ve un retrato de MARIAy dice
378 851 541 884 suspenso.
127 938 669 973 Mas cielo ¡qué es lo quo veo!
133 982 617 1016 ¡Confuso estoy y aturdido!
133 1025 533 1065 ¿Quién el atrevido fué
139 1069 551 1108 que con tan osado brio
132 1114 557 1148 se atrevió á poner aqui
135 1157 631 1192 esta imagen ó este hechiso
131 1201 698 1236 de esta mujer, á quien llaman
135 1244 597 1280 MARIA, madre de Cristo?
137 1289 577 1324 O no soy quien ser solia
135 1333 605 1367 ó es encanto lo que miro.
127 1375 729 1413 ¿No soy aquel de quien tiemblan
138 1423 558 1455 los mas altos edificios?
135 1465 697 1501 ¿Los montes, no se estremecen
135 1509 605 1543 cuando miran vengativos
139 1555 637 1588 que enarvólo mis banderas?
131 1598 597 1639 ¿y los brutos sumergidos
140 1644 594 1676 en dando solo un amago,
135 1687 573 1720 quedan todos aturdidos?
135 1732 605 1765 ¿Y no soy aquel, tambien,
137 1776 632 1808 queen pecho de una leona
137 1821 525 1853 mamé su leche cruel,
135 1863 665 1898 y á quien perdona la muerte
137 1907 653 1940 como hace el rayo al laurel?
133 1951 552 1984 Pues aquí de mi furor:
137 1994 640 2030 ¿cómo el Cristiano atrevido
134 2039 608 2072 no tiembla de ver que yo
136 2083 596 2117 me publico su enemigo?
140 2128 694 2161 Yo he de llamar, por si salen,
141 2172 649 2204 porque estoy muy ofendido,
140 2215 632 2247 y hasta que beba la sangre
137 2259 626 2291 de este Cristiano atrevido,
144 2303 780 2336 no ha de recibir contento. Llama.
859 364 1322 396 Ha de este fuerte castillo,
860 408 1370 441 salid cuantos esteis dentro,
864 452 1280 484 que á todos os desafio.
868 496 1302 529 Salid, si quereis batalla,
859 538 1248 572 y si no dejad el sitio;
868 582 1356 615 huid que os busca un leon
867 626 1310 659 én volcanes encendidos.
864 670 1276 703 Y pues tuvisteis valor.
868 715 1302 748 en andar tan atrevidos,
866 758 1324 790 de fijar en mi real tienda
868 800 1403 834 esta que mas me ha ofendido
860 846 1176 878 tenedlo para salir
862 890 1241 922 á la batalla conmigo:
857 933 1225 966 y si no quereis salir
864 977 1280 1010 en este retrato mismo.
870 1022 1370 1054 qué es el que mas estimaís,
864 1065 1350 1097 me he de vengar atrevido,
862 1108 1347 1140 convirtiéndolo en pedazos
870 1153 1304 1187 con rabia y furor altivo.
861 1238 1499 1274 (Va á rasgarlo, y sale el Cristiano
1069 1286 1313 1323 y le detiene)
867 1372 1403 1407 Crist. Detente, bárbaro impio
863 1416 1305 1453 que si te sufrió el valor
869 1461 1268 1495 en llegar tan atrevido
863 1505 1237 1538 á desafiar á cuantos
864 1549 1316 1584 defienden la fé de Cristo,
867 1594 1247 1627 ya no te puedo sufrir
863 1636 1317 1671 en tan barbaro designio:
864 1680 1332 1716 porque tocando á MARIA,
863 1725 1322 1760 en pureza claro Armiño,
868 1768 1324 1804 aquella pura sin mancha,
870 1814 1254 1847 aquel Escollo Divino,
866 1858 1301 1892 aquella, Suprema Reina
872 1901 1278 1935 de los ángeles divinos,
870 1945 1362 1979 á quien suplico me ampare
867 1987 1269 2023 para que sea cuchillo
871 2032 1358 2066 de cuantos tiranos fuertes
869 2076 1292 2110 ultrajan su Ser Divino,
868 2118 1275 2155 y de su Divina gracia
869 2163 1315 2198 mi fuerte brazo asistido
875 2208 1352 2242 despedace cuántos niegan
874 2253 1292 2286 la fé de su Santo Hijo;
872 2296 1283 2338 y ya cansado de verte
