1737 2508
1201 334 1457 381 (Número 59.
362 1399 1583 1479 COLOQUIO ENTRE UN MORO Y UN CRISTIANO,
388 1468 1546 1543 SOBRE LA PUREZA DE LA VIRGEN MARIA, Y NACIMIENTO
729 1529 1217 1573 DE SU SANTISIMO HIJO.
492 1681 740 1724 Sale el Moro.
273 1721 847 1775 Moro. Ante que salga la aurora
283 1776 671 1819 coronada de jacintos,
284 1819 670 1862 quiero como general
282 1864 709 1906 y como cauto caudillo,
280 1904 728 1952 registrar mis centinelas
290 1945 797 1994 para ver si se han dormido;
290 1987 809 2038 que el general que descansa
296 2036 705 2082 á vista de su enemigo,
293 2081 745 2125 bien puede ser vigilante,
290 2124 729 2171 bien puede ser atrevido;
290 2165 806 2214 mas yo nunca me conformo
292 2210 781 2258 con tan heróicos designos:
291 2253 810 2301 Hoy que celebra el Cristiano
295 2299 696 2345 con fiestas y regocijos
996 1657 1422 1701 aquel dia en que nació
999 1702 1485 1744 el que llaman Dios Divino,
1006 1748 1383 1786 aquel profeta de Alá,
1006 1787 1553 1831 al que algunos llaman Cristo,
1012 1832 1451 1876 he de llegar por si tiene
1014 1875 1414 1920 aqueste fuerte castillo
1009 1921 1458 1963 algun Cristiano valiente
1012 1968 1436 2006 para batallar conmigo;
1012 2013 1347 2050 y si no su general,
1024 2050 1501 2095 pues que le toca á su brio
1023 2100 1373 2141 el salir á la batalla,
1024 2141 1421 2185 para que este regocijo
1017 2182 1545 2227 se les vuelva en gran pesar:
1021 2226 1506 2272 porque es grande desatino
1027 2272 1453 2317 el que á mi vista esten
