1660 2452
108 308 646 345 Allí no, dejaba el naipe,
102 355 688 396 los trucos, tambien el dado,
110 404 551 440 este era el ejercicio
107 454 576 490 que tenia este tirano,
102 502 704 540 y despues de haber perdido,
108 550 618 586 como un leon desatado.
103 599 612 634 echando mil juramentos
91 642 651 683 y blasfemias el malvado,
99 693 612 732 ofendia á aquel Señor,
108 742 746 782 que está en la Cruz enclavado,
102 792 735 830 aquel que por nuestras culpas
97 839 644 880 su sangre ha derramado,
94 888 564 924 Este hombre referido
97 937 640 975 continuó en tal estrago,
103 987 732 1024 que perdió toda su hacienda,
97 1036 734 1070 y bienes que habia heredado.
95 1084 732 1122 Quedó en fin pobre y desnudo,
95 1131 643 1166 sin alivio, y sin amparo
102 1178 662 1215 de nadie, pues en su vida
97 1225 560 1263 á nadie hizo agasajo.
87 1273 550 1311 Salióse de la ciudad
87 1323 686 1362 maldiciendo y blasfemando,
99 1372 592 1408 pidiendo favor y ayuda
90 1420 608 1456 al demonio su abogado.
91 1469 579 1507 Apareciósele el perro
89 1517 544 1554 cruel enemigo malo,
87 1566 698 1603 en la forma de un chiquito,
89 1614 638 1651 como de unos seis años.
95 1663 634 1699 Corcovado era en efecto,
91 1711 678 1749 mal dispuesto y maltrazado,
91 1760 584 1796 sin cejas, y lagañoso
91 1810 647 1846 y por fin cara de diablo,
87 1859 519 1891 con la cabeza raida
95 1906 722 1941 pues él siempre ha sido calvo,
90 1955 660 1990 y con un casquete negro,
90 2001 637 2041 que cubria sus engaños,
95 2050 585 2087 vestido de paño tosco,
91 2096 599 2133 y una mochila á su lado
96 2146 756 2184 dando á entender que era pobre,
89 2193 608 2231 y él no vivia engañado,
91 2243 611 2277 pues harto pobre quedó
93 2292 703 2329 por su soberbia el malvado,
94 2340 632 2379 supuesto perdió la gracia
835 311 1442 347 con que Dios lo habia criado.
835 360 1408 395 Las piernas que este tenia
833 406 1364 446 eran como medio palmo,
836 455 1320 491 los piés eran de leon,
835 501 1404 543 y lo mismo eran las manos,
832 551 1434 588 Preguntóle: qué me quieres?
835 602 1510 637 que estoy siempre á tu mandado:
839 649 1420 685 Yo soy el Demonio, á quien
826 696 1316 734 á voces estás llamando:
829 745 1330 781 dime cuál es tu deseo
826 796 1370 832 que yo puedo remediarlo,
832 841 1382 881 si has de menester dinero,
831 891 1336 928 plata, y oro esmaltado,
831 938 1459 976 ya estoy aquí, que bien puedo
827 988 1394 1027 darte de ello buen recado,
827 1038 1358 1073 pide, y no seas cobarde,
821 1084 1412 1121 ó para qué me has llamado?
827 1132 1387 1169 él le respondió, diciendo:
823 1179 1385 1217 ya sabes que me he criado
824 1227 1474 1268 con mucha hacienda y riqueza,
825 1280 1358 1314 y todo lo he malgastado
821 1324 1271 1362 y lo que te pido es,
817 1372 1398 1412 tan solo cien mil ducados,
832 1425 1266 1459 y con esto pide tú,
817 1469 1400 1505 que bien te será otorgado.
822 1516 1450 1557 Dió por respuesta el Demonio:
821 1568 1315 1602 yo te concedo de llano
815 1614 1375 1653 aunque quieras mucho mas
815 1663 1400 1702 yo lo tengo á tu mandado,
816 1712 1377 1747 y ha de ser con condicion
820 1759 1424 1798 que por tiempo de dos años,
817 1810 1382 1844 me has de llevar acuestas
817 1856 1422 1894 por el mundo mendingando,
819 1905 1418 1943 y no has de pedir por Dios,
824 1952 1498 1993 ni su nombre has de nombrarlo,
817 2000 1422 2039 ni tampoco el de la Virgen
817 2049 1380 2088 ni ninguno de sus santos.
824 2097 1398 2138 Tampoco has de oir Misa,
820 2147 1350 2183 ni confesar tus pecados:
820 2195 1394 2232 ni el Rosario has de rezar,
816 2243 1390 2282 ni oir los sermones santos.
824 2291 1217 2327 Solamente pedirás
820 2342 1381 2378 la limosna que te mando
