1737 2508
226 299 620 335 para esta criatura,
219 347 783 385 baldada de pies y manos
219 396 823 436 y al cabo de dicho tiempo,
215 444 748 480 que ya dejo mencionado
218 491 796 529 tú me entregarás tu alma,
213 540 768 577 y yo los cien mil ducados.
226 586 810 627 Y para que de ello conste,
209 635 820 675 has de escribir de tu brazo,
215 684 786 725 de la sangre de tus venas,
210 731 724 769 una firma de tu mano.
213 779 668 818 Todo se lo concedio
213 829 796 868 este hombre desventurado,
206 876 774 914 no considerando el necio,
217 925 834 964 que siendo el tiempo pasado,
216 974 768 1011 era esclavo del demonio,
216 1024 746 1059 y que estaba condenado.
220 1071 852 1110 Cargóse acuestas al mónstruo,
215 1120 742 1155 como lo habia mandado
211 1170 670 1205 y empezó su romería,
203 1217 777 1252 mas no era la de Santiago:
213 1264 764 1303 va pidiendo por ciudades,
213 1312 727 1353 villas, lugares pasando,
207 1362 682 1400 y como asi lo veian,
203 1409 815 1446 todo el mundo le iba dando
199 1457 754 1495 limosna en tanta manera
201 1506 886 1544 que el vér aquello era un pasmo.
208 1554 780 1592 No dejó pueblo en España
205 1601 734 1639 que no hubiera visitado.
204 1651 780 1687 Pasó el reino de Valencia
206 1701 874 1739 y hasta el de Murcia ha llegado,
209 1748 769 1783 donde estaba su desdicha
207 1793 827 1835 porque ya se cumplia el plazo.
195 1844 817 1881 Mas Dios que nunca permite
201 1893 770 1929 se pierda ningun cristiano,
201 1941 766 1976 pues que por todos murió
197 1988 695 2026 en un madero clavado,
199 2036 801 2075 no permitiendo que el alma
195 2082 785 2121 de este hombre desdichado
198 2131 788 2172 se perdiese, quiso el Cielo,
203 2181 686 2219 se declarase este caso.
201 2229 683 2267 En la villa de Jumilla
205 2277 722 2314 está un santuario sacro
207 2326 719 2365 de santa Ana del monte
945 300 1566 338 por todo el mundo nombrado,
939 347 1470 386 donde habitan religiosos
952 396 1457 434 de aquel seráfico santo,
947 445 1552 481 al cual llaman san Francisco,
947 494 1578 530 y estos son padres Descalzos
939 541 1373 578 espejo de santidad,
941 591 1459 627 y de virtudes el pasmo,
947 639 1548 677 que en penitencia y ayunos,
944 684 1498 724 siempre están ejercitados.
933 733 1396 770 Llegóse á la portería
933 782 1514 819 del convento el desdichado
935 830 1588 872 con el demonio en los hombros,
940 879 1518 918 porque jamás lo ha dejado,
939 927 1418 963 tocando la campanilla,
939 976 1513 1013 por tres veces ha llamado.
936 1025 1490 1059 Saliendo el padre portero
932 1072 1495 1110 limosna le ha demandado
943 1121 1378 1156 para mantener aquel
933 1170 1587 1209 que en sus hombros vá cargado,
945 1217 1446 1253 pero el santo religioso
944 1266 1374 1301 por auxilio soberano
940 1315 1547 1351 conoció, que era el Demonio
929 1362 1405 1398 el que traia colocado
929 1411 1564 1449 en sus hombros aquel pobre,
935 1457 1565 1496 y en el momento se ha entrado
934 1507 1456 1542 y contó á los religiosos
930 1554 1432 1591 lo que le habia pasado.
931 1604 1412 1640 Salieron todos afuera,
925 1650 1598 1690 y á este hombre le han mandado
940 1700 1606 1739 que al momento entre en la iglesia,
930 1750 1539 1785 y él mucho lo ha rehusado.
930 1797 1562 1837 Al fin lo entraron por fuerza,
930 1847 1477 1881 y lo llevan á el Sagrario,
928 1892 1447 1928 y poníéndole la Estola,
932 1941 1516 1980 muy fuertemente amarrado,
932 1989 1430 2026 le empiezan á conjurar
932 2038 1486 2076 con los Evangelios santos,
930 2087 1418 2123 exorcismos y oraciones
923 2134 1438 2170 como dice el Breviario.
927 2183 1534 2220 Preguntanle: Por qué causa
925 2231 1436 2268 ó razon, perro malvado,
925 2280 1436 2316 estás sobre esa criatura
923 2330 1478 2366 en sus hombros colocado?
