1765 2512
167 289 783 341 respondió luego el Demonio:
167 340 848 389 Porque es mio, y me ha otorgado,
175 390 667 438 el entregarme su alma
174 435 772 485 en cumpliendo los dos años
170 487 633 534 de llevarme sobres si;
176 533 650 581 va siete dias contados
172 581 665 631 le faltan á la promesa
175 628 729 680 que me dió, y asi es vano
184 679 697 727 trabajar con exorcismos,
183 726 755 777 que un papel tengo firmado
183 776 755 828 y escrito con propia sangre,
180 823 767 875 que de su cuerpo ha sacado.
191 879 611 922 Y para que lo creais,
187 921 827 969 veislo aquí, que no os engaño,
187 972 689 1020 lo que digo es la verdad,
185 1018 735 1069 no tiene remedio humano.
184 1068 671 1117 Pero el padre guardian,
188 1114 699 1165 al punto le ha arrebatado
187 1168 595 1214 la cédula que tenia
196 1215 699 1261 en sus sacrilegas manos,
195 1265 619 1317 y tomándola le hizo
195 1310 771 1357 mas de cincuenta pedazos,
193 1353 783 1406 y en una hoguera encendida
199 1406 737 1452 todos juntos la quemaron.
193 1453 717 1503 Mas no desistió por esto,
195 1503 763 1553 y dijo el maldito: Aguardo,
202 1553 673 1599 porque todavía es mio,
205 1596 813 1649 ya el tiempo se va acercando.
208 1646 751 1697 En tres dias y tres noches
203 1697 719 1746 estos Padres no cesaron
206 1742 807 1793 de hacer muchas penitencias
209 1793 725 1843 y al demonio conjurarlo,
209 1842 811 1890 Mas quiso Dios y la Virgen,
205 1892 763 1939 amparando al desdichado,
897 267 1475 318 que el demonio descubriese
898 315 1507 367 lo que siempre habia callado,
901 366 1425 414 y diciendo en altas voces:
898 414 1501 460 Yo soy Pechichan nombrado,
898 465 1381 510 soy cabeza de legiones,
903 512 1489 561 y todos me están temblando,
894 564 1317 615 y yo no me puedo ir
904 607 1459 654 sin que aqueste desdichado
908 656 1481 702 vengan conmigo al infierno;
907 706 1443 751 sino, miradle en el brazo,
907 753 1423 800 y allí hallareis otra firma
909 801 1431 847 hecha de su propia mano.
909 848 1453 896 Miraron el brazo, y hallan
915 896 1471 946 que era verdad, y tomando
909 948 1397 994 un cuchillo, le rayaron
909 996 1419 1042 lo que él habia firmado,
919 1043 1483 1094 y haciendo la misma accion
915 1093 1385 1137 de lo que habia sacado
914 1139 1453 1186 del brazo, muy junto todo
919 1191 1431 1236 al fuego lo han arrojado,
921 1237 1393 1285 y hecha esta diligencia
922 1283 1439 1331 dió tal estallido el diablo
919 1333 1503 1382 que pareció que el convento
927 1386 1343 1428 todo se venia abajo.
919 1432 1427 1476 Desapareció el demonio,
921 1478 1529 1525 dejando á este hombre salvo,
929 1527 1441 1573 al cual puesto de rodilles
931 1575 1447 1623 y cruzadas ambas manos
929 1625 1421 1673 pidió al Padre Guardian
937 1675 1431 1718 le vista el hábito santo,
935 1723 1463 1766 para que con penitencias,
938 1771 1419 1815 cilicios, ayuno y llanto,
933 1818 1475 1864 consiga el perdon de Dios
937 1866 1441 1913 de sus culpas y pecados.
764 2021 1092 2181 FIN.
724 2248 1125 2301 CARMONA:—1854.
350 2289 1503 2363 Imprenta de D. José María Moreno, Descalzas núm. 1.
