<?xml version="1.0" encoding="UTF-8" standalone="yes"?>
<PcGts xmlns="http://schema.primaresearch.org/PAGE/gts/pagecontent/2013-07-15" xmlns:xsi="http://www.w3.org/2001/XMLSchema-instance" xsi:schemaLocation="http://schema.primaresearch.org/PAGE/gts/pagecontent/2013-07-15 http://schema.primaresearch.org/PAGE/gts/pagecontent/2013-07-15/pagecontent.xsd">
    <Metadata>
        <Creator>prov=University of Rostock/Institute of Mathematics/CITlab|PLANET AI GmbH/Gundram Leifert/gundram.leifert@planet-ai.de:name=Pliegos de Cordel (XIXe) - v4(htr_id=27283)::::v=2.6.7
prov=University of Rostock/Institute of Mathematics/CITlab|PLANET AI GmbH/Tobias Gruening/tobias.gruening@planet-ai.de:name=de.uros.citlab.module.baseline2polygon.B2PSeamMultiOriented:v=2.6.7
prov=University of Rostock/Institute of Mathematics/CITlab|PLANET AI GmbH/Tobias Gruening/tobias.gruening@planet-ai.de:name=/net_tf/LA73_249_0mod360.pb:de.uros.citlab.segmentation.CITlab_LA_ML:v=2.6.7
Transkribus</Creator>
        <Created>2020-12-04T09:32:45.55+01:00</Created>
        <LastChange>2020-12-18T13:44:37.362+01:00</LastChange>
        <Comments>
                Measurement unit: pixel
                PrimaryLanguage: 
                Producer: Transkribus
            </Comments>
        <TranskribusMetadata docId="525391" pageId="22319280" pageNr="124" tsid="50430167" status="DONE" userId="66244" imgUrl="https://files.transkribus.eu/Get?id=NCTDNAVZUEBPFRKQQSQLBIDL&amp;fileType=view" xmlUrl="https://files.transkribus.eu/Get?id=WPDHPDUYZJDFPFQOLIXUKENT" imageId="17388795"/>
    </Metadata>
    <Page imageFilename="Moreno_267_4.jpg" imageWidth="1704" imageHeight="2472">
        <PrintSpace>
            <Coords points="0,55 1596,55 1596,2283 0,2283"/>
        </PrintSpace>
        <ReadingOrder>
            <OrderedGroup id="ro_1608295544878" caption="Regions reading order">
                <RegionRefIndexed index="0" regionRef="r_1_1"/>
                <RegionRefIndexed index="1" regionRef="r_2_1"/>
                <RegionRefIndexed index="2" regionRef="region_1607087640399_2439"/>
                <RegionRefIndexed index="3" regionRef="r_6_1"/>
            </OrderedGroup>
        </ReadingOrder>
        <TextRegion orientation="0.0" type="paragraph" id="r_1_1" custom="readingOrder {index:0;}">
            <Coords points="189,135 853,135 853,1687 189,1687"/>
            <TextLine id="r_1_1l1" custom="readingOrder {index:0;}">
                <Coords points="298,181 314,179 314,137 298,139"/>
                <Baseline points="298,167 314,165"/>
                <TextEquiv>
                    <Unicode>4</Unicode>
                </TextEquiv>
            </TextLine>
            <TextLine id="r_1_1l2" custom="readingOrder {index:1;}">
                <Coords points="189,234 214,235 239,236 265,237 290,237 316,237 341,238 367,238 392,238 418,238 443,238 469,238 494,238 520,239 545,240 571,241 596,242 622,245 622,203 596,200 571,199 545,198 520,197 494,196 469,196 443,196 418,196 392,196 367,196 341,196 316,195 290,195 265,195 239,194 214,193 189,192"/>
                <Baseline points="189,220 214,221 239,222 265,223 290,223 316,223 341,224 367,224 392,224 418,224 443,224 469,224 494,224 520,225 545,226 571,227 596,228 622,231"/>
                <TextEquiv>
                    <Unicode>si pa eso es Currillo,</Unicode>
                </TextEquiv>
            </TextLine>
            <TextLine id="r_1_1l3" custom="readingOrder {index:2;}">
                <Coords points="196,306 221,305 246,304 271,303 297,302 322,302 347,302 372,302 398,302 423,302 448,302 473,303 499,303 524,303 549,304 574,304 600,304 625,304 650,305 676,305 676,262 650,262 625,261 600,261 574,261 549,261 524,260 499,260 473,260 448,259 423,259 398,259 372,259 347,259 322,259 297,259 271,260 246,261 221,262 196,263"/>
                <Baseline points="196,292 221,291 246,290 271,289 297,288 322,288 347,288 372,288 398,288 423,288 448,288 473,289 499,289 524,289 549,290 574,290 600,290 625,290 650,291 676,291"/>
                <TextEquiv>
                    <Unicode>y si es osté mu tunante.</Unicode>
                </TextEquiv>
            </TextLine>
            <TextLine id="r_1_1l4" custom="readingOrder {index:3;}">
                <Coords points="240,421 266,422 292,422 318,423 344,423 370,423 396,424 422,424 448,424 474,424 500,424 526,425 552,425 578,426 604,427 631,428 631,385 604,384 578,383 552,382 526,382 500,381 474,381 448,381 422,381 396,381 370,380 344,380 318,380 292,379 266,379 240,378"/>
                <Baseline points="240,407 266,408 292,408 318,409 344,409 370,409 396,410 422,410 448,410 474,410 500,410 526,411 552,411 578,412 604,413 631,414"/>
                <TextEquiv>
                    <Unicode>Señora, sin corteá, </Unicode>
                </TextEquiv>
            </TextLine>
            <TextLine id="r_1_1l5" custom="readingOrder {index:4;}">
                <Coords points="198,486 225,486 252,487 279,487 306,487 333,487 360,487 387,487 414,487 441,487 468,487 495,487 522,487 549,487 576,487 603,488 630,488 657,489 684,490 711,492 738,493 738,451 711,450 684,448 657,447 630,446 603,446 576,445 549,445 522,445 495,445 468,445 441,445 414,445 387,445 360,445 333,445 306,445 279,445 252,445 225,444 198,444"/>
                <Baseline points="198,472 225,472 252,473 279,473 306,473 333,473 360,473 387,473 414,473 441,473 468,473 495,473 522,473 549,473 576,473 603,474 630,474 657,475 684,476 711,478 738,479"/>
                <TextEquiv>
                    <Unicode>cuánteme osté sus pesares,</Unicode>
                </TextEquiv>
            </TextLine>
            <TextLine id="r_1_1l6" custom="readingOrder {index:5;}">
                <Coords points="195,549 220,549 245,548 271,547 296,547 321,546 347,546 372,545 397,545 423,545 448,545 473,545 499,544 524,545 549,545 575,545 600,545 625,545 651,546 676,546 702,547 702,507 676,506 651,506 625,505 600,505 575,505 549,505 524,505 499,504 473,505 448,505 423,505 397,505 372,505 347,506 321,506 296,507 271,507 245,508 220,509 195,509"/>
                <Baseline points="195,536 220,536 245,535 271,534 296,534 321,533 347,533 372,532 397,532 423,532 448,532 473,532 499,531 524,532 549,532 575,532 600,532 625,532 651,533 676,533 702,534"/>
                <TextEquiv>
                    <Unicode>por la gloria de mi mare</Unicode>
                </TextEquiv>
            </TextLine>
            <TextLine id="r_1_1l7" custom="readingOrder {index:6;}">
                <Coords points="208,612 233,611 258,611 283,610 308,609 333,609 358,609 383,608 408,608 434,608 459,608 484,608 509,608 534,608 559,609 584,609 609,609 634,610 660,610 660,567 634,567 609,566 584,566 559,566 534,565 509,565 484,565 459,565 434,565 408,565 383,565 358,566 333,566 308,566 283,567 258,568 233,568 208,569"/>
                <Baseline points="208,598 233,597 258,597 283,596 308,595 333,595 358,595 383,594 408,594 434,594 459,594 484,594 509,594 534,594 559,595 584,595 609,595 634,596 660,596"/>
                <TextEquiv>
                    <Unicode>que la tengo é consolá.</Unicode>
                </TextEquiv>
            </TextLine>
            <TextLine id="r_1_1l8" custom="readingOrder {index:7;}">
                <Coords points="238,669 263,669 288,670 314,670 339,671 365,671 390,671 415,671 441,671 466,671 492,671 517,672 542,672 568,672 593,672 619,672 644,672 670,672 670,630 644,630 619,630 593,630 568,630 542,630 517,630 492,629 466,629 441,629 415,629 390,629 365,629 339,629 314,628 288,628 263,627 238,627"/>
                <Baseline points="238,655 263,655 288,656 314,656 339,657 365,657 390,657 415,657 441,657 466,657 492,657 517,658 542,658 568,658 593,658 619,658 644,658 670,658"/>
                <TextEquiv>
                    <Unicode>Si señó, estoy perdia</Unicode>
                </TextEquiv>
            </TextLine>
            <TextLine id="r_1_1l9" custom="readingOrder {index:8;}">
                <Coords points="201,732 226,733 251,733 276,734 301,734 326,734 351,734 376,734 401,734 426,734 451,735 476,735 501,735 526,735 551,735 576,735 601,735 626,736 651,736 676,737 676,694 651,693 626,693 601,692 576,692 551,692 526,692 501,692 476,692 451,692 426,691 401,691 376,691 351,691 326,691 301,691 276,691 251,690 226,690 201,689"/>
                <Baseline points="201,718 226,719 251,719 276,720 301,720 326,720 351,720 376,720 401,720 426,720 451,721 476,721 501,721 526,721 551,721 576,721 601,721 626,722 651,722 676,723"/>
                <TextEquiv>
                    <Unicode>y me vá á costar la via.</Unicode>
                </TextEquiv>
            </TextLine>
            <TextLine id="r_1_1l10" custom="readingOrder {index:9;}">
                <Coords points="200,795 226,795 252,796 279,796 305,796 331,796 358,796 384,796 410,796 437,796 463,796 489,796 516,797 542,797 568,797 595,797 621,797 647,797 674,797 674,754 647,754 621,754 595,754 568,754 542,754 516,754 489,753 463,753 437,753 410,753 384,753 358,753 331,753 305,753 279,753 252,753 226,752 200,752"/>
                <Baseline points="200,781 226,781 252,782 279,782 305,782 331,782 358,782 384,782 410,782 437,782 463,782 489,782 516,783 542,783 568,783 595,783 621,783 647,783 674,783"/>
                <TextEquiv>
                    <Unicode>Confia en San Antonio.</Unicode>
                </TextEquiv>
            </TextLine>
            <TextLine id="r_1_1l11" custom="readingOrder {index:10;}">
                <Coords points="193,858 220,857 247,857 274,857 301,857 328,857 355,857 382,857 409,857 436,858 463,858 490,858 517,859 544,859 571,859 598,860 625,860 652,860 679,860 706,859 733,859 733,816 706,816 679,817 652,817 625,817 598,817 571,816 544,816 517,816 490,815 463,815 436,815 409,814 382,814 355,814 328,814 301,814 274,814 247,814 220,814 193,815"/>
                <Baseline points="193,844 220,843 247,843 274,843 301,843 328,843 355,843 382,843 409,843 436,844 463,844 490,844 517,845 544,845 571,845 598,846 625,846 652,846 679,846 706,845 733,845"/>
                <TextEquiv>
                    <Unicode>Salero no hay que afligirse</Unicode>
                </TextEquiv>
            </TextLine>
            <TextLine id="r_1_1l12" custom="readingOrder {index:11;}">
                <Coords points="204,926 230,925 256,924 282,923 308,922 335,922 361,921 387,921 413,921 440,921 466,922 492,922 518,922 545,922 571,922 597,922 623,923 650,922 650,879 623,880 597,879 571,879 545,879 518,879 492,879 466,879 440,878 413,878 387,878 361,878 335,879 308,879 282,880 256,881 230,882 204,883"/>
                <Baseline points="204,912 230,911 256,910 282,909 308,908 335,908 361,907 387,907 413,907 440,907 466,908 492,908 518,908 545,908 571,908 597,908 623,909 650,908"/>
                <TextEquiv>
                    <Unicode>que too se compondrá.</Unicode>
                </TextEquiv>
            </TextLine>
            <TextLine id="r_1_1l13" custom="readingOrder {index:12;}">
                <Coords points="251,1044 278,1045 305,1046 333,1047 360,1047 388,1047 415,1048 443,1048 470,1048 498,1048 525,1048 552,1048 580,1049 607,1049 635,1050 662,1050 690,1051 717,1053 745,1054 772,1056 800,1057 800,1014 772,1013 745,1011 717,1010 690,1008 662,1007 635,1007 607,1006 580,1006 552,1005 525,1005 498,1005 470,1005 443,1005 415,1005 388,1004 360,1004 333,1004 305,1003 278,1002 251,1001"/>
                <Baseline points="251,1030 278,1031 305,1032 333,1033 360,1033 388,1033 415,1034 443,1034 470,1034 498,1034 525,1034 552,1034 580,1035 607,1035 635,1036 662,1036 690,1037 717,1039 745,1040 772,1042 800,1043"/>
                <TextEquiv>
                    <Unicode>Vaya, acabe osté é grasná, </Unicode>
                </TextEquiv>
            </TextLine>
            <TextLine id="r_1_1l14" custom="readingOrder {index:13;}">
                <Coords points="198,1107 224,1108 250,1110 276,1110 302,1111 328,1111 354,1112 380,1112 406,1112 432,1112 459,1111 485,1111 511,1111 537,1111 563,1111 589,1112 615,1112 641,1113 667,1114 693,1115 720,1116 720,1073 693,1072 667,1071 641,1070 615,1069 589,1069 563,1068 537,1068 511,1068 485,1068 459,1068 432,1069 406,1069 380,1069 354,1069 328,1068 302,1068 276,1067 250,1067 224,1065 198,1064"/>
                <Baseline points="198,1093 224,1094 250,1096 276,1096 302,1097 328,1097 354,1098 380,1098 406,1098 432,1098 459,1097 485,1097 511,1097 537,1097 563,1097 589,1098 615,1098 641,1099 667,1100 693,1101 720,1102"/>
                <TextEquiv>
                    <Unicode>que no es eso pa morirse,</Unicode>
                </TextEquiv>
            </TextLine>
            <TextLine id="r_1_1l15" custom="readingOrder {index:14;}">
                <Coords points="200,1170 232,1171 264,1171 296,1171 328,1171 361,1172 393,1172 425,1172 457,1173 489,1173 522,1173 554,1174 586,1174 618,1174 650,1175 683,1175 715,1176 747,1177 779,1177 811,1178 844,1178 844,1135 811,1135 779,1134 747,1134 715,1133 683,1132 650,1132 618,1131 586,1131 554,1131 522,1130 489,1130 457,1130 425,1129 393,1129 361,1129 328,1128 296,1128 264,1128 232,1128 200,1127"/>
                <Baseline points="200,1156 232,1157 264,1157 296,1157 328,1157 361,1158 393,1158 425,1158 457,1159 489,1159 522,1159 554,1160 586,1160 618,1160 650,1161 683,1161 715,1162 747,1163 779,1163 811,1164 844,1164"/>
                <TextEquiv>
                    <Unicode>se le ha najao á osté el amante?</Unicode>
                </TextEquiv>
            </TextLine>
            <TextLine id="r_1_1l16" custom="readingOrder {index:15;}">
                <Coords points="196,1230 227,1232 258,1234 290,1235 321,1236 352,1237 384,1237 415,1237 446,1238 478,1238 509,1238 540,1238 572,1238 603,1238 634,1238 666,1239 697,1239 728,1240 760,1242 791,1243 823,1246 823,1203 791,1200 760,1199 728,1197 697,1196 666,1196 634,1195 603,1195 572,1195 540,1195 509,1195 478,1195 446,1195 415,1194 384,1194 352,1194 321,1193 290,1192 258,1191 227,1189 196,1187"/>
                <Baseline points="196,1216 227,1218 258,1220 290,1221 321,1222 352,1223 384,1223 415,1223 446,1224 478,1224 509,1224 540,1224 572,1224 603,1224 634,1224 666,1225 697,1225 728,1226 760,1228 791,1229 823,1232"/>
                <TextEquiv>
                    <Unicode>No señor, pero lo encuentro...</Unicode>
                </TextEquiv>
            </TextLine>
            <TextLine id="r_1_1l17" custom="readingOrder {index:16;}">
                <Coords points="208,1295 236,1295 264,1296 292,1297 320,1297 348,1298 376,1298 404,1299 432,1299 460,1300 489,1300 517,1301 545,1301 573,1302 601,1302 629,1302 657,1303 685,1303 713,1303 741,1303 770,1303 770,1260 741,1260 713,1260 685,1260 657,1260 629,1259 601,1259 573,1259 545,1258 517,1258 489,1257 460,1257 432,1256 404,1256 376,1255 348,1255 320,1254 292,1254 264,1253 236,1252 208,1252"/>
                <Baseline points="208,1281 236,1281 264,1282 292,1283 320,1283 348,1284 376,1284 404,1285 432,1285 460,1286 489,1286 517,1287 545,1287 573,1288 601,1288 629,1288 657,1289 685,1289 713,1289 741,1289 770,1289"/>
                <TextEquiv>
                    <Unicode>vamos, estraio, no es cierto?</Unicode>
                </TextEquiv>
            </TextLine>
            <TextLine id="r_1_1l18" custom="readingOrder {index:17;}">
                <Coords points="202,1360 227,1360 252,1361 278,1361 303,1361 328,1362 354,1362 379,1362 404,1362 430,1363 455,1363 480,1363 506,1363 531,1364 556,1364 582,1365 607,1365 632,1366 658,1367 658,1324 632,1323 607,1322 582,1322 556,1321 531,1321 506,1320 480,1320 455,1320 430,1320 404,1319 379,1319 354,1319 328,1319 303,1318 278,1318 252,1318 227,1317 202,1317"/>
                <Baseline points="202,1346 227,1346 252,1347 278,1347 303,1347 328,1348 354,1348 379,1348 404,1348 430,1349 455,1349 480,1349 506,1349 531,1350 556,1350 582,1351 607,1351 632,1352 658,1353"/>
                <TextEquiv>
                    <Unicode>ya se jará que arreate.</Unicode>
                </TextEquiv>
            </TextLine>
            <TextLine id="r_1_1l19" custom="readingOrder {index:18;}">
                <Coords points="256,1491 281,1492 307,1494 332,1495 358,1496 383,1497 409,1497 434,1498 460,1498 485,1499 511,1499 536,1500 562,1500 587,1501 613,1502 638,1503 664,1504 690,1506 690,1463 664,1461 638,1460 613,1459 587,1458 562,1457 536,1457 511,1456 485,1456 460,1455 434,1455 409,1454 383,1454 358,1453 332,1452 307,1451 281,1449 256,1448"/>
                <Baseline points="256,1477 281,1478 307,1480 332,1481 358,1482 383,1483 409,1483 434,1484 460,1484 485,1485 511,1485 536,1486 562,1486 587,1487 613,1488 638,1489 664,1490 690,1492"/>
                <TextEquiv>
                    <Unicode>Viva el gusto puñalá!,</Unicode>
                </TextEquiv>
            </TextLine>
            <TextLine id="r_1_1l20" custom="readingOrder {index:19;}">
                <Coords points="198,1557 224,1558 250,1559 276,1559 302,1559 328,1559 354,1559 380,1559 406,1559 432,1559 458,1559 484,1560 510,1560 536,1561 562,1561 588,1562 614,1564 640,1565 666,1567 692,1569 692,1526 666,1524 640,1522 614,1521 588,1519 562,1518 536,1518 510,1517 484,1517 458,1516 432,1516 406,1516 380,1516 354,1516 328,1516 302,1516 276,1516 250,1516 224,1515 198,1514"/>
                <Baseline points="198,1543 224,1544 250,1545 276,1545 302,1545 328,1545 354,1545 380,1545 406,1545 432,1545 458,1545 484,1546 510,1546 536,1547 562,1547 588,1548 614,1550 640,1551 666,1553 692,1555"/>
                <TextEquiv>
                    <Unicode>achanta el mismo lebré,</Unicode>
                </TextEquiv>
            </TextLine>
            <TextLine id="r_1_1l21" custom="readingOrder {index:20;}">
                <Coords points="198,1619 223,1620 249,1621 275,1621 300,1622 326,1622 352,1622 378,1623 403,1623 429,1623 455,1623 481,1624 506,1624 532,1625 558,1625 584,1626 609,1627 635,1629 661,1630 687,1632 687,1589 661,1587 635,1586 609,1584 584,1583 558,1582 532,1582 506,1581 481,1581 455,1580 429,1580 403,1580 378,1580 352,1579 326,1579 300,1579 275,1578 249,1578 223,1577 198,1576"/>
                <Baseline points="198,1605 223,1606 249,1607 275,1607 300,1608 326,1608 352,1608 378,1609 403,1609 429,1609 455,1609 481,1610 506,1610 532,1611 558,1611 584,1612 609,1613 635,1615 661,1616 687,1618"/>
                <TextEquiv>
                    <Unicode>anda vete, te veas frito,</Unicode>
                </TextEquiv>
            </TextLine>
            <TextLine id="r_1_1l22" custom="readingOrder {index:21;}">
                <Coords points="202,1681 227,1682 252,1682 277,1683 302,1683 327,1683 352,1683 377,1684 402,1684 427,1684 452,1684 477,1685 502,1685 527,1686 552,1686 577,1687 602,1689 627,1690 652,1691 652,1648 627,1647 602,1646 577,1644 552,1643 527,1643 502,1642 477,1642 452,1641 427,1641 402,1641 377,1641 352,1640 327,1640 302,1640 277,1640 252,1639 227,1639 202,1638"/>
                <Baseline points="202,1667 227,1668 252,1668 277,1669 302,1669 327,1669 352,1669 377,1670 402,1670 427,1670 452,1670 477,1671 502,1671 527,1672 552,1672 577,1673 602,1675 627,1676 652,1677"/>
                <TextEquiv>
                    <Unicode>escoria de los jitanos,</Unicode>
                </TextEquiv>
            </TextLine>
            <TextEquiv>
                <Unicode>4
si pa eso es Currillo,
y si es osté mu tunante.
Señora, sin corteá, 
cuánteme osté sus pesares,
por la gloria de mi mare
que la tengo é consolá.
Si señó, estoy perdia
y me vá á costar la via.
Confia en San Antonio.
Salero no hay que afligirse
que too se compondrá.
Vaya, acabe osté é grasná, 
que no es eso pa morirse,
se le ha najao á osté el amante?
No señor, pero lo encuentro...
vamos, estraio, no es cierto?
ya se jará que arreate.
Viva el gusto puñalá!,
achanta el mismo lebré,
anda vete, te veas frito,
escoria de los jitanos,</Unicode>
            </TextEquiv>
        </TextRegion>
        <TextRegion orientation="0.0" type="paragraph" id="r_2_1" custom="readingOrder {index:1;}">
            <Coords points="911,188 1596,188 1596,1695 911,1695"/>
            <TextLine id="r_2_1l1" custom="readingOrder {index:0;}">
                <Coords points="920,239 948,239 976,240 1004,240 1032,241 1061,241 1089,241 1117,241 1145,241 1173,241 1202,241 1230,241 1258,241 1286,241 1314,241 1343,241 1371,241 1399,242 1427,242 1455,242 1484,243 1484,200 1455,199 1427,199 1399,199 1371,198 1343,198 1314,198 1286,198 1258,198 1230,198 1202,198 1173,198 1145,198 1117,198 1089,198 1061,198 1032,198 1004,197 976,197 948,196 920,196"/>
                <Baseline points="920,225 948,225 976,226 1004,226 1032,227 1061,227 1089,227 1117,227 1145,227 1173,227 1202,227 1230,227 1258,227 1286,227 1314,227 1343,227 1371,227 1399,228 1427,228 1455,228 1484,229"/>
                <TextEquiv>
                    <Unicode>si lo que pilla en tus manos</Unicode>
                </TextEquiv>
            </TextLine>
            <TextLine id="r_2_1l2" custom="readingOrder {index:1;}">
                <Coords points="913,298 941,298 969,299 997,299 1025,299 1053,300 1081,300 1109,300 1137,301 1165,301 1193,301 1221,301 1249,302 1277,302 1305,302 1333,302 1361,302 1389,303 1417,303 1445,303 1474,303 1474,260 1445,260 1417,260 1389,260 1361,259 1333,259 1305,259 1277,259 1249,259 1221,258 1193,258 1165,258 1137,258 1109,257 1081,257 1053,257 1025,256 997,256 969,256 941,255 913,255"/>
                <Baseline points="913,284 941,284 969,285 997,285 1025,285 1053,286 1081,286 1109,286 1137,287 1165,287 1193,287 1221,287 1249,288 1277,288 1305,288 1333,288 1361,288 1389,289 1417,289 1445,289 1474,289"/>
                <TextEquiv>
                    <Unicode>lo espilfarra en cá Albarito.</Unicode>
                </TextEquiv>
            </TextLine>
            <TextLine id="r_2_1l3" custom="readingOrder {index:2;}">
                <Coords points="957,422 982,423 1008,424 1034,425 1059,426 1085,426 1111,427 1137,427 1162,427 1188,427 1214,427 1240,427 1265,427 1291,427 1317,427 1343,428 1368,428 1394,428 1420,429 1446,429 1446,387 1420,387 1394,386 1368,386 1343,386 1317,385 1291,385 1265,385 1240,385 1214,385 1188,385 1162,385 1137,385 1111,385 1085,384 1059,384 1034,383 1008,382 982,381 957,380"/>
                <Baseline points="957,408 982,409 1008,410 1034,411 1059,412 1085,412 1111,413 1137,413 1162,413 1188,413 1214,413 1240,413 1265,413 1291,413 1317,413 1343,414 1368,414 1394,414 1420,415 1446,415"/>
                <TextEquiv>
                    <Unicode>Po señó lachó va el dia,</Unicode>
                </TextEquiv>
            </TextLine>
            <TextLine id="r_2_1l4" custom="readingOrder {index:3;}">
                <Coords points="913,484 941,484 970,484 999,484 1027,485 1056,485 1085,485 1113,486 1142,486 1171,486 1200,486 1228,487 1257,487 1286,487 1314,487 1343,487 1372,488 1400,487 1429,487 1458,487 1487,487 1487,445 1458,445 1429,445 1400,445 1372,446 1343,445 1314,445 1286,445 1257,445 1228,445 1200,444 1171,444 1142,444 1113,444 1085,443 1056,443 1027,443 999,442 970,442 941,442 913,442"/>
                <Baseline points="913,470 941,470 970,470 999,470 1027,471 1056,471 1085,471 1113,472 1142,472 1171,472 1200,472 1228,473 1257,473 1286,473 1314,473 1343,473 1372,474 1400,473 1429,473 1458,473 1487,473"/>
                <TextEquiv>
                    <Unicode>hoy han trincao estas manos</Unicode>
                </TextEquiv>
            </TextLine>
            <TextLine id="r_2_1l5" custom="readingOrder {index:4;}">
                <Coords points="916,544 942,544 969,545 996,545 1023,545 1050,545 1076,545 1103,545 1130,545 1157,546 1184,546 1210,546 1237,546 1264,546 1291,546 1318,546 1344,546 1371,546 1398,546 1425,547 1452,547 1452,504 1425,504 1398,503 1371,503 1344,503 1318,503 1291,503 1264,503 1237,503 1210,503 1184,503 1157,503 1130,502 1103,502 1076,502 1050,502 1023,502 996,502 969,502 942,501 916,501"/>
                <Baseline points="916,530 942,530 969,531 996,531 1023,531 1050,531 1076,531 1103,531 1130,531 1157,532 1184,532 1210,532 1237,532 1264,532 1291,532 1318,532 1344,532 1371,532 1398,532 1425,533 1452,533"/>
                <TextEquiv>
                    <Unicode>veinte y hocho mejicanos.</Unicode>
                </TextEquiv>
            </TextLine>
            <TextLine id="r_2_1l6" custom="readingOrder {index:5;}">
                <Coords points="922,607 948,606 974,606 1000,606 1027,606 1053,606 1079,607 1105,607 1132,607 1158,607 1184,607 1210,608 1237,608 1263,608 1289,608 1315,608 1342,607 1368,607 1394,606 1420,606 1447,605 1447,562 1420,563 1394,563 1368,564 1342,564 1315,565 1289,565 1263,565 1237,565 1210,565 1184,564 1158,564 1132,564 1105,564 1079,564 1053,563 1027,563 1000,563 974,563 948,563 922,564"/>
                <Baseline points="922,593 948,592 974,592 1000,592 1027,592 1053,592 1079,593 1105,593 1132,593 1158,593 1184,593 1210,594 1237,594 1263,594 1289,594 1315,594 1342,593 1368,593 1394,592 1420,592 1447,591"/>
                <TextEquiv>
                    <Unicode>¡Valiente gracia es la mia!</Unicode>
                </TextEquiv>
            </TextLine>
            <TextLine id="r_2_1l7" custom="readingOrder {index:6;}">
                <Coords points="974,728 999,728 1024,727 1050,727 1075,727 1100,727 1126,727 1151,727 1177,728 1202,728 1227,729 1253,729 1278,729 1304,729 1329,729 1354,729 1380,729 1405,728 1431,727 1431,684 1405,685 1380,686 1354,686 1329,686 1304,686 1278,686 1253,686 1227,686 1202,685 1177,685 1151,684 1126,684 1100,684 1075,684 1050,684 1024,684 999,685 974,685"/>
                <Baseline points="974,714 999,714 1024,713 1050,713 1075,713 1100,713 1126,713 1151,713 1177,714 1202,714 1227,715 1253,715 1278,715 1304,715 1329,715 1354,715 1380,715 1405,714 1431,713"/>
                <TextEquiv>
                    <Unicode>Se han creio los gaché</Unicode>
                </TextEquiv>
            </TextLine>
            <TextLine id="r_2_1l8" custom="readingOrder {index:7;}">
                <Coords points="929,789 961,788 994,788 1027,787 1060,787 1093,787 1126,787 1159,787 1192,787 1225,788 1258,788 1290,788 1323,789 1356,789 1389,789 1422,789 1455,789 1488,789 1521,788 1554,788 1587,787 1587,744 1554,745 1521,745 1488,746 1455,746 1422,746 1389,746 1356,746 1323,746 1290,745 1258,745 1225,745 1192,744 1159,744 1126,744 1093,744 1060,744 1027,744 994,745 961,745 929,746"/>
                <Baseline points="929,775 961,774 994,774 1027,773 1060,773 1093,773 1126,773 1159,773 1192,773 1225,774 1258,774 1290,774 1323,775 1356,775 1389,775 1422,775 1455,775 1488,775 1521,774 1554,774 1587,773"/>
                <TextEquiv>
                    <Unicode>que el mengue es el algun profeta</Unicode>
                </TextEquiv>
            </TextLine>
            <TextLine id="r_2_1l9" custom="readingOrder {index:8;}">
                <Coords points="934,849 959,848 985,847 1011,847 1037,847 1062,846 1088,846 1114,846 1140,846 1166,846 1191,846 1217,847 1243,847 1269,847 1294,847 1320,847 1346,848 1372,848 1398,848 1398,808 1372,808 1346,808 1320,807 1294,807 1269,807 1243,807 1217,807 1191,806 1166,806 1140,806 1114,806 1088,806 1062,806 1037,807 1011,807 985,807 959,808 934,809"/>
                <Baseline points="934,836 959,835 985,834 1011,834 1037,834 1062,833 1088,833 1114,833 1140,833 1166,833 1191,833 1217,834 1243,834 1269,834 1294,834 1320,834 1346,835 1372,835 1398,835"/>
                <TextEquiv>
                    <Unicode>y le ha afanao el parné:</Unicode>
                </TextEquiv>
            </TextLine>
            <TextLine id="r_2_1l10" custom="readingOrder {index:9;}">
                <Coords points="926,904 952,905 979,906 1005,907 1032,907 1058,907 1085,907 1111,907 1138,907 1164,907 1191,906 1217,906 1244,906 1270,906 1297,907 1324,907 1324,867 1297,867 1270,866 1244,866 1217,866 1191,866 1164,867 1138,867 1111,867 1085,867 1058,867 1032,867 1005,867 979,866 952,865 926,864"/>
                <Baseline points="926,891 952,892 979,893 1005,894 1032,894 1058,894 1085,894 1111,894 1138,894 1164,894 1191,893 1217,893 1244,893 1270,893 1297,894 1324,894"/>
                <TextEquiv>
                    <Unicode>es la fija, chachipé:</Unicode>
                </TextEquiv>
            </TextLine>
            <TextLine id="r_2_1l11" custom="readingOrder {index:10;}">
                <Coords points="928,967 953,967 979,968 1005,968 1031,968 1057,968 1083,969 1109,969 1135,969 1161,969 1186,969 1212,970 1238,970 1264,970 1290,970 1316,970 1342,970 1368,970 1394,970 1420,970 1420,927 1394,927 1368,927 1342,927 1316,927 1290,927 1264,927 1238,927 1212,927 1186,926 1161,926 1135,926 1109,926 1083,926 1057,925 1031,925 1005,925 979,925 953,924 928,924"/>
                <Baseline points="928,953 953,953 979,954 1005,954 1031,954 1057,954 1083,955 1109,955 1135,955 1161,955 1186,955 1212,956 1238,956 1264,956 1290,956 1316,956 1342,956 1368,956 1394,956 1420,956"/>
                <TextEquiv>
                    <Unicode>con mis polvos y receta.</Unicode>
                </TextEquiv>
            </TextLine>
            <TextLine id="r_2_1l12" custom="readingOrder {index:11;}">
                <Coords points="968,1084 993,1085 1019,1086 1045,1087 1071,1087 1097,1088 1123,1088 1149,1088 1175,1088 1200,1088 1226,1088 1252,1088 1278,1088 1304,1089 1330,1090 1356,1091 1382,1092 1382,1047 1356,1046 1330,1045 1304,1044 1278,1043 1252,1043 1226,1043 1200,1043 1175,1043 1149,1043 1123,1043 1097,1043 1071,1042 1045,1042 1019,1041 993,1040 968,1039"/>
                <Baseline points="968,1069 993,1070 1019,1071 1045,1072 1071,1072 1097,1073 1123,1073 1149,1073 1175,1073 1200,1073 1226,1073 1252,1073 1278,1073 1304,1074 1330,1075 1356,1076 1382,1077"/>
                <TextEquiv>
                    <Unicode>Salero, mosa cosia,</Unicode>
                </TextEquiv>
            </TextLine>
            <TextLine id="r_2_1l13" custom="readingOrder {index:12;}">
                <Coords points="930,1150 955,1149 981,1149 1007,1148 1033,1148 1058,1148 1084,1148 1110,1149 1136,1149 1162,1149 1187,1149 1213,1150 1239,1150 1265,1150 1291,1150 1316,1150 1342,1150 1368,1150 1394,1149 1420,1148 1420,1103 1394,1104 1368,1105 1342,1105 1316,1105 1291,1105 1265,1105 1239,1105 1213,1105 1187,1104 1162,1104 1136,1104 1110,1104 1084,1103 1058,1103 1033,1103 1007,1103 981,1104 955,1104 930,1105"/>
                <Baseline points="930,1135 955,1134 981,1134 1007,1133 1033,1133 1058,1133 1084,1133 1110,1134 1136,1134 1162,1134 1187,1134 1213,1135 1239,1135 1265,1135 1291,1135 1316,1135 1342,1135 1368,1135 1394,1134 1420,1133"/>
                <TextEquiv>
                    <Unicode>que me tiene osté partio</Unicode>
                </TextEquiv>
            </TextLine>
            <TextLine id="r_2_1l14" custom="readingOrder {index:13;}">
                <Coords points="921,1212 946,1211 972,1211 998,1210 1024,1210 1050,1210 1076,1210 1102,1210 1128,1210 1154,1210 1180,1210 1205,1210 1231,1210 1257,1210 1283,1210 1309,1210 1335,1211 1361,1211 1387,1211 1413,1211 1439,1211 1439,1166 1413,1166 1387,1166 1361,1166 1335,1166 1309,1165 1283,1165 1257,1165 1231,1165 1205,1165 1180,1165 1154,1165 1128,1165 1102,1165 1076,1165 1050,1165 1024,1165 998,1165 972,1166 946,1166 921,1167"/>
                <Baseline points="921,1197 946,1196 972,1196 998,1195 1024,1195 1050,1195 1076,1195 1102,1195 1128,1195 1154,1195 1180,1195 1205,1195 1231,1195 1257,1195 1283,1195 1309,1195 1335,1196 1361,1196 1387,1196 1413,1196 1439,1196"/>
                <TextEquiv>
                    <Unicode>por mitá é la mesma nué.</Unicode>
                </TextEquiv>
            </TextLine>
            <TextLine id="r_2_1l15" custom="readingOrder {index:14;}">
                <Coords points="969,1332 994,1331 1020,1329 1045,1329 1071,1329 1096,1328 1122,1328 1147,1328 1173,1328 1198,1328 1224,1328 1250,1329 1275,1329 1301,1329 1326,1329 1352,1330 1377,1330 1403,1330 1428,1330 1454,1329 1480,1329 1480,1286 1454,1286 1428,1287 1403,1287 1377,1287 1352,1287 1326,1286 1301,1286 1275,1286 1250,1286 1224,1285 1198,1285 1173,1285 1147,1285 1122,1285 1096,1285 1071,1286 1045,1286 1020,1286 994,1288 969,1289"/>
                <Baseline points="969,1318 994,1317 1020,1315 1045,1315 1071,1315 1096,1314 1122,1314 1147,1314 1173,1314 1198,1314 1224,1314 1250,1315 1275,1315 1301,1315 1326,1315 1352,1316 1377,1316 1403,1316 1428,1316 1454,1315 1480,1315"/>
                <TextEquiv>
                    <Unicode>Que me espaturra, judio,</Unicode>
                </TextEquiv>
            </TextLine>
            <TextLine id="r_2_1l16" custom="readingOrder {index:15;}">
                <Coords points="924,1391 949,1390 974,1390 999,1390 1024,1390 1049,1390 1074,1390 1100,1390 1125,1390 1150,1390 1175,1390 1200,1391 1225,1391 1251,1391 1276,1392 1301,1392 1326,1393 1351,1393 1376,1394 1402,1394 1402,1352 1376,1352 1351,1351 1326,1351 1301,1350 1276,1350 1251,1349 1225,1349 1200,1349 1175,1348 1150,1348 1125,1348 1100,1348 1074,1348 1049,1348 1024,1348 999,1348 974,1348 949,1348 924,1349"/>
                <Baseline points="924,1377 949,1376 974,1376 999,1376 1024,1376 1049,1376 1074,1376 1100,1376 1125,1376 1150,1376 1175,1376 1200,1377 1225,1377 1251,1377 1276,1378 1301,1378 1326,1379 1351,1379 1376,1380 1402,1380"/>
                <TextEquiv>
                    <Unicode>te beas de lobos comio,</Unicode>
                </TextEquiv>
            </TextLine>
            <TextLine id="r_2_1l17" custom="readingOrder {index:16;}">
                <Coords points="935,1456 960,1455 986,1453 1011,1453 1037,1452 1062,1452 1088,1452 1113,1452 1139,1452 1164,1452 1190,1452 1216,1453 1241,1453 1267,1453 1292,1453 1318,1453 1343,1453 1369,1453 1394,1452 1420,1452 1446,1451 1446,1409 1420,1410 1394,1410 1369,1411 1343,1411 1318,1411 1292,1411 1267,1411 1241,1411 1216,1411 1190,1410 1164,1410 1139,1410 1113,1410 1088,1410 1062,1410 1037,1410 1011,1411 986,1411 960,1413 935,1414"/>
                <Baseline points="935,1442 960,1441 986,1439 1011,1439 1037,1438 1062,1438 1088,1438 1113,1438 1139,1438 1164,1438 1190,1438 1216,1439 1241,1439 1267,1439 1292,1439 1318,1439 1343,1439 1369,1439 1394,1438 1420,1438 1446,1437"/>
                <TextEquiv>
                    <Unicode>que me vá á robar lebré.</Unicode>
                </TextEquiv>
            </TextLine>
            <TextLine id="r_2_1l18" custom="readingOrder {index:17;}">
                <Coords points="972,1569 997,1569 1023,1570 1049,1570 1075,1570 1100,1570 1126,1570 1152,1570 1178,1570 1203,1570 1229,1570 1255,1569 1281,1569 1306,1569 1332,1569 1358,1570 1384,1570 1384,1531 1358,1531 1332,1530 1306,1530 1281,1530 1255,1530 1229,1531 1203,1531 1178,1531 1152,1531 1126,1531 1100,1531 1075,1531 1049,1531 1023,1531 997,1530 972,1530"/>
                <Baseline points="972,1556 997,1556 1023,1557 1049,1557 1075,1557 1100,1557 1126,1557 1152,1557 1178,1557 1203,1557 1229,1557 1255,1556 1281,1556 1306,1556 1332,1556 1358,1557 1384,1557"/>
                <TextEquiv>
                    <Unicode>Po la cosa va juncá,</Unicode>
                </TextEquiv>
            </TextLine>
            <TextLine id="r_2_1l19" custom="readingOrder {index:18;}">
                <Coords points="923,1624 952,1624 981,1624 1010,1624 1039,1624 1068,1623 1097,1623 1126,1623 1155,1623 1184,1623 1213,1623 1242,1623 1271,1623 1300,1623 1329,1623 1358,1623 1387,1623 1416,1623 1445,1623 1474,1623 1504,1623 1504,1584 1474,1584 1445,1584 1416,1584 1387,1584 1358,1584 1329,1584 1300,1584 1271,1584 1242,1584 1213,1584 1184,1584 1155,1584 1126,1584 1097,1584 1068,1584 1039,1585 1010,1585 981,1585 952,1585 923,1585"/>
                <Baseline points="923,1611 952,1611 981,1611 1010,1611 1039,1611 1068,1610 1097,1610 1126,1610 1155,1610 1184,1610 1213,1610 1242,1610 1271,1610 1300,1610 1329,1610 1358,1610 1387,1610 1416,1610 1445,1610 1474,1610 1504,1610"/>
                <TextEquiv>
                    <Unicode>con mas años que un parmá</Unicode>
                </TextEquiv>
            </TextLine>
            <TextLine id="r_2_1l20" custom="readingOrder {index:19;}">
                <Coords points="920,1689 946,1690 972,1690 998,1690 1024,1690 1050,1690 1076,1690 1102,1690 1128,1690 1154,1689 1180,1689 1206,1689 1232,1688 1258,1688 1284,1688 1310,1688 1336,1689 1362,1689 1389,1691 1389,1646 1362,1644 1336,1644 1310,1643 1284,1643 1258,1643 1232,1643 1206,1644 1180,1644 1154,1644 1128,1645 1102,1645 1076,1645 1050,1645 1024,1645 998,1645 972,1645 946,1645 920,1644"/>
                <Baseline points="920,1674 946,1675 972,1675 998,1675 1024,1675 1050,1675 1076,1675 1102,1675 1128,1675 1154,1674 1180,1674 1206,1674 1232,1673 1258,1673 1284,1673 1310,1673 1336,1674 1362,1674 1389,1676"/>
                <TextEquiv>
                    <Unicode>y me camela er fransé.</Unicode>
                </TextEquiv>
            </TextLine>
            <TextEquiv>
                <Unicode>si lo que pilla en tus manos
lo espilfarra en cá Albarito.
Po señó lachó va el dia,
hoy han trincao estas manos
veinte y hocho mejicanos.
¡Valiente gracia es la mia!
Se han creio los gaché
que el mengue es el algun profeta
y le ha afanao el parné:
es la fija, chachipé:
con mis polvos y receta.
Salero, mosa cosia,
que me tiene osté partio
por mitá é la mesma nué.
Que me espaturra, judio,
te beas de lobos comio,
que me vá á robar lebré.
Po la cosa va juncá,
con mas años que un parmá
y me camela er fransé.</Unicode>
            </TextEquiv>
        </TextRegion>
        <TextRegion orientation="0.0" type="paragraph" id="region_1607087640399_2439" custom="readingOrder {index:2;} structure {type:paragraph;}">
            <Coords points="783,1835 1022,1835 1022,1986 783,1986"/>
            <TextLine id="region_1607087640399_2439l1" custom="readingOrder {index:0;}">
                <Coords points="794,2017 821,2018 849,2018 877,2019 905,2019 933,2019 961,2019 989,2019 1017,2018 1017,1868 989,1869 961,1869 933,1869 905,1869 877,1869 849,1868 821,1868 794,1867"/>
                <Baseline points="794,1967 821,1968 849,1968 877,1969 905,1969 933,1969 961,1969 989,1969 1017,1968"/>
                <TextEquiv>
                    <Unicode>FIN.</Unicode>
                </TextEquiv>
            </TextLine>
            <TextEquiv>
                <Unicode>FIN.</Unicode>
            </TextEquiv>
        </TextRegion>
        <TextRegion orientation="0.0" type="paragraph" id="r_6_1" custom="readingOrder {index:3;}">
            <Coords points="201,2156 1575,2156 1575,2283 201,2283"/>
            <TextLine id="r_6_1l1" custom="readingOrder {index:0;}">
                <Coords points="689,2222 715,2222 742,2222 768,2223 795,2223 821,2223 848,2223 874,2222 901,2222 927,2222 954,2221 980,2221 1007,2220 1033,2220 1060,2220 1086,2220 1113,2219 1113,2180 1086,2181 1060,2181 1033,2181 1007,2181 980,2182 954,2182 927,2183 901,2183 874,2183 848,2184 821,2184 795,2184 768,2184 742,2183 715,2183 689,2183"/>
                <Baseline points="689,2209 715,2209 742,2209 768,2210 795,2210 821,2210 848,2210 874,2209 901,2209 927,2209 954,2208 980,2208 1007,2207 1033,2207 1060,2207 1086,2207 1113,2206"/>
                <TextEquiv>
                    <Unicode>CARMONA;—1866</Unicode>
                </TextEquiv>
            </TextLine>
            <TextLine id="r_6_1l2" custom="readingOrder {index:1;}">
                <Coords points="206,2273 274,2274 342,2275 410,2275 478,2276 546,2276 614,2277 683,2277 751,2277 819,2277 887,2277 955,2277 1023,2277 1091,2277 1160,2277 1228,2276 1296,2276 1364,2276 1432,2276 1500,2276 1569,2275 1569,2236 1500,2237 1432,2237 1364,2237 1296,2237 1228,2237 1160,2238 1091,2238 1023,2238 955,2238 887,2238 819,2238 751,2238 683,2238 614,2238 546,2237 478,2237 410,2236 342,2236 274,2235 206,2234"/>
                <Baseline points="206,2260 274,2261 342,2262 410,2262 478,2263 546,2263 614,2264 683,2264 751,2264 819,2264 887,2264 955,2264 1023,2264 1091,2264 1160,2264 1228,2263 1296,2263 1364,2263 1432,2263 1500,2263 1569,2262"/>
                <TextEquiv>
                    <Unicode>Imp. y librería de D. José María Moreno, Madre de Dios, núm. 1.</Unicode>
                </TextEquiv>
            </TextLine>
            <TextEquiv>
                <Unicode>CARMONA;—1866
Imp. y librería de D. José María Moreno, Madre de Dios, núm. 1.</Unicode>
            </TextEquiv>
        </TextRegion>
    </Page>
</PcGts>
