1737 2508
1360 126 1382 278 3
91 248 560 296 Yo soy Curro Boleones,
84 311 520 357 hijo de Coní, estasté?
85 373 599 421 y en la playa me espeché
80 435 562 486 con lapas y camarones.
144 551 608 602 Y me bautizé en la má,
87 614 513 663 pescaó he sio é caña,
81 675 511 725 cara bonita, está osté
86 737 511 787 tendré yo para queré
81 802 644 850 pacencia en estas entrañas?
131 927 603 975 Si osté quié á esa mujé
84 989 547 1043 le esago á osté la jeta,
85 1053 441 1102 échese osté fuera
81 1114 479 1165 y le arrojo á osté...
78 1178 756 1231 Dios mio, como un pliego de papel.
133 1294 478 1344 Esta es otra velá
85 1357 466 1405 y daré una puñalá,
91 1417 522 1469 y se acabó la funcion:
93 1481 676 1534 que me cuesta á mi, so moso?
93 1545 573 1595 Estáste loco ó soñando?
82 1605 608 1662 De risa estoy reventando,
91 1669 623 1725 al verlo á oste tan furioso.
139 1786 568 1841 Esa mujé me camela
87 1848 648 1906 porque no hay otro camino,
87 1911 641 1969 si á la fuerza soy mas fino,
89 1974 580 2028 que la asuca y la canela.
141 2095 568 2148 Una vez fuí á Manila
83 2157 625 2211 en dos horas y un minuto.
89 2218 627 2274 Hombrel no sea osté bruto,
82 2282 576 2338 no me jaga osté tan lila.
855 249 1312 305 Mentiroso, fanfarron,.
798 314 1382 366 le voy á dá á osté una mojá,
811 379 1309 426 que pa encontrá la quijá
802 442 1377 490 va á ser menesté un pregon.
853 575 1312 626 No jaga osté diabluras;
805 635 1326 687 sino es porqué tú lo dice,
805 699 1349 748 iba á echar por las narices
801 763 1207 810 un peaso de asaura.
861 903 1416 952 Quié osté irse ya, tio Cosca?
799 965 1405 1018 Si es que tengo yo que icir...
806 1028 1325 1076 po venga osté luego aquí,
807 1091 1348 1139 que paese osté una mosca.
860 1228 1190 1268 Estaria yo enfao
810 1280 1304 1322 cuando me tiré un bocao
805 1338 1370 1388 yo mesmo en mitá la frente.
852 1470 1323 1520 Me convia osté patron?
809 1534 1384 1586 por que nó, sol de los soles,
807 1598 1320 1646 me se dán tres caracoles,
810 1660 1312 1708 er dar por tí er corazon.
862 1790 1091 1836 Bien jablao
806 1854 1058 1900 cara é rosa,
817 1916 1079 1959 quiere turron
812 1973 1122 2019 ó quiè mistela,
815 2033 1316 2082 ó quié arfajó ú viscotela.
871 2167 1466 2213 Que te pie el cuerpo, jermosa?
802 2228 1221 2277 me pie cosa picante,
802 2292 1332 2340 lo entendiste, chaborcillo,
