1677 2452
232 150 263 191 2
139 200 511 247 eon la cabeza sacá
142 264 592 314 pa que se rian de osté.
202 372 698 421 Quien es osté? se pue isí:
135 426 597 484 yo soy Pepe Tremenda
139 494 518 545 aquí y en Vallaolí,
135 557 676 609 un mozo como un palmito.
133 620 728 674 que con el mejó me apuesto,
139 682 686 740 y templao, y por supuesto,
134 744 609 801 á ver un cuerpo bonito,
132 814 612 868 fortunita me jago tiesto.
150 921 808 975 Quemo ma que el jierro ardiendo,
132 987 679 1039 hecho ma fuego que el só,
135 1049 735 1106 y siempre estoy yo queriendo
143 1118 618 1168 largá puñalá en viendo
134 1186 533 1237 otro moso como yó.
187 1291 792 1346 Me está osté metiendo un mieo
138 1360 632 1411 que ya... Que sí, candí,
143 1427 630 1483 te apagaste, te encendí;
139 1495 711 1549 sabes que estoy mas quemao
131 1562 652 1616 que lo jierro de un fogon.
181 1676 659 1731 Compare, aquello pasó:
129 1743 626 1798 es una cosa mas grande
135 1803 599 1856 que la pagará al chavó:
139 1863 593 1916 yo me fi con una moza
133 1929 601 1985 á la tienda del Ostrion.
177 2038 746 2091 Escuche osté, Juan Ramon:
135 2099 655 2149 el montañés la otra noche
133 2156 547 2208 el gallo me levantó,
146 2220 620 2273 porque le colé una mota,
856 200 1224 253 de papalina, señó.
909 306 1358 359 Y le arrié una moscá
867 374 1427 426 y le entró al pobre un dolo,
863 440 1437 494 de un colmillo, que al golpe
861 505 1251 558 de la boca le salió.
915 609 1537 666 Como el muchacho es mu ganzo
857 678 1310 730 sacó ebajo er mostraó
854 745 1409 795 un trabuco y prum! un tiro
863 810 1258 861 en la jeta me arrió:
861 876 1342 931 por la boca comí anises,
853 940 1340 1001 destas jago muchas yó,
901 1045 1198 1103 Don futraque,
856 1114 1444 1171 si lo cojo á osté po er fraque,
858 1182 1292 1236 cojo angilas con osté,
865 1247 1414 1304 cuando yo andaba, fortuna,
863 1312 1384 1373 en el contrabando un dia,
862 1378 1396 1437 vino á mí una escampabia.
918 1494 1209 1550 No era de dia
861 1565 1152 1614 que jacia luna;
867 1629 1299 1677 pues señó le ejé venir
854 1688 1241 1740 y le jise así riendo
857 1754 1284 1803 otabia está corriendo
861 1819 1300 1868 del dentaso que le dí.
902 1924 1373 1973 Le dí á Curro Rejones
871 1987 1348 2039 en la chirola con esta...
861 2053 1266 2105 y le salió la cabeza,
861 2121 1414 2173 por la cruz de los calzones.
909 2223 1232 2275 Y quién es osté?
