1737 2508
1163 135 1423 288 Número 279.
522 1184 1108 1340 RELACION ANDALEZA.
237 1455 1418 1549 EL TREMENDO.
187 1759 803 1805 Quién vá á Cai? que me guillo!
127 1821 564 1869 Piñone como melone!
128 1884 689 1932 Camarones, quien quié má:
124 1948 712 1994 salero, se quié osté embaicá?
130 2010 588 2058 Me mareo é la cabesa.
131 2074 701 2121 Quiée osté quizá una caleza?
130 2136 671 2185 No, que la vá osté á voicá.
144 2258 714 2313 Que jase osté, so mostrenco?
854 1752 1306 1800 Sino estuviera ocupao,
850 1814 1364 1864 ahora en la embaicacion,
851 1875 1299 1926 subia y de un gofeton
850 1938 1356 1989 lo dejaba á osté estripao
850 2000 1393 2054 lo mesmito que un pichon.
898 2126 1473 2177 Si le doy á osté una moscá,
850 2188 1422 2243 lo embuto á osté en la paré
847 2256 1252 2312 y lo ejo po un divé,
