1338 1751
1141 0 1174 134 7
283 92 865 147 no nos ha de costar blanca:
228 155 1022 212 Homb. 2. No alcanzaran un bocado.
233 219 1096 276 Homb. 1. Como están lejos no alcanzan.
233 284 1064 338 Homb. 2. Señor huésped no sea corto.
220 345 986 402 Homb. 1. El no responde palabra.
233 409 815 463 Homb. 2. Bebamos Pedro.
224 472 666 525 Homb. 1. Bebamos,
277 540 850 593 y buen provecho nos haga;
290 602 797 654 quiero brindar á la niña.
230 664 994 722 Homb. 2. Toma esa presa, aldeana,
278 726 770 782 sol divino de esta aldea,
225 788 1126 850 Homb. 1. Para qué? no hay que porfiarla.
278 849 878 909 Ya que he cenado, pretendo,
273 914 833 973 que esa labradora honrada
276 975 672 1034 me enseñe su casa.
222 1039 602 1090 Homb. 2. Como?
221 1102 948 1164 Homb. 1. Enseñándome su cama.
213 1166 969 1229 Homb. 2. Por cierto lindas llanezas
267 1228 748 1286 se gastan en esta casa.
225 1290 1039 1356 Homb. 1. Quiero picarle á este necio.
272 1354 724 1414 Labradora de mi vida,
266 1417 752 1478 Labradora de mi alma,
270 1479 961 1545 vive Dios que es bueno el cuento.
