1217 1760
157 143 196 200 6
190 213 720 269 dá una vuelta á la cocina,
186 277 636 330 y revuelveles la casa;
196 338 749 392 picarle quiero á este necio.
191 400 663 457 Labradora de mi alma;
188 463 730 518 pues á los zelos no vuelve
190 525 854 587 de que hable no hay esperanza.
135 592 1035 653 Sale Hombre. Z. El ganado está cenaado
191 655 655 713 de muy bonísima gana
187 718 770 780 á discreccion cuanto quiere,
182 787 699 837 y una olla no muy mala
190 847 664 902 he topado en la cocina.
133 971 1092 1032 Saca una mesa con pan, vino y un puchero
463 1038 754 1089 con bizcochos.
132 1143 902 1204 Homb. 1. Pedro, acá fuera la saca.
124 1206 911 1269 Homb. 2. Ya esta como dijo el otro
175 1270 710 1329 el pucherillo en campaña,
172 1332 772 1395 resta el pan, y el vino resta,
184 1398 744 1454 y buen provecho nos haga.
132 1461 952 1523 Homó. 1. Que famoso está el caldillo.
126 1523 828 1579 Homò: 2. La olla esta sazonada.
120 1588 938 1649 Homb. 1. Y añade, que sobre buena,
