1338 1751
1161 134 1199 184 5
296 193 752 242 Pedro, qué harémos?
251 258 618 306 Homb. 2. Nada,
302 320 990 369 porque deste meson está cerrada
306 382 1201 432 la puerta, y no ha querido el muy grosero,
302 444 1001 494 berganton, picaron del mesonero
309 508 1080 556 abrir ni responder, y me he cansado,
301 571 1204 620 porque á golpes la puerta le he quebrado.
260 635 983 685 Homb. 1. Parece que está abierta
312 697 980 746 de esotra casa la vecina puerta,
309 760 1077 809 y una luz se descubre de buen porte.
244 824 1214 874 H. 2. Ella ha de ser sin duda nuestro norte.
517 959 944 1010 Salen los dos.
311 1068 895 1120 Ha de casa, señor huésped,
309 1132 893 1183 habrá en la vuestra posada,
322 1199 1002 1245 que en el lugar no es posible por
319 1261 789 1304 ningun dinero hallarla?
266 1324 1069 1372 Homb. 2. Qué tiesos son los villanos,
320 1386 934 1433 aun ha hablar no se levantan.
262 1450 1064 1498 Homb. 1. Si es burla, basta la burla,
321 1512 949 1559 si es chanza, basta la chanza.
318 1574 576 1626 Pedro anda,
