1289 1751
1004 175 1014 235 3
310 226 834 297 Sale la Graciosa.
99 336 1054 407 Grac.a Que me haya dado Dios de conocido,
146 400 912 467 un bestiaza, un zamarro por marido,
144 465 830 525 tan porfiado y con tal majadería,
145 529 816 588 que se está porfiando todo el dia
154 591 626 648 con el género humano,
145 653 798 713 bonito es para porfiar en vano;
150 717 944 785 mas nostánte en porfias le he ganado,
138 780 430 839 la misma soy.
307 914 830 984 Sale el Gracioso.
88 1021 658 1085 Gracioso. Dios sea loado.
89 1085 764 1151 Graciosa. Marido, bien venido.
95 1149 964 1218 Grac.o Como lo puede ser nunca marido.
95 1211 594 1270 Graciosa. Eso malicias?
91 1275 668 1336 Gracioso. Y ella la casada.
95 1339 934 1409 Grac.A Mejor fuera la viuda malograda.
91 1405 863 1467 Gracioso. Que ella es la muger mia?
85 1467 674 1528 Graciosa. Por mis pecados.
92 1530 658 1588 Gravioso. Ya pasó ese dia.
87 1596 560 1652 Graciosa. Casamonos.
