1283 1743
244 137 264 174 4
218 186 900 232 Gracioso. Aqui el juicio pierdo;
270 244 547 292 vos conmigo?
211 304 506 356 Graciosa. Sí.
217 372 900 423 Gracioso. Pues no me acuerdo.
223 435 1094 488 Grac.a Dejémos de la porfia la bambolla,
269 500 733 549 y tratemos de la olla.
221 562 900 614 Gracioso. Eso me dá mas pena;
274 625 1054 674 no hay sino que tratemos de la cena:
276 688 1178 737 Cerrad la puerta, que yo no la he cerrado
269 754 1000 801 porque no pude por venir mojado.
233 817 1074 863 Graciosa. No es bien que en mí se halle
273 879 1022 926 la falta de bajar siempre á la calle.
276 941 552 990 Cerradla vos.
225 1006 1100 1053 Gracioso. Cerradla, no seais ya porfiada.
225 1067 1172 1116 Grac.a El cerrar yo la puerta no me agrada.
229 1131 1182 1179 Grac.o Hagamos un concierto mano á mano.
230 1195 1149 1245 Grac.a Digo que desde luego yo me allano.
222 1260 1188 1305 Grac.o De quesierre la puerta, ó que la abra,
288 1321 1042 1368 el primero que habláre una palabra.
232 1385 951 1431 Graciosa. Quede la ley impuesta.
231 1447 1184 1493 Grac.o Veamos cual de los dos gana la apuesta.
237 1509 1121 1557 Dentr. Homb. 1. El agua se acrecienta,
271 1572 1087 1625 no se ha visto jamas mayor tormenta:
