1653 2436
1564 151 1604 192 3
231 218 680 262 y la Cruz en que murió
235 268 798 307 que fué de tres palos hecha;
239 316 768 356 que llevándole al Calvario
240 366 738 403 cayó tres veces con ella,
232 411 702 452 para que túno cayeses
231 459 767 500 en las profundas cabernas;
239 509 783 549 que limpiado con un lienzo
231 557 797 596 su Rostro, nos dejó impresa
239 605 791 644 tres Verónicas, que hoy dia
239 654 773 692 en el mundo se conservan:
239 702 778 740 que fué clavado en la Cruz
244 750 846 788 con tres clavos sin clemencia,
240 797 742 836 y le dieron tres barrenos
236 848 821 887 por donde los clavos entran;
244 896 827 935 que estando al pié de la Cruz
245 944 688 981 pasó la sagrada Reina
247 992 763 1029 tres grandes necesidades
248 1042 758 1079 todas de congojas llenas:
246 1090 698 1127 que bajaron de la Cruz
247 1138 681 1174 á la difunta inocencia
247 1186 816 1223 tres varones y en los brazos
251 1235 816 1272 de su Madre se lo entregan:
245 1283 755 1320 que pusieron al sepulcro
255 1330 783 1368 tres guardias, y considera
253 1379 835 1418 que estando tres dias dentro
251 1430 839 1466 salió sin que ellos le vieran:
250 1476 739 1515 que salieron á buscarle
257 1526 840 1562 tres Marias con gran priesa,
260 1575 869 1611 que el que va buscando á Dios
247 1622 812 1659 no es razon que se detenga.
250 1669 748 1707 Esto es del número tres
261 1718 857 1755 el grande valor que encierra,
253 1766 916 1803 sí al formarle en cualquier parte
259 1816 751 1852 con amor lo consideras.
249 1864 772 1901 Al poner el cuarto, mira
253 1912 903 1950 cuatro Evangelios que enseñan
264 1961 781 1997 con claridad muy patente
255 2010 792 2045 de Dios la ley verdadera.
266 2059 876 2096 Que hubo cuatro evangelistas,
261 2107 892 2143 que escribieron con prudencia,
263 2155 808 2192 siendo de Dios alumbrados
960 216 1458 252 las sacras divinas letras.
960 264 1504 300 Que crió cuatro elementos
961 312 1586 348 con que el mundo se conserva
961 362 1595 397 y que el año en cuatro tiempos
956 410 1441 445 se parte sin diferencia;
967 458 1574 493 que tu tienes cuatro humores
959 506 1574 541 que cuatro edades te esperan
967 554 1435 589 para vivir en el mundo
968 602 1500 639 si acaso á ser viejo llegas.
971 651 1487 687 Contemplarás en el cinco
967 700 1514 738 que la Santa Madre Iglesia,
968 747 1533 783 con sus cinco Mandamientos
971 797 1532 833 te manda que lo obedezcas,
972 845 1524 882 que aquesos cinco sentidos
976 895 1462 930 que tienes en la cabeza,
972 941 1426 977 son para servir à Dios
976 990 1463 1026 con humilde reverencia;
977 1038 1542 1073 que dejó Cristo en su cuerpo
977 1086 1523 1123 cinco llagas, porque puedas
974 1135 1446 1171 conocer el grande amor
977 1184 1512 1220 quele oblígo á padecerlas.
968 1233 1442 1267 Al poner el seis, diras,
978 1280 1484 1315 que seis mil millones sea
975 1329 1398 1363 bendecida y alabada
981 1377 1517 1413 de Dios la suma grandeza.
975 1425 1358 1460 Al siete conocerás
983 1473 1520 1509 que la santa Madre Iglesia
975 1522 1485 1557 te dá siete Sacramentos
985 1571 1457 1608 para que te fortalezcas;
982 1619 1606 1654 que hay siete culpas mortales
981 1667 1603 1702 y que es menester que tengas
983 1716 1494 1751 siete virtudes que estan
987 1763 1589 1800 contra estos vicios opuestas:
983 1813 1454 1848 que dijo síete palabras
994 1862 1618 1897 Cristo en la Cruz cuando cerca
985 1909 1403 1945 estaba para espirar
993 1958 1475 1995 por redimir tus ofensas.
989 2007 1452 2042 Aquellos siete dolores
995 2057 1477 2093 de la Virgen considera,
988 2106 1496 2141 cuyas penetradas puntas
990 2154 1437 2190 el corazon atraviesan
