1668 2388
617 925 1022 975 SEGUNDA PARTE.
119 1020 1526 1060 Que contiene del modo que se ha de sumar la cuenta para no lle-
496 1068 1152 1106 varla errada al tribunal de Dios.
162 1168 700 1208 Habiendo, lector discreto,
117 1217 591 1253 prometido de la cuenta
124 1266 581 1303 sacarla segunda parte,
122 1315 650 1350 quiero cumplir la promesa.
120 1362 546 1399 Lo primero, declarar
117 1411 655 1447 es la suma de esta cuenta,
119 1459 716 1498 que despues de estar sumada
120 1506 606 1543 le sacaremos la prueba.
120 1554 646 1595 Suma pues, lector amigo,
122 1602 660 1645 de Dios la suma grandeza,
124 1650 570 1692 el poder, la magestad,
124 1702 618 1740 el saber, la providencia:
120 1748 642 1788 el grande amor, la piedad,
121 1799 715 1837 la mansedumbre y paciencia;
123 1847 734 1884 y en fin que es incomprensible
122 1895 616 1934 porque nadie lo penetra.
115 1944 558 1982 Si lo sumas poderoso,
124 1992 670 2030 mira al cielo, á las estrellas,
123 2041 652 2081 al sol, la luna, los astros,
121 2089 593 2128 con todos esos planetas.
118 2136 584 2178 Verás unaarquitectura,
844 1171 1290 1206 cuya fábrica opulenta
843 1220 1497 1256 dá á entender con su hermosura
850 1268 1405 1306 que solo Dios pudo hacerla.
846 1316 1304 1351 Si miras con atencion
844 1364 1302 1400 al circulo de la tierra,
845 1411 1382 1451 verás las gentes, las aves,
849 1461 1398 1497 los frutos, las menudencias
844 1507 1352 1547 de pequeñuelos gusanos,
843 1556 1312 1593 cuya multitud sustenta
844 1607 1422 1641 el poder de Dios, que el solo
843 1654 1388 1691 es quien sustentarlo pueda.
843 1703 1305 1739 Sí le sumas sábio, mira
846 1752 1346 1789 y ten por cosa muy cierta
843 1798 1441 1836 que el pensamiento mas leve
851 1850 1407 1885 no se escapa de su ciencia.
847 1898 1273 1933 Si lo sumas amoroso,
848 1947 1336 1982 con humildad considera
850 1994 1327 2031 que de tu amor obligado
851 2044 1311 2079 dió la vida con afrenta.
847 2090 1365 2129 Si piadoso, ¿dónde pudo
852 2139 1392 2177 caber piedad que ofreciera
