1640 2456
1215 174 1480 329 Número 198.
331 1593 1488 1748 EL CONTADOR ESPIRITUAL.
209 1758 1614 1795 Que contiene un nuevo y curioso romance declarando por los números lo
211 1804 1614 1840 que debe contemplar para no errar la cuenta que cada uno hemos de dar
535 1848 1286 1883 de nuestra vida en el tribunal de Dios.
719 1908 1103 2059 PRIMERA PARTE.
252 2074 708 2113 Habiendo considerado
216 2125 888 2163 que á Dios hemos de dar cuenta,
218 2174 702 2211 quisiera para no errarla
219 2221 705 2261 haceruna cuenta nueva;
931 2076 1451 2112 lo que con ella pretendo
939 2126 1508 2162 es dar á entender que sepan
930 2174 1490 2210 lo que se ha de contemplar
934 2224 1494 2259 en los números de cuenta.
