1680 2388
207 242 253 283 8
166 298 772 339 que en pies, manos y costado
165 346 690 386 están las puertas abiertas.
166 394 732 434 Mira que es Pastor que sabe
164 442 637 483 recoger bien sus ovejas
160 489 771 533 que las compró con su sangre
168 540 692 577 y siente mucho perderlas
162 587 622 627 llégate contrito y dile:
164 636 724 677 sacro Rey del cíelo y tierra,
162 685 650 723 de yo haberos ofendido
159 734 690 772 una y mil veces me pesa:
170 781 692 820 prometo de aqui adelante
167 830 750 868 de mis pecados lá enmienda
163 877 592 916 ayudado de la gracia
159 926 733 965 de vuestra bondad inmensa.
163 975 808 1014 Muchas son, Señor, mis culpas,
168 1024 707 1063 mas tengo por cosa cietar,
169 1072 804 1113 que por muchas que ellas sean
172 1120 746 1159 es mayor vuestra clemencia.
162 1168 682 1208 Amparadmé, gran Señor,
167 1216 668 1255 de aquel lobo que desea
167 1264 712 1304 comerme, puesto que soís
171 1313 685 1351 Vos Pastor, y yo la oveja.
167 1362 692 1399 No permitais, Jesus mio,
169 1410 660 1450 que tal mi desdicha sea,
175 1458 728 1497 pues por no ampararme Vos
169 1507 739 1546 él me coja entre sus presas.
163 1555 699 1595 Pongo por mi intercesora
170 1604 656 1643 con Vos para mi defensa
164 1654 647 1691 á vuestra divina Madre,
163 1701 806 1740 que es del cielo y tierra Reina,
173 1749 705 1789 que yo tengo por sin duda
177 1798 716 1838 que sumaré bien la cuenta
176 1845 642 1885 que tengo de dár á Vos
173 1896 659 1933 como ella me favorezca.
163 1944 666 1981 Reina de las gerarquias,
172 1993 659 2031 cuya magestad celebran
166 2044 695 2080 las querubicas escuadras,
894 295 1332 332 divinas inteligencias;
892 344 1386 379 que seais mi protectora,
885 391 1427 427 humilde mi amor os ruega
899 440 1378 475 para que Dios me recoja
893 490 1451 526 y porque yo no me pierda,
887 538 1466 574 que yo tambien os prometo,
896 584 1390 619 en tanto que vida tenga,
897 632 1371 667 de rezar vuestro rosario
888 681 1390 717 con fervor y reverencia.
896 730 1458 767 Aquesta es, lector discreto,
888 779 1448 815 la suma de aquesta cuenta,
894 825 1368 862 y ya que la suma sabes
893 874 1404 909 te quiero decir la prueba.
900 921 1420 958 ¿Cuántos bienaventurados
899 971 1435 1007 gozan de Dios la presencia
897 1018 1410 1055 porque dijeron las culpas
899 1067 1375 1103 buscando la penitencia?
903 1115 1471 1151 ¿Cuántos perdíeron las vidas
897 1164 1436 1200 al rigor de la inclemencia
894 1212 1405 1248 de bárbaros que querian
895 1260 1365 1296 reducirlos á las sectas?
901 1309 1423 1349 ¡Qué dolores! ¡qué fatigas!
911 1358 1438 1392 ¡qué trabajos, y qué peñas
893 1405 1393 1442 los mártires padecieron
901 1453 1525 1491 por no errar aquestas cuentas!
892 1505 1382 1539 La prueba saldrá cabal,
895 1551 1347 1587 si se mira y considera
897 1599 1508 1637 que el que la acierta, se salva,
898 1647 1448 1684 y se pierde el que la yerra.
891 1694 1459 1733 Ama á Dios, deja el pecado
903 1744 1454 1782 que asi la cuenta es cierta,
899 1794 1422 1830 que amar á Dios sin pecar
897 1842 1387 1879 les la verdadera prueba.
897 1891 1316 1927 Aquí, discrito lector
900 1937 1456 1975 la suma de aquesta cuenta
898 1986 1384 2024 dá fin, pidiendo perdon
896 2037 1368 2073 las faltas de mi rudeza.
831 2134 929 2172 FIN.
184 2151 1578 2312 CARMONA;—1857. Imp. de D. J. M. M. calle Juan de la Cabra n, 5.
