1765 2512
318 202 359 263 6
218 270 701 309 la vida siendo tú el reo
221 319 735 356 para que tú no murieras?
216 367 738 404 Si paciente, ¿donde pudo
225 416 730 452 tan invencible paciencia,
227 463 715 502 que te ofrece beneficios
228 512 784 549 cuando tú le haces ofensas?
225 561 663 598 Si lo sumas justiciero,
223 610 795 645 tendrás por cosa muy cierta
229 659 701 697 que dejára de ser Dios
224 708 788 741 antes que injusticia hiciera.
232 755 820 792 Si incomprensible, no dudes
228 803 778 842 que es imposible que pueda
227 852 754 889 comprenderle cosa alguna
234 900 842 939 ni en los cielos ni en la tierra.
223 949 814 990 Sumando de Dios lo grande,
232 997 674 1038 sumarás de tu bajeza,
224 1046 696 1086 lo débil, lo quebradizo,
223 1094 631 1133 la frágil naturaleza
231 1144 747 1181 el poco caudal que tienes:
226 1193 800 1234 pues si bien lo consideras,
230 1241 770 1280 no hay cosa que sea tuya,
236 1289 744 1327 sino es que la culpa sea.
237 1337 731 1375 Suma ahora la distancia
237 1388 820 1425 que hay de la suma grandeza
237 1436 706 1472 de Dios á la poquedad
240 1484 704 1523 de tu sobrada miseria,
235 1534 717 1573 y en sumándola podrás
232 1583 734 1622 afrentarte de vergüenza,
236 1631 880 1669 de que ofenda á un Dios tan gran
232 1680 707 1717 una cosa tan pequeña.
237 1728 663 1765 Ahora podrás sumar
238 1778 870 1815 que siempre que ingrato pecas,
240 1827 760 1866 à donde quiera que estás,
238 1877 778 1912 está Dios en tu presencia.
240 1924 762 1963 Dios está en todo lugar,
236 1972 662 2008 asi la fé nos enseña;
237 2020 852 2059 con que estará con el hombre
240 2069 736 2106 adonde quiera que peca.
238 2117 792 2158 Dios es puro é impecable,
234 2167 768 2206 la culpa es horrible y fea,
237 2216 795 2256 pues mira, ¿qué dirá Dios
956 263 1540 298 cuando en su presencia pecas?
962 312 1474 348 Deja el pecado, cristiano,
952 360 1528 398 mira que es tu conveniencia,
949 407 1452 443 que en pecar ó no pecar
956 456 1446 491 está tú gloria ó tú pena.
956 503 1490 540 Suma ahora de tus culpas
956 553 1442 589 la cantidad con presteza
959 600 1366 637 las dirás al confesor
964 649 1514 687 con propósito de enmienda.
955 697 1458 733 Deja los vanos deleites
967 747 1407 783 y busca la penitencia,
967 796 1455 832 pues para subir al cielo
966 844 1460 878 es la mas firme escalcra.
959 892 1557 928 Repara que un monte espeso
957 941 1457 977 en sus entrañas encierra
963 990 1472 1027 zarzas, abrojos y espinos
968 1038 1506 1075 con otras muchas malezas,
969 1087 1513 1123 y que un labrador le tala,
964 1136 1556 1173 le arranca, destruye y quema,
968 1184 1410 1220 le cultiva, y cultivado,
967 1231 1545 1269 de hermoso trigo le siembra,
969 1281 1517 1321 y aquel que antes amparaba
965 1331 1512 1366 en sus concabos las fieras,
965 1377 1500 1415 ahora dá trigo hermoso
972 1426 1546 1464 con que el trigo se sustenta;
975 1475 1531 1514 pues tala, quema y arranca
975 1524 1533 1562 de tu gran Dios las ofensas,
974 1571 1414 1612 y cultivate á ti mismo
971 1621 1431 1662 con áspera penitencia.
980 1668 1499 1709 Siembra luego de virtudes
982 1719 1472 1756 tu alma, no te detengas,
973 1768 1594 1807 que siempre sembrar temprano
969 1817 1471 1855 suele ser mejor cosecha.
971 1864 1483 1902 Dos cosas quiero pedirte
988 1913 1592 1953 porque en memoria las tengas,
982 1961 1461 2000 que como no las olvides
983 2010 1525 2048 serán para tí muy buenas.
979 2059 1600 2102 Que has de ser antorcha ó leño
977 2108 1497 2149 te quiero decir que sépas,
973 2157 1505 2197 leño, si el pecado sigues,
981 2204 1509 2245 bella antorcha, si le dejas
