1765 2512
168 276 210 310 2
123 319 720 360 Pongo el uno: luego al punto
128 367 686 410 con mucho amor considera
137 417 712 458 que hay un solo Dios, que es
137 465 717 505 quien crió el cielo y la tierra;
141 513 708 554 que hay sola una Virgen pura
134 562 646 601 á quien no tocó la deuda
139 611 532 649 del pecado original
145 659 629 702 que cometió Adan y Eva
137 708 733 751 que en todo el mundo no hay
135 757 695 795 mas que una ley verdadera,
139 803 703 848 que es la ley de Jesucristo,
143 852 733 896 porque las demás son sectas;
145 900 715 941 que hay una gloria no mas,
148 948 635 989 un purgatorio de penas,
143 996 723 1040 y un infierno donde siempre
143 1045 673 1086 los demonios atormentan.
139 1093 613 1133 La cuenta saldrá cabal
147 1140 703 1181 si es que asi lo consideras,
149 1189 623 1231 porque por otro camino
149 1238 666 1277 no sé si te saldrá cierta.
149 1284 713 1325 Pon el dos, y luego al punto
149 1335 695 1376 quetienes dos ojos piensa,
155 1381 645 1424 para no ver cosas malas
159 1431 659 1471 si para ver cosas buenas;
163 1480 695 1519 que Dios te dió dos oidos,
155 1528 645 1567 porque con ellos oyeras
155 1578 670 1616 del predicador las voces,
162 1623 719 1664 del confesor las sentencias:
167 1671 771 1714 que tienes tambien dos labios,
167 1720 733 1762 para que pronunciar puedas
165 1768 756 1810 las cosas de Dios bien claras
164 1820 687 1859 como loson ellas mismas;
161 1865 679 1910 que tienes en las nárices
163 1913 759 1956 dos ventanas con que huelas
170 1963 649 2005 de la gloria la fragancia
167 2012 710 2052 ó el hedor de las cabernas;
170 2057 781 2102 que tienes tambien dos manos
175 2109 663 2151 para remediar con ellas,
171 2158 629 2196 si acaso fuese posible,
175 2205 688 2245 del prógimo las miserias;
170 2254 711 2295 dos pies para que camines
858 310 1324 349 por la verdadera senda,
859 357 1337 398 huyendo del precipicio
855 407 1317 446 que la culpa teacarrea.
853 453 1481 494 Esto es lo que el dos contiene,
862 502 1382 541 y sabrás que se aumentan
857 550 1401 591 sumando de aquesta suerte
863 598 1375 638 dos millones de riquezas.
857 647 1377 687 Al porner el tres, te digo
867 694 1495 737 que es fuerza que te detengas,
869 743 1309 786 por ser el numero tres
871 792 1407 832 el que mas valor encierra.
865 840 1407 880 Contemplarás en principio
867 889 1369 928 con humilde reverencia
867 936 1372 978 las tres divinas personas
875 985 1365 1025 de la Trinidad inmensa:
875 1033 1395 1074 luego, que tienes un alma
873 1083 1415 1121 formada de tres potencias,
873 1129 1443 1172 pero que hay tres enemigos
883 1177 1511 1220 que han de combatir con ellas;
876 1224 1501 1268 que han de tener tres virtudes
887 1274 1421 1315 para que nunca la venzan:
877 1325 1393 1364 Fé, Esperanza y Caridad,
880 1370 1421 1411 armas con que se defienda.
893 1419 1412 1460 Que recien nacido Cristo,
891 1467 1353 1507 vinieron con diligencia
895 1515 1319 1557 tres reyes á visitarlo
889 1561 1425 1606 y á ofrecerle tres ofrendas:
891 1609 1429 1654 que subió á transfigurarse
887 1658 1361 1702 al Tabor, y con él lleva
889 1705 1435 1748 tres díscipulos que fuesen
893 1755 1391 1798 testigos de su grandeza;
903 1802 1545 1847 que oró en el Huerto tres veces,
893 1851 1483 1898 y que fué por culpas nuestra
901 1901 1403 1942 amarrado con tres sogas
905 1949 1435 1990 de Dios la suma inocencia:
907 1996 1443 2039 quenegó tres veces Pedro
907 2046 1449 2089 y que con lágrimas tiernas
905 2092 1371 2134 lloro su culpa, y quedó
897 2145 1423 2184 absuelto de culpa y pena,
901 2190 1441 2233 que anduvo tres tribunales
907 2242 1387 2285 para darle la sentencia;
