1737 2508
208 247 606 293 leño, para ser tizon
204 295 745 341 en las profundas cabernas,
204 344 601 389 antorcha, para lucir
210 393 689 437 en las celestiales fiestas.
207 439 730 486 De ser leño á ser antorcha
210 489 701 535 saca tu la consecuencias,
222 538 772 582 y escoge de estas dos cosas
219 586 687 632 la que mejor te parezca.
219 634 701 680 Si leño quieres quedarte
214 681 724 728 suma las horribles penas
223 732 751 776 con que son atormentados
224 778 819 825 los que erraron estas cuentas.
226 829 761 873 Procura ser como el agua,
224 879 812 923 que comenzando entre peñas,
232 927 685 973 si pasa por angosturas
232 977 785 1019 sale mas clara y masfresca;
225 1026 756 1067 al contrario si muy ancha,
226 1074 709 1116 por donde pasa navega,
229 1122 789 1167 saldrá turbia, gorda y mala,
238 1170 735 1213 que nadie pueda beberla.
239 1219 771 1263 Si tú, cristiano te angostas
248 1268 715 1311 te humillas y te sugetas
235 1315 704 1362 á la ley de Dios, saldrá
247 1364 787 1408 como el agua clara y fresca;
235 1413 809 1458 mas si quieres ensancharte
249 1463 774 1506 caminando á rienda suelta,
244 1511 691 1555 darás en un precipicio
243 1559 791 1602 donde despreciado mueras,
248 1609 732 1651 pon freno à tus apetitos,
249 1656 733 1702 tírate bien de la rienda,
257 1704 843 1748 que has costado mucho á Dios
260 1755 811 1796 y es lástima que te pierdas.
264 1804 665 1847 Ya sé queno pecarás
256 1852 701 1895 si con amor consideras
263 1901 694 1944 como Dios por tí pasó
260 1948 765 1993 tantas injurias y afrentas.
263 1999 643 2041 Considera que bajó
255 2046 837 2090 desde el cielo hasta la tierra,
265 2095 769 2138 y que nació en un portal
264 2145 754 2188 con humildad y pobreza.
273 2195 776 2238 Saca de aqui el poco caso
1492 176 1522 211 7
941 230 1543 274 que debes hacer de haciendas,
939 279 1483 322 de empleos, de dignidades,
941 329 1471 370 de mandos ni de riquezas,
946 375 1458 420 que las cosas de esta vida
944 426 1400 469 son cosas perecederas,
939 475 1458 515 y cosas que no son firmes
942 520 1579 563 no se ha de hacer caso de ellas.
947 572 1403 612 Mira á Maria Egipciaca,
953 618 1606 661 que haciendo á Dios mil ofensas,
946 668 1460 709 pasaba lo mas del tiempo
948 717 1396 758 necesidades estremas;
954 766 1399 808 enmendóse del pecado
960 814 1484 855 y haciendo de èl penitencia
956 864 1376 907 la sugetaba el Señor
954 912 1544 953 no comiendo mas que yerbas:
960 960 1415 1004 de aqui puedes inferir
964 1009 1508 1053 que el pecado no sustenta,
964 1056 1520 1101 que antes destruye y acaba
962 1107 1529 1149 la complexion sana y buena.
962 1155 1442 1199 La gracia de Dios alivia
971 1207 1455 1247 las fatigas, las miserias,
965 1255 1467 1295 las congojas y las ancias,
968 1304 1471 1344 los trabajos y las penas,
967 1350 1465 1397 ¿pues cuanto mejor será
971 1397 1547 1441 buscar á Dios porque puedas
972 1445 1464 1491 hallar en tus aflicciones
972 1497 1364 1539 el alivio que desas?
971 1545 1474 1587 Animo, pues lector mio,
980 1593 1468 1635 valor, tu espiritu alienta
979 1641 1394 1685 para dejar el pecado
987 1691 1511 1735 y para buscar la enmienda.
983 1738 1424 1782 Considera por tu vida
993 1787 1608 1831 que no hay nadie que merezca
989 1835 1513 1879 ser mas amado, que Dios,
988 1885 1518 1929 en las cielos y en la tierra.
991 1937 1475 1978 Amale, pues, lector mio,
991 1984 1483 2026 ofreciéndote de veras
992 2030 1541 2075 antes perder cien mil vidas
998 2082 1572 2123 que volver á hacerle ofensas:
1000 2128 1470 2172 mirar que su Magestad.
1003 2181 1623 2221 te está aguardando que vengas,
