1705 2420
75 126 131 161 4
35 184 564 224 Formando el ocho, dirás,
45 234 590 270 que ochenta mil veces sea
41 282 628 319 por todo el mundo aplaudida
36 329 561 366 de Dios la ley verdadera.
39 375 601 416 Formarás el nueve, y luego
34 424 445 461 levantarás la cabeza
33 473 465 509 al cielo, donde verás
44 522 533 557 el sol la luna y estrellas
43 570 555 606 considerando en el nueve
33 617 676 656 los nueves coros que encierran
31 667 685 705 para que á Dios siempre alaben
33 714 473 754 divinas inteligencias.
25 762 603 801 Formarás el diez, pensando
39 812 565 849 que la ley de Dios ordena
39 859 688 899 que guardes diéz Mandamientos,
34 906 529 948 so pena de grande pena,
29 955 574 996 de no quebrantar ninguno
35 1005 672 1044 tendrás siempre grande cuenta
29 1051 596 1094 ya que asi Dios te lo manda
26 1102 545 1141 razon es que lo obedezcas
31 1149 593 1191 y mira que el diez se forma
29 1199 611 1240 con dos número que enseña
28 1246 604 1288 lo que vá de Dios al mundo
25 1295 604 1338 si entrambos los consideras.
33 1344 581 1382 Con un uno y con un cero
23 1393 668 1434 forma el diez, y al punto piensa
25 1441 568 1482 que el uno es un solo Dios
30 1491 578 1530 y el cero al mundo semeja;
30 1537 430 1573 si pones el cero solo
24 1585 560 1628 y el uno por poner dejas,
23 1634 533 1673 dirás; cero y no vá nada
27 1684 590 1726 con que sin nada te quedas;
23 1733 438 1769 y asi podrás reparar
31 1781 664 1823 qus si del mundo haces cuenta,
27 1827 523 1869 dirás; cero yno va nada,
24 1880 612 1918 y por el mundo á Dios dejas;
25 1926 613 1965 deja el mundo y busca á Dios
33 1977 663 2015 que en Dios están las riquezas
762 191 1447 229 porque el mundo es como el cero
767 237 1378 278 que solo habla con la cuenta.
771 283 1333 323 ¿Cuántos en aqueste mundo
771 332 1278 372 habrás vistocon ríquezas,
767 380 1320 420 y despues los verás pobres
768 431 1347 470 pidiendo de puerta en puerta
771 477 1234 516 y si esto lo miras bien,
771 526 1238 563 hallarás por cosa cierta
776 574 1324 614 que las cosas de este mundo
769 623 1234 660 son cosas perecederas.
769 669 1279 708 Verás un hombre llevado
760 720 1209 758 de vanidad y soberbia
767 769 1329 809 que no cabe en este mundo
771 816 1241 856 por su valor y su fuerza
767 866 1363 909 mas en llegando á la muerte,
767 914 1200 950 el que tan temido era
763 963 1375 1003 no cabiendo en todo el mundo
760 1010 1315 1052 cupo en siete pies de tierra.
761 1060 1321 1102 Pues dí; cero y no vá nada,
767 1108 1374 1151 que cuando menos lo piensas
761 1155 1262 1196 vuelves á la misma nada
767 1205 1279 1245 por ser de la nada misma;
761 1253 1329 1293 por lo cual procura siempre
759 1301 1343 1341 en cuantas cosas emprendas
764 1350 1287 1391 de poner á Dios primero,
761 1398 1304 1438 porque el uno valor tenga.
763 1445 1312 1489 Porque la cuenta no yerres,
766 1494 1236 1532 válete de aquella Reina
763 1543 1316 1582 que en todas las aflicciones
759 1591 1266 1630 por los pecadores ruega;
758 1640 1279 1678 rezala siempre el rosario
754 1689 1252 1729 con fervor y reverencia,
756 1738 1284 1775 saldrás con la cuenta bien
758 1786 1220 1826 como ella te favorezca,
754 1837 1188 1871 aqui el poéta rendido
758 1884 1254 1923 á aquesta parte primera
755 1934 1342 1974 dá fin, porque en la segunda
759 1982 1267 2024 decir lo que falta intenta.
411 1997 1049 2156 FIN DE LA PRIMARA PARTE.
