<?xml version="1.0" encoding="UTF-8" standalone="yes"?>
<PcGts xmlns="http://schema.primaresearch.org/PAGE/gts/pagecontent/2013-07-15" xmlns:xsi="http://www.w3.org/2001/XMLSchema-instance" xsi:schemaLocation="http://schema.primaresearch.org/PAGE/gts/pagecontent/2013-07-15 http://schema.primaresearch.org/PAGE/gts/pagecontent/2013-07-15/pagecontent.xsd">
    <Metadata>
        <Creator>prov=University of Rostock/Institute of Mathematics/CITlab|PLANET AI GmbH/Gundram Leifert/gundram.leifert@planet-ai.de:name=Pliegos de Cordel (XIXe) - v4(htr_id=27283)::::v=2.6.7
prov=University of Rostock/Institute of Mathematics/CITlab|PLANET AI GmbH/Tobias Gruening/tobias.gruening@planet-ai.de:name=de.uros.citlab.module.baseline2polygon.B2PSeamMultiOriented:v=2.6.7
prov=University of Rostock/Institute of Mathematics/CITlab|PLANET AI GmbH/Tobias Gruening/tobias.gruening@planet-ai.de:name=/net_tf/LA73_249_0mod360.pb:de.uros.citlab.segmentation.CITlab_LA_ML:v=2.6.7
Transkribus</Creator>
        <Created>2020-10-27T11:55:22.910+01:00</Created>
        <LastChange>2020-12-03T14:32:55.674+01:00</LastChange>
        <TranskribusMetadata docId="525393" pageId="22319653" pageNr="77" tsid="50023690" status="DONE" userId="66244" imgUrl="https://files.transkribus.eu/Get?id=AWZQWJYRRZDXTRVGEMYUJMTB&amp;fileType=view" xmlUrl="https://files.transkribus.eu/Get?id=DOYCHVAGEHLLUWWROSFMJTRM" imageId="17389168"/>
    </Metadata>
    <Page imageFilename="Moreno_315_1.jpeg" imageWidth="1752" imageHeight="2480">
        <ReadingOrder>
            <OrderedGroup id="ro_1607002549356" caption="Regions reading order">
                <RegionRefIndexed index="1" regionRef="region_1604674595211_2597"/>
                <RegionRefIndexed index="2" regionRef="region_1604674599280_2601"/>
                <RegionRefIndexed index="3" regionRef="region_1604674602899_2605"/>
            </OrderedGroup>
        </ReadingOrder>
        <GraphicRegion id="Graphic_1604674586120_2593" custom="readingOrder {index:0;}">
            <Coords points="512,1113 1019,1113 1019,174 512,174"/>
        </GraphicRegion>
        <TextRegion orientation="0.0" id="region_1604674595211_2597" custom="readingOrder {index:1;}">
            <Coords points="363,1149 1558,1149 1558,1323 363,1323"/>
            <TextLine id="region_1604674595211_2597l1" custom="readingOrder {index:0;}">
                <Coords points="446,1337 501,1339 556,1340 611,1342 667,1343 722,1344 777,1346 832,1347 888,1348 943,1349 998,1351 1053,1352 1109,1353 1164,1354 1219,1355 1274,1357 1330,1358 1385,1359 1440,1360 1495,1361 1551,1362 1551,1212 1495,1211 1440,1210 1385,1209 1330,1208 1274,1207 1219,1205 1164,1204 1109,1203 1053,1202 998,1201 943,1199 888,1198 832,1197 777,1196 722,1194 667,1193 611,1192 556,1190 501,1189 446,1187"/>
                <Baseline points="446,1287 501,1289 556,1290 611,1292 667,1293 722,1294 777,1296 832,1297 888,1298 943,1299 998,1301 1053,1302 1109,1303 1164,1304 1219,1305 1274,1307 1330,1308 1385,1309 1440,1310 1495,1311 1551,1312"/>
                <TextEquiv>
                    <Unicode>DECIMAS NUEVAS.</Unicode>
                </TextEquiv>
            </TextLine>
            <TextEquiv>
                <Unicode>DECIMAS NUEVAS.</Unicode>
            </TextEquiv>
        </TextRegion>
        <TextRegion orientation="0.0" id="region_1604674599280_2601" custom="readingOrder {index:2;}">
            <Coords points="240,1344 917,1344 917,2236 240,2236"/>
            <TextLine id="region_1604674599280_2601l1" custom="readingOrder {index:0;}">
                <Coords points="335,1420 363,1419 391,1419 419,1420 447,1420 475,1420 503,1420 531,1421 559,1421 587,1422 615,1422 643,1423 671,1424 699,1424 727,1425 755,1426 783,1427 811,1427 839,1428 867,1429 896,1429 896,1392 867,1392 839,1391 811,1390 783,1390 755,1389 727,1388 699,1387 671,1387 643,1386 615,1385 587,1385 559,1384 531,1384 503,1383 475,1383 447,1383 419,1383 391,1382 363,1382 335,1383"/>
                <Baseline points="335,1408 363,1407 391,1407 419,1408 447,1408 475,1408 503,1408 531,1409 559,1409 587,1410 615,1410 643,1411 671,1412 699,1412 727,1413 755,1414 783,1415 811,1415 839,1416 867,1417 896,1417"/>
                <TextEquiv>
                    <Unicode>Ahora que estamos solitos</Unicode>
                </TextEquiv>
            </TextLine>
            <TextLine id="region_1604674599280_2601l2" custom="readingOrder {index:1;}">
                <Coords points="259,1474 284,1473 310,1472 336,1472 362,1472 388,1471 414,1471 440,1472 466,1472 492,1473 518,1473 544,1474 570,1474 596,1475 622,1476 648,1476 674,1476 700,1477 700,1441 674,1440 648,1440 622,1440 596,1439 570,1438 544,1438 518,1437 492,1437 466,1436 440,1436 414,1435 388,1435 362,1436 336,1436 310,1436 284,1437 259,1438"/>
                <Baseline points="259,1462 284,1461 310,1460 336,1460 362,1460 388,1459 414,1459 440,1460 466,1460 492,1461 518,1461 544,1462 570,1462 596,1463 622,1464 648,1464 674,1464 700,1465"/>
                <TextEquiv>
                    <Unicode>yo te digo la verdad,</Unicode>
                </TextEquiv>
            </TextLine>
            <TextLine id="region_1604674599280_2601l3" custom="readingOrder {index:2;}">
                <Coords points="264,1524 289,1524 315,1524 340,1524 366,1524 392,1524 417,1524 443,1524 468,1524 494,1525 520,1525 545,1525 571,1526 596,1527 622,1528 648,1528 673,1530 699,1531 724,1532 750,1534 776,1536 776,1500 750,1498 724,1496 699,1495 673,1494 648,1492 622,1492 596,1491 571,1490 545,1489 520,1489 494,1489 468,1488 443,1488 417,1488 392,1488 366,1488 340,1488 315,1488 289,1488 264,1488"/>
                <Baseline points="264,1512 289,1512 315,1512 340,1512 366,1512 392,1512 417,1512 443,1512 468,1512 494,1513 520,1513 545,1513 571,1514 596,1515 622,1516 648,1516 673,1518 699,1519 724,1520 750,1522 776,1524"/>
                <TextEquiv>
                    <Unicode>que si te casas conmigo,</Unicode>
                </TextEquiv>
            </TextLine>
            <TextLine id="region_1604674599280_2601l4" custom="readingOrder {index:3;}">
                <Coords points="259,1578 286,1577 314,1577 341,1577 369,1577 397,1577 424,1578 452,1578 480,1578 507,1579 535,1579 563,1580 590,1580 618,1581 646,1582 673,1583 701,1583 729,1584 756,1585 784,1586 812,1587 812,1550 784,1549 756,1548 729,1547 701,1546 673,1546 646,1545 618,1544 590,1543 563,1543 535,1542 507,1542 480,1541 452,1541 424,1541 397,1540 369,1540 341,1540 314,1540 286,1540 259,1541"/>
                <Baseline points="259,1566 286,1565 314,1565 341,1565 369,1565 397,1565 424,1566 452,1566 480,1566 507,1567 535,1567 563,1568 590,1568 618,1569 646,1570 673,1571 701,1571 729,1572 756,1573 784,1574 812,1575"/>
                <TextEquiv>
                    <Unicode>hambre no te ha de faltar.</Unicode>
                </TextEquiv>
            </TextLine>
            <TextLine id="region_1604674599280_2601l5" custom="readingOrder {index:4;}">
                <Coords points="324,1728 349,1729 374,1730 399,1730 424,1731 450,1731 475,1731 500,1732 525,1732 550,1732 576,1732 601,1733 626,1733 651,1733 676,1734 702,1735 727,1735 752,1736 777,1737 802,1739 828,1740 828,1703 802,1702 777,1700 752,1699 727,1698 702,1698 676,1697 651,1696 626,1696 601,1696 576,1695 550,1695 525,1695 500,1695 475,1694 450,1694 424,1694 399,1693 374,1693 349,1692 324,1691"/>
                <Baseline points="324,1716 349,1717 374,1718 399,1718 424,1719 450,1719 475,1719 500,1720 525,1720 550,1720 576,1720 601,1721 626,1721 651,1721 676,1722 702,1723 727,1723 752,1724 777,1725 802,1727 828,1728"/>
                <TextEquiv>
                    <Unicode>Has de tener advertida,</Unicode>
                </TextEquiv>
            </TextLine>
            <TextLine id="region_1604674599280_2601l6" custom="readingOrder {index:5;}">
                <Coords points="254,1783 279,1782 304,1782 330,1781 355,1781 380,1781 406,1782 431,1782 456,1783 482,1783 507,1784 532,1784 558,1785 583,1785 608,1785 634,1786 659,1786 684,1786 710,1786 710,1750 684,1750 659,1750 634,1750 608,1749 583,1749 558,1749 532,1748 507,1748 482,1747 456,1747 431,1746 406,1746 380,1745 355,1745 330,1745 304,1746 279,1746 254,1747"/>
                <Baseline points="254,1771 279,1770 304,1770 330,1769 355,1769 380,1769 406,1770 431,1770 456,1771 482,1771 507,1772 532,1772 558,1773 583,1773 608,1773 634,1774 659,1774 684,1774 710,1774"/>
                <TextEquiv>
                    <Unicode>que sí tu me das el sí,</Unicode>
                </TextEquiv>
            </TextLine>
            <TextLine id="region_1604674599280_2601l7" custom="readingOrder {index:6;}">
                <Coords points="258,1832 283,1833 309,1833 335,1834 361,1834 387,1835 412,1835 438,1836 464,1836 490,1836 516,1836 541,1837 567,1837 593,1838 619,1838 645,1838 670,1839 696,1840 722,1841 748,1841 774,1842 774,1806 748,1805 722,1805 696,1804 670,1803 645,1802 619,1802 593,1802 567,1801 541,1801 516,1800 490,1800 464,1800 438,1800 412,1799 387,1799 361,1798 335,1798 309,1797 283,1797 258,1796"/>
                <Baseline points="258,1820 283,1821 309,1821 335,1822 361,1822 387,1823 412,1823 438,1824 464,1824 490,1824 516,1824 541,1825 567,1825 593,1826 619,1826 645,1826 670,1827 696,1828 722,1829 748,1829 774,1830"/>
                <TextEquiv>
                    <Unicode>mal trato hallarás en mí;,</Unicode>
                </TextEquiv>
            </TextLine>
            <TextLine id="region_1604674599280_2601l8" custom="readingOrder {index:7;}">
                <Coords points="252,1885 279,1886 306,1886 333,1886 360,1887 387,1887 414,1887 441,1888 468,1888 495,1888 523,1889 550,1889 577,1890 604,1890 631,1891 658,1892 685,1892 712,1893 739,1894 766,1896 794,1897 794,1860 766,1859 739,1857 712,1856 685,1855 658,1855 631,1854 604,1853 577,1853 550,1852 523,1852 495,1851 468,1851 441,1851 414,1850 387,1850 360,1850 333,1849 306,1849 279,1849 252,1848"/>
                <Baseline points="252,1873 279,1874 306,1874 333,1874 360,1875 387,1875 414,1875 441,1876 468,1876 495,1876 523,1877 550,1877 577,1878 604,1878 631,1879 658,1880 685,1880 712,1881 739,1882 766,1884 794,1885"/>
                <TextEquiv>
                    <Unicode>hasta acabar con tu vida;</Unicode>
                </TextEquiv>
            </TextLine>
            <TextLine id="region_1604674599280_2601l9" custom="readingOrder {index:8;}">
                <Coords points="260,1937 285,1938 311,1939 337,1939 363,1940 389,1940 415,1940 441,1941 467,1941 493,1941 519,1941 544,1942 570,1942 596,1942 622,1943 648,1943 674,1944 700,1945 726,1946 752,1947 778,1948 778,1911 752,1910 726,1909 700,1908 674,1907 648,1906 622,1906 596,1905 570,1905 544,1905 519,1904 493,1904 467,1904 441,1904 415,1903 389,1903 363,1903 337,1902 311,1902 285,1901 260,1900"/>
                <Baseline points="260,1925 285,1926 311,1927 337,1927 363,1928 389,1928 415,1928 441,1929 467,1929 493,1929 519,1929 544,1930 570,1930 596,1930 622,1931 648,1931 674,1932 700,1933 726,1934 752,1935 778,1936"/>
                <TextEquiv>
                    <Unicode>siempre andarás afligida,</Unicode>
                </TextEquiv>
            </TextLine>
            <TextLine id="region_1604674599280_2601l10" custom="readingOrder {index:9;}">
                <Coords points="258,1990 284,1991 310,1992 337,1993 363,1993 390,1994 416,1994 442,1994 469,1994 495,1995 522,1995 548,1995 574,1995 601,1996 627,1996 654,1997 680,1997 706,1998 733,1999 759,2001 786,2002 786,1965 759,1964 733,1962 706,1961 680,1960 654,1960 627,1959 601,1959 574,1958 548,1958 522,1958 495,1958 469,1957 442,1957 416,1957 390,1957 363,1956 337,1956 310,1955 284,1954 258,1953"/>
                <Baseline points="258,1978 284,1979 310,1980 337,1981 363,1981 390,1982 416,1982 442,1982 469,1982 495,1983 522,1983 548,1983 574,1983 601,1984 627,1984 654,1985 680,1985 706,1986 733,1987 759,1989 786,1990"/>
                <TextEquiv>
                    <Unicode>con sollozos y con gritos,</Unicode>
                </TextEquiv>
            </TextLine>
            <TextLine id="region_1604674599280_2601l11" custom="readingOrder {index:10;}">
                <Coords points="257,2044 283,2044 310,2045 336,2045 363,2046 389,2046 416,2046 442,2047 469,2047 495,2047 522,2047 549,2047 575,2047 602,2048 628,2048 655,2049 681,2049 708,2050 734,2051 761,2052 788,2053 788,2017 761,2016 734,2015 708,2014 681,2013 655,2013 628,2012 602,2012 575,2011 549,2011 522,2011 495,2011 469,2011 442,2011 416,2010 389,2010 363,2010 336,2009 310,2009 283,2008 257,2008"/>
                <Baseline points="257,2032 283,2032 310,2033 336,2033 363,2034 389,2034 416,2034 442,2035 469,2035 495,2035 522,2035 549,2035 575,2035 602,2036 628,2036 655,2037 681,2037 708,2038 734,2039 761,2040 788,2041"/>
                <TextEquiv>
                    <Unicode>y si Dios nos dá un hijito</Unicode>
                </TextEquiv>
            </TextLine>
            <TextLine id="region_1604674599280_2601l12" custom="readingOrder {index:11;}">
                <Coords points="252,2093 283,2095 314,2097 346,2098 377,2099 409,2099 440,2100 471,2100 503,2100 534,2101 566,2101 597,2101 628,2101 660,2102 691,2102 723,2103 754,2104 785,2106 817,2108 848,2110 880,2113 880,2077 848,2074 817,2072 785,2070 754,2068 723,2067 691,2066 660,2066 628,2065 597,2065 566,2065 534,2065 503,2064 471,2064 440,2064 409,2063 377,2063 346,2062 314,2061 283,2059 252,2057"/>
                <Baseline points="252,2081 283,2083 314,2085 346,2086 377,2087 409,2087 440,2088 471,2088 503,2088 534,2089 566,2089 597,2089 628,2089 660,2090 691,2090 723,2091 754,2092 785,2094 817,2096 848,2098 880,2101"/>
                <TextEquiv>
                    <Unicode>serán mas grandes tus penillas,</Unicode>
                </TextEquiv>
            </TextLine>
            <TextLine id="region_1604674599280_2601l13" custom="readingOrder {index:12;}">
                <Coords points="254,2147 283,2148 312,2149 341,2150 370,2151 399,2151 428,2151 457,2152 486,2152 515,2152 544,2152 573,2153 602,2153 631,2154 660,2154 689,2155 718,2156 747,2157 776,2158 805,2160 834,2162 834,2125 805,2123 776,2121 747,2120 718,2119 689,2118 660,2117 631,2117 602,2116 573,2116 544,2115 515,2115 486,2115 457,2115 428,2114 399,2114 370,2114 341,2113 312,2112 283,2111 254,2110"/>
                <Baseline points="254,2135 283,2136 312,2137 341,2138 370,2139 399,2139 428,2139 457,2140 486,2140 515,2140 544,2140 573,2141 602,2141 631,2142 660,2142 689,2143 718,2144 747,2145 776,2146 805,2148 834,2150"/>
                <TextEquiv>
                    <Unicode>Esto mi amor te lo ordena, </Unicode>
                </TextEquiv>
            </TextLine>
            <TextLine id="region_1604674599280_2601l14" custom="readingOrder {index:13;}">
                <Coords points="248,2200 276,2202 304,2204 333,2204 361,2205 390,2206 418,2207 446,2207 475,2207 503,2208 532,2208 560,2208 588,2208 617,2208 645,2209 674,2209 702,2210 730,2210 759,2211 787,2212 816,2214 816,2177 787,2175 759,2174 730,2173 702,2173 674,2172 645,2172 617,2171 588,2171 560,2171 532,2171 503,2171 475,2170 446,2170 418,2170 390,2169 361,2168 333,2167 304,2167 276,2165 248,2163"/>
                <Baseline points="248,2188 276,2190 304,2192 333,2192 361,2193 390,2194 418,2195 446,2195 475,2195 503,2196 532,2196 560,2196 588,2196 617,2196 645,2197 674,2197 702,2198 730,2198 759,2199 787,2200 816,2202"/>
                <TextEquiv>
                    <Unicode>ahora que estamos solitos.</Unicode>
                </TextEquiv>
            </TextLine>
            <TextEquiv>
                <Unicode>Ahora que estamos solitos
yo te digo la verdad,
que si te casas conmigo,
hambre no te ha de faltar.
Has de tener advertida,
que sí tu me das el sí,
mal trato hallarás en mí;,
hasta acabar con tu vida;
siempre andarás afligida,
con sollozos y con gritos,
y si Dios nos dá un hijito
serán mas grandes tus penillas,
Esto mi amor te lo ordena, 
ahora que estamos solitos.</Unicode>
            </TextEquiv>
        </TextRegion>
        <TextRegion orientation="0.0" id="region_1604674602899_2605" custom="readingOrder {index:3;}">
            <Coords points="958,1349 1681,1349 1681,2246 958,2246"/>
            <TextLine id="region_1604674602899_2605l1" custom="readingOrder {index:0;}">
                <Coords points="1050,1433 1081,1434 1112,1434 1144,1434 1175,1435 1206,1435 1238,1435 1269,1435 1300,1436 1332,1436 1363,1436 1394,1437 1426,1437 1457,1438 1488,1438 1520,1439 1551,1440 1582,1441 1614,1442 1645,1443 1677,1444 1677,1407 1645,1406 1614,1405 1582,1404 1551,1403 1520,1402 1488,1401 1457,1401 1426,1400 1394,1400 1363,1399 1332,1399 1300,1399 1269,1398 1238,1398 1206,1398 1175,1398 1144,1397 1112,1397 1081,1397 1050,1396"/>
                <Baseline points="1050,1421 1081,1422 1112,1422 1144,1422 1175,1423 1206,1423 1238,1423 1269,1423 1300,1424 1332,1424 1363,1424 1394,1425 1426,1425 1457,1426 1488,1426 1520,1427 1551,1428 1582,1429 1614,1430 1645,1431 1677,1432"/>
                <TextEquiv>
                    <Unicode>No soy de los mas viciosos, </Unicode>
                </TextEquiv>
            </TextLine>
            <TextLine id="region_1604674602899_2605l2" custom="readingOrder {index:1;}">
                <Coords points="980,1485 1006,1485 1032,1486 1058,1486 1084,1486 1110,1487 1136,1487 1162,1487 1188,1488 1214,1488 1241,1488 1267,1488 1293,1489 1319,1489 1345,1490 1371,1490 1397,1491 1423,1491 1449,1492 1476,1493 1476,1456 1449,1455 1423,1454 1397,1454 1371,1453 1345,1453 1319,1452 1293,1452 1267,1451 1241,1451 1214,1451 1188,1451 1162,1450 1136,1450 1110,1450 1084,1449 1058,1449 1032,1449 1006,1448 980,1448"/>
                <Baseline points="980,1473 1006,1473 1032,1474 1058,1474 1084,1474 1110,1475 1136,1475 1162,1475 1188,1476 1214,1476 1241,1476 1267,1476 1293,1477 1319,1477 1345,1478 1371,1478 1397,1479 1423,1479 1449,1480 1476,1481"/>
                <TextEquiv>
                    <Unicode>solo me gusta el beber,</Unicode>
                </TextEquiv>
            </TextLine>
            <TextLine id="region_1604674602899_2605l3" custom="readingOrder {index:2;}">
                <Coords points="980,1537 1006,1538 1032,1539 1059,1540 1085,1540 1112,1541 1138,1541 1164,1541 1191,1541 1217,1541 1244,1541 1270,1541 1296,1541 1323,1541 1349,1542 1376,1542 1402,1543 1428,1544 1455,1545 1481,1547 1508,1548 1508,1511 1481,1510 1455,1508 1428,1507 1402,1506 1376,1505 1349,1505 1323,1504 1296,1504 1270,1504 1244,1504 1217,1504 1191,1504 1164,1504 1138,1504 1112,1504 1085,1503 1059,1503 1032,1502 1006,1501 980,1500"/>
                <Baseline points="980,1525 1006,1526 1032,1527 1059,1528 1085,1528 1112,1529 1138,1529 1164,1529 1191,1529 1217,1529 1244,1529 1270,1529 1296,1529 1323,1529 1349,1530 1376,1530 1402,1531 1428,1532 1455,1533 1481,1535 1508,1536"/>
                <TextEquiv>
                    <Unicode>jugador, de buen comer,</Unicode>
                </TextEquiv>
            </TextLine>
            <TextLine id="region_1604674602899_2605l4" custom="readingOrder {index:3;}">
                <Coords points="990,1589 1016,1589 1042,1590 1068,1591 1095,1591 1121,1592 1147,1592 1173,1592 1200,1593 1226,1593 1252,1593 1279,1594 1305,1594 1331,1595 1357,1595 1384,1596 1410,1596 1436,1597 1463,1598 1463,1561 1436,1560 1410,1559 1384,1559 1357,1558 1331,1558 1305,1557 1279,1557 1252,1556 1226,1556 1200,1556 1173,1555 1147,1555 1121,1555 1095,1554 1068,1554 1042,1553 1016,1552 990,1552"/>
                <Baseline points="990,1577 1016,1577 1042,1578 1068,1579 1095,1579 1121,1580 1147,1580 1173,1580 1200,1581 1226,1581 1252,1581 1279,1582 1305,1582 1331,1583 1357,1583 1384,1584 1410,1584 1436,1585 1463,1586"/>
                <TextEquiv>
                    <Unicode>reñidor y escandaloso.</Unicode>
                </TextEquiv>
            </TextLine>
            <TextLine id="region_1604674602899_2605l5" custom="readingOrder {index:4;}">
                <Coords points="988,1643 1015,1644 1042,1644 1069,1644 1097,1644 1124,1644 1151,1645 1179,1645 1206,1645 1233,1646 1261,1646 1288,1646 1315,1647 1342,1648 1370,1648 1397,1649 1424,1650 1452,1651 1479,1653 1506,1654 1534,1655 1534,1618 1506,1617 1479,1616 1452,1614 1424,1613 1397,1612 1370,1611 1342,1611 1315,1610 1288,1609 1261,1609 1233,1609 1206,1608 1179,1608 1151,1608 1124,1607 1097,1607 1069,1607 1042,1607 1015,1607 988,1606"/>
                <Baseline points="988,1631 1015,1632 1042,1632 1069,1632 1097,1632 1124,1632 1151,1633 1179,1633 1206,1633 1233,1634 1261,1634 1288,1634 1315,1635 1342,1636 1370,1636 1397,1637 1424,1638 1452,1639 1479,1641 1506,1642 1534,1643"/>
                <TextEquiv>
                    <Unicode>En mi no se halla reposo, </Unicode>
                </TextEquiv>
            </TextLine>
            <TextLine id="region_1604674602899_2605l6" custom="readingOrder {index:5;}">
                <Coords points="982,1696 1007,1696 1032,1696 1057,1696 1082,1697 1107,1697 1132,1697 1157,1698 1182,1698 1207,1698 1232,1699 1257,1699 1282,1700 1307,1700 1332,1701 1357,1701 1382,1702 1408,1703 1408,1666 1382,1665 1357,1664 1332,1664 1307,1663 1282,1663 1257,1662 1232,1662 1207,1661 1182,1661 1157,1661 1132,1660 1107,1660 1082,1660 1057,1659 1032,1659 1007,1659 982,1659"/>
                <Baseline points="982,1684 1007,1684 1032,1684 1057,1684 1082,1685 1107,1685 1132,1685 1157,1686 1182,1686 1207,1686 1232,1687 1257,1687 1282,1688 1307,1688 1332,1689 1357,1689 1382,1690 1408,1691"/>
                <TextEquiv>
                    <Unicode>solamente crueldad,</Unicode>
                </TextEquiv>
            </TextLine>
            <TextLine id="region_1604674602899_2605l7" custom="readingOrder {index:6;}">
                <Coords points="988,1749 1013,1749 1039,1749 1065,1750 1091,1750 1116,1750 1142,1750 1168,1750 1194,1750 1219,1750 1245,1750 1271,1751 1297,1751 1322,1752 1348,1753 1374,1755 1400,1756 1400,1719 1374,1718 1348,1716 1322,1715 1297,1714 1271,1714 1245,1713 1219,1713 1194,1713 1168,1713 1142,1713 1116,1713 1091,1713 1065,1713 1039,1712 1013,1712 988,1712"/>
                <Baseline points="988,1737 1013,1737 1039,1737 1065,1738 1091,1738 1116,1738 1142,1738 1168,1738 1194,1738 1219,1738 1245,1738 1271,1739 1297,1739 1322,1740 1348,1741 1374,1743 1400,1744"/>
                <TextEquiv>
                    <Unicode>bastante necesidad;</Unicode>
                </TextEquiv>
            </TextLine>
            <TextLine id="region_1604674602899_2605l8" custom="readingOrder {index:7;}">
                <Coords points="992,1803 1022,1803 1053,1803 1084,1804 1115,1804 1146,1804 1177,1804 1208,1804 1239,1804 1270,1804 1301,1805 1331,1805 1362,1805 1393,1806 1424,1807 1455,1807 1486,1808 1517,1809 1548,1811 1579,1812 1610,1814 1610,1777 1579,1775 1548,1774 1517,1772 1486,1771 1455,1770 1424,1770 1393,1769 1362,1768 1331,1768 1301,1768 1270,1767 1239,1767 1208,1767 1177,1767 1146,1767 1115,1767 1084,1767 1053,1766 1022,1766 992,1766"/>
                <Baseline points="992,1791 1022,1791 1053,1791 1084,1792 1115,1792 1146,1792 1177,1792 1208,1792 1239,1792 1270,1792 1301,1793 1331,1793 1362,1793 1393,1794 1424,1795 1455,1795 1486,1796 1517,1797 1548,1799 1579,1800 1610,1802"/>
                <TextEquiv>
                    <Unicode>y palos de cuando en cuando,</Unicode>
                </TextEquiv>
            </TextLine>
            <TextLine id="region_1604674602899_2605l9" custom="readingOrder {index:8;}">
                <Coords points="988,1853 1016,1853 1045,1854 1074,1855 1103,1855 1132,1855 1161,1855 1190,1856 1219,1856 1248,1857 1277,1857 1305,1858 1334,1858 1363,1859 1392,1860 1421,1861 1450,1862 1479,1864 1508,1865 1537,1866 1566,1869 1566,1832 1537,1829 1508,1828 1479,1827 1450,1825 1421,1824 1392,1823 1363,1822 1334,1821 1305,1821 1277,1820 1248,1820 1219,1819 1190,1819 1161,1818 1132,1818 1103,1818 1074,1818 1045,1817 1016,1816 988,1816"/>
                <Baseline points="988,1841 1016,1841 1045,1842 1074,1843 1103,1843 1132,1843 1161,1843 1190,1844 1219,1844 1248,1845 1277,1845 1305,1846 1334,1846 1363,1847 1392,1848 1421,1849 1450,1850 1479,1852 1508,1853 1537,1854 1566,1857"/>
                <TextEquiv>
                    <Unicode>luego no te estes quejando,</Unicode>
                </TextEquiv>
            </TextLine>
            <TextLine id="region_1604674602899_2605l10" custom="readingOrder {index:9;}">
                <Coords points="986,1909 1012,1909 1038,1910 1064,1910 1090,1910 1116,1910 1142,1910 1168,1910 1194,1910 1220,1910 1246,1910 1272,1911 1298,1911 1324,1911 1350,1911 1376,1912 1402,1912 1428,1912 1428,1875 1402,1875 1376,1875 1350,1874 1324,1874 1298,1874 1272,1874 1246,1873 1220,1873 1194,1873 1168,1873 1142,1873 1116,1873 1090,1873 1064,1873 1038,1873 1012,1872 986,1872"/>
                <Baseline points="986,1897 1012,1897 1038,1898 1064,1898 1090,1898 1116,1898 1142,1898 1168,1898 1194,1898 1220,1898 1246,1898 1272,1899 1298,1899 1324,1899 1350,1899 1376,1900 1402,1900 1428,1900"/>
                <TextEquiv>
                    <Unicode>yo te digo la verdad.</Unicode>
                </TextEquiv>
            </TextLine>
            <TextLine id="region_1604674602899_2605l11" custom="readingOrder {index:10;}">
                <Coords points="1060,2057 1087,2059 1115,2059 1143,2060 1170,2061 1198,2061 1226,2061 1253,2061 1281,2061 1309,2062 1337,2062 1364,2062 1392,2062 1420,2063 1447,2064 1475,2065 1503,2066 1530,2067 1558,2070 1586,2071 1614,2074 1614,2037 1586,2034 1558,2033 1530,2030 1503,2029 1475,2028 1447,2027 1420,2026 1392,2025 1364,2025 1337,2025 1309,2025 1281,2024 1253,2024 1226,2024 1198,2024 1170,2024 1143,2023 1115,2022 1087,2022 1060,2020"/>
                <Baseline points="1060,2045 1087,2047 1115,2047 1143,2048 1170,2049 1198,2049 1226,2049 1253,2049 1281,2049 1309,2050 1337,2050 1364,2050 1392,2050 1420,2051 1447,2052 1475,2053 1503,2054 1530,2055 1558,2058 1586,2059 1614,2062"/>
                <TextEquiv>
                    <Unicode>Ya te he dicho primavera,</Unicode>
                </TextEquiv>
            </TextLine>
            <TextLine id="region_1604674602899_2605l12" custom="readingOrder {index:11;}">
                <Coords points="986,2109 1014,2110 1042,2111 1070,2112 1099,2112 1127,2113 1155,2113 1184,2113 1212,2113 1240,2114 1269,2114 1297,2114 1325,2115 1353,2115 1382,2116 1410,2117 1438,2118 1467,2119 1495,2121 1523,2123 1552,2125 1552,2088 1523,2086 1495,2084 1467,2082 1438,2081 1410,2080 1382,2079 1353,2078 1325,2078 1297,2077 1269,2077 1240,2077 1212,2076 1184,2076 1155,2076 1127,2076 1099,2075 1070,2075 1042,2074 1014,2073 986,2072"/>
                <Baseline points="986,2097 1014,2098 1042,2099 1070,2100 1099,2100 1127,2101 1155,2101 1184,2101 1212,2101 1240,2102 1269,2102 1297,2102 1325,2103 1353,2103 1382,2104 1410,2105 1438,2106 1467,2107 1495,2109 1523,2111 1552,2113"/>
                <TextEquiv>
                    <Unicode>para que te dés mas prisa,</Unicode>
                </TextEquiv>
            </TextLine>
            <TextLine id="region_1604674602899_2605l13" custom="readingOrder {index:12;}">
                <Coords points="980,2165 1005,2165 1030,2165 1056,2165 1081,2165 1107,2166 1132,2166 1157,2166 1183,2166 1208,2166 1234,2166 1259,2167 1284,2167 1310,2168 1335,2168 1361,2169 1386,2169 1411,2170 1437,2171 1462,2173 1488,2174 1488,2137 1462,2136 1437,2134 1411,2133 1386,2132 1361,2132 1335,2131 1310,2131 1284,2130 1259,2130 1234,2129 1208,2129 1183,2129 1157,2129 1132,2129 1107,2129 1081,2128 1056,2128 1030,2128 1005,2128 980,2128"/>
                <Baseline points="980,2153 1005,2153 1030,2153 1056,2153 1081,2153 1107,2154 1132,2154 1157,2154 1183,2154 1208,2154 1234,2154 1259,2155 1284,2155 1310,2156 1335,2156 1361,2157 1386,2157 1411,2158 1437,2159 1462,2161 1488,2162"/>
                <TextEquiv>
                    <Unicode>de jerga te haré camisa,</Unicode>
                </TextEquiv>
            </TextLine>
            <TextLine id="region_1604674602899_2605l14" custom="readingOrder {index:13;}">
                <Coords points="976,2227 1001,2225 1027,2224 1052,2223 1078,2222 1103,2222 1129,2221 1155,2221 1180,2221 1206,2221 1231,2221 1257,2221 1282,2222 1308,2222 1334,2222 1359,2223 1385,2223 1410,2224 1436,2224 1462,2224 1462,2187 1436,2187 1410,2187 1385,2186 1359,2186 1334,2185 1308,2185 1282,2185 1257,2184 1231,2184 1206,2184 1180,2184 1155,2184 1129,2184 1103,2185 1078,2185 1052,2186 1027,2187 1001,2188 976,2190"/>
                <Baseline points="976,2215 1001,2213 1027,2212 1052,2211 1078,2210 1103,2210 1129,2209 1155,2209 1180,2209 1206,2209 1231,2209 1257,2209 1282,2210 1308,2210 1334,2210 1359,2211 1385,2211 1410,2212 1436,2212 1462,2212"/>
                <TextEquiv>
                    <Unicode>y palos en las caderas</Unicode>
                </TextEquiv>
            </TextLine>
            <TextEquiv>
                <Unicode>No soy de los mas viciosos, 
solo me gusta el beber,
jugador, de buen comer,
reñidor y escandaloso.
En mi no se halla reposo, 
solamente crueldad,
bastante necesidad;
y palos de cuando en cuando,
luego no te estes quejando,
yo te digo la verdad.
Ya te he dicho primavera,
para que te dés mas prisa,
de jerga te haré camisa,
y palos en las caderas</Unicode>
            </TextEquiv>
        </TextRegion>
        <GraphicRegion id="Graphic_1607002373810_2048" custom="readingOrder {index:4;}">
            <Coords points="1439,1111 1022,1111 1022,437 1439,437"/>
        </GraphicRegion>
    </Page>
</PcGts>
