1737 2508
623 107 1460 264 SEGUNDA PARTE.
225 583 897 624 Hoy me he propuesto, Tomasa,
205 636 733 675 tu hermosura requebrar,
208 688 610 726 te debo manifestar
212 740 769 784 todo cuanto tengo en casa,
213 794 736 833 ya sé que casaca quieres
217 845 802 888 porque esa prenda en el dia
215 899 758 939 por conveniencia ó mania
212 952 740 992 gustan todas las mujeres,
209 1003 769 1044 y porque una de ellas eres
211 1057 788 1097 blanca, negra, tersa ó pasa
211 1110 754 1148 en mi amor estar sin tasa,
210 1162 889 1202 con franqueza te he de hablar;
215 1213 668 1253 ver si te quieres casar
205 1267 869 1306 hoy me iré propuesto, Tomasa.
253 1418 740 1456 Mi general patrimonio
210 1470 800 1512 es de dos pies y dos manos,
210 1522 714 1562 un higado no muy sano,
212 1574 726 1616 una yel dada al demonio,
205 1628 706 1668 el fuego de S. Antonio,
203 1681 647 1719 en mi no tiene lugar;
207 1734 779 1774 pues se ha llegado á enfriar
207 1785 698 1825 de un todo mi corazon,
203 1838 664 1876 hasta me causa dolor
207 1891 725 1930 tu hermosura requebrar.
203 2041 750 2084 Tengo una pierna de silla,
201 2094 680 2134 una almohada sin lana,
202 2149 727 2188 el marco de una ventana,
939 579 1547 623 de un viejo fogon la hornilla,
940 631 1412 674 tres camisas sin tirilla,
940 684 1398 724 un sillon sin espaldar
944 738 1451 779 un candil para alumbrar
947 791 1466 831 es mi mayor sentimiento,
939 844 1497 884 que para aceite no cuento
937 898 1356 936 te debo manifestar.
993 1048 1509 1087 Y para que te pongas tú
936 1098 1414 1141 y veas si estaré hueco,
940 1155 1529 1193 tengo guardados unos flecos
940 1209 1401 1248 de un pañolon de tisú,
943 1259 1495 1299 para hacerle al niño el bú
938 1312 1618 1354 si es que á parir tu amor pasa,
940 1364 1497 1406 conservo tambien Tomasa
938 1416 1378 1456 una carantoña vieja,
941 1470 1445 1509 conque ya ves mozoleja
936 1524 1504 1565 todo cuanto tengo en casa.
995 1674 1472 1713 Voy á contestarte Juan
928 1728 1378 1769 á tu pasion amorosa,
935 1781 1427 1819 pues lo creo justa cosa
937 1832 1448 1874 corresponder si me dan,
927 1886 1383 1923 si acaso mi personita
930 1937 1405 1977 no se si te hará salero,
930 1990 1451 2031 mas pintartela no quiero
933 2041 1483 2086 pues ve si es fea ó bonita,
932 2094 1421 2138 advierte que Tomasita
934 2149 1458 2192 tiene el genio de alacran,
