<?xml version="1.0" encoding="UTF-8" standalone="yes"?>
<PcGts xmlns="http://schema.primaresearch.org/PAGE/gts/pagecontent/2013-07-15" xmlns:xsi="http://www.w3.org/2001/XMLSchema-instance" xsi:schemaLocation="http://schema.primaresearch.org/PAGE/gts/pagecontent/2013-07-15 http://schema.primaresearch.org/PAGE/gts/pagecontent/2013-07-15/pagecontent.xsd">
    <Metadata>
        <Creator>prov=University of Rostock/Institute of Mathematics/CITlab|PLANET AI GmbH/Gundram Leifert/gundram.leifert@planet-ai.de:name=Pliegos de Cordel (XIXe) - v4(htr_id=27283)::::v=2.6.7
prov=University of Rostock/Institute of Mathematics/CITlab|PLANET AI GmbH/Tobias Gruening/tobias.gruening@planet-ai.de:name=de.uros.citlab.module.baseline2polygon.B2PSeamMultiOriented:v=2.6.7
prov=University of Rostock/Institute of Mathematics/CITlab|PLANET AI GmbH/Tobias Gruening/tobias.gruening@planet-ai.de:name=/net_tf/LA73_249_0mod360.pb:de.uros.citlab.segmentation.CITlab_LA_ML:v=2.6.7
Transkribus</Creator>
        <Created>2020-12-01T15:06:21.879+01:00</Created>
        <LastChange>2020-12-08T17:29:14.442+01:00</LastChange>
        <Comments>
                Measurement unit: pixel
                PrimaryLanguage: 
                Producer: Transkribus
            </Comments>
        <TranskribusMetadata docId="525383" pageId="22318329" pageNr="50" tsid="50196005" status="DONE" userId="66244" imgUrl="https://files.transkribus.eu/Get?id=IORBBUPWXSSFPNGBLVSWKXWI&amp;fileType=view" xmlUrl="https://files.transkribus.eu/Get?id=BGWURGAUANAUEJGJDXCCFANL" imageId="17387844"/>
    </Metadata>
    <Page imageFilename="Moreno_159_2.jpg" imageWidth="1596" imageHeight="2360">
        <PrintSpace>
            <Coords points="142,0 1541,0 1541,2259 142,2259"/>
        </PrintSpace>
        <ReadingOrder>
            <OrderedGroup id="ro_1607519338044" caption="Regions reading order">
                <RegionRefIndexed index="0" regionRef="r_1_1"/>
                <RegionRefIndexed index="1" regionRef="r_2_1"/>
            </OrderedGroup>
        </ReadingOrder>
        <TextRegion orientation="0.0" type="paragraph" id="r_1_1" custom="readingOrder {index:0;}">
            <Coords points="142,142 811,142 811,2246 142,2246"/>
            <TextLine id="r_1_1l1" custom="readingOrder {index:0;}">
                <Coords points="278,191 300,191 300,157 278,157"/>
                <Baseline points="278,180 300,180"/>
                <TextEquiv>
                    <Unicode>2</Unicode>
                </TextEquiv>
            </TextLine>
            <TextLine id="r_1_1l2" custom="readingOrder {index:1;}">
                <Coords points="160,236 186,237 212,238 238,239 264,240 290,240 316,240 342,240 368,240 394,240 420,240 446,241 472,241 498,241 524,241 550,242 576,242 602,244 628,244 654,246 654,213 628,211 602,211 576,209 550,209 524,208 498,208 472,208 446,208 420,207 394,207 368,207 342,207 316,207 290,207 264,207 238,206 212,205 186,204 160,203"/>
                <Baseline points="160,225 186,226 212,227 238,228 264,229 290,229 316,229 342,229 368,229 394,229 420,229 446,230 472,230 498,230 524,230 550,231 576,231 602,233 628,233 654,235"/>
                <TextEquiv>
                    <Unicode>nizo; que doña Violante</Unicode>
                </TextEquiv>
            </TextLine>
            <TextLine id="r_1_1l3" custom="readingOrder {index:2;}">
                <Coords points="166,285 191,285 216,285 242,286 267,286 293,286 318,287 343,287 369,288 394,288 420,289 445,289 470,290 496,290 521,291 547,291 572,292 598,292 598,259 572,259 547,258 521,258 496,257 470,257 445,256 420,256 394,255 369,255 343,254 318,254 293,253 267,253 242,253 216,252 191,252 166,252"/>
                <Baseline points="166,274 191,274 216,274 242,275 267,275 293,275 318,276 343,276 369,277 394,277 420,278 445,278 470,279 496,279 521,280 547,280 572,281 598,281"/>
                <TextEquiv>
                    <Unicode>admitiese el galanteo</Unicode>
                </TextEquiv>
            </TextLine>
            <TextLine id="r_1_1l4" custom="readingOrder {index:3;}">
                <Coords points="162,334 188,334 215,335 241,335 268,336 295,336 321,336 348,337 375,337 401,337 428,337 455,338 481,338 508,338 535,338 561,339 588,339 615,340 641,341 668,342 695,343 695,309 668,308 641,307 615,306 588,305 561,305 535,304 508,304 481,304 455,304 428,303 401,303 375,303 348,303 321,302 295,302 268,302 241,301 215,301 188,300 162,300"/>
                <Baseline points="162,323 188,323 215,324 241,324 268,325 295,325 321,325 348,326 375,326 401,326 428,326 455,327 481,327 508,327 535,327 561,328 588,328 615,329 641,330 668,331 695,332"/>
                <TextEquiv>
                    <Unicode>de don Francisco, que fué</Unicode>
                </TextEquiv>
            </TextLine>
            <TextLine id="r_1_1l5" custom="readingOrder {index:4;}">
                <Coords points="161,382 187,382 214,383 241,384 268,384 294,384 321,384 348,385 375,385 401,385 428,385 455,385 482,385 508,385 535,386 562,386 589,387 615,388 642,389 669,390 696,392 696,358 669,356 642,355 615,354 589,353 562,352 535,352 508,351 482,351 455,351 428,351 401,351 375,351 348,351 321,350 294,350 268,350 241,350 214,349 187,348 161,348"/>
                <Baseline points="161,371 187,371 214,372 241,373 268,373 294,373 321,373 348,374 375,374 401,374 428,374 455,374 482,374 508,374 535,375 562,375 589,376 615,377 642,378 669,379 696,381"/>
                <TextEquiv>
                    <Unicode>causa de su fin sangriento.</Unicode>
                </TextEquiv>
            </TextLine>
            <TextLine id="r_1_1l6" custom="readingOrder {index:5;}">
                <Coords points="164,431 190,432 216,433 242,433 268,434 294,434 320,434 346,434 372,434 398,434 425,434 451,434 477,434 503,435 529,435 555,435 581,436 607,436 633,437 659,438 686,439 686,405 659,404 633,403 607,402 581,402 555,401 529,401 503,401 477,400 451,400 425,400 398,400 372,400 346,400 320,400 294,400 268,400 242,399 216,399 190,398 164,397"/>
                <Baseline points="164,420 190,421 216,422 242,422 268,423 294,423 320,423 346,423 372,423 398,423 425,423 451,423 477,423 503,424 529,424 555,424 581,425 607,425 633,426 659,427 686,428"/>
                <TextEquiv>
                    <Unicode>Y llegó á obrar en los dos</Unicode>
                </TextEquiv>
            </TextLine>
            <TextLine id="r_1_1l7" custom="readingOrder {index:6;}">
                <Coords points="164,481 191,482 219,482 247,482 275,482 302,482 330,482 358,482 386,482 413,483 441,483 469,483 497,483 524,484 552,484 580,485 608,485 635,486 663,487 691,489 719,490 719,456 691,455 663,453 635,452 608,451 580,451 552,450 524,450 497,449 469,449 441,449 413,449 386,448 358,448 330,448 302,448 275,448 247,448 219,448 191,448 164,447"/>
                <Baseline points="164,470 191,471 219,471 247,471 275,471 302,471 330,471 358,471 386,471 413,472 441,472 469,472 497,472 524,473 552,473 580,474 608,474 635,475 663,476 691,478 719,479"/>
                <TextEquiv>
                    <Unicode>con tanta violencia el fuego</Unicode>
                </TextEquiv>
            </TextLine>
            <TextLine id="r_1_1l8" custom="readingOrder {index:7;}">
                <Coords points="162,528 188,529 214,530 240,530 266,531 293,531 319,531 345,532 371,532 397,532 424,532 450,532 476,532 502,532 528,532 555,533 581,533 607,534 633,535 660,536 660,502 633,501 607,500 581,499 555,499 528,498 502,498 476,498 450,498 424,498 397,498 371,498 345,498 319,497 293,497 266,497 240,496 214,496 188,495 162,494"/>
                <Baseline points="162,517 188,518 214,519 240,519 266,520 293,520 319,520 345,521 371,521 397,521 424,521 450,521 476,521 502,521 528,521 555,522 581,522 607,523 633,524 660,525"/>
                <TextEquiv>
                    <Unicode>del amor, que sino fuera</Unicode>
                </TextEquiv>
            </TextLine>
            <TextLine id="r_1_1l9" custom="readingOrder {index:8;}">
                <Coords points="162,578 191,578 221,579 250,579 280,579 310,579 339,580 369,580 398,580 428,580 458,580 487,580 517,580 546,581 576,582 606,582 635,583 665,585 694,586 724,589 754,591 754,557 724,555 694,552 665,551 635,549 606,548 576,548 546,547 517,546 487,546 458,546 428,546 398,546 369,546 339,546 310,545 280,545 250,545 221,545 191,544 162,544"/>
                <Baseline points="162,567 191,567 221,568 250,568 280,568 310,568 339,569 369,569 398,569 428,569 458,569 487,569 517,569 546,570 576,571 606,571 635,572 665,574 694,575 724,578 754,580"/>
                <TextEquiv>
                    <Unicode>incendio que arde encubierto,</Unicode>
                </TextEquiv>
            </TextLine>
            <TextLine id="r_1_1l10" custom="readingOrder {index:9;}">
                <Coords points="166,626 191,626 216,627 242,627 267,627 293,627 318,628 344,628 369,628 395,628 420,628 445,629 471,629 496,629 522,629 547,630 573,630 598,631 624,631 649,632 675,633 675,599 649,598 624,597 598,597 573,596 547,596 522,595 496,595 471,595 445,595 420,594 395,594 369,594 344,594 318,594 293,593 267,593 242,593 216,593 191,592 166,592"/>
                <Baseline points="166,615 191,615 216,616 242,616 267,616 293,616 318,617 344,617 369,617 395,617 420,617 445,618 471,618 496,618 522,618 547,619 573,619 598,620 624,620 649,621 675,622"/>
                <TextEquiv>
                    <Unicode>no dudo se hubiera visto</Unicode>
                </TextEquiv>
            </TextLine>
            <TextLine id="r_1_1l11" custom="readingOrder {index:10;}">
                <Coords points="166,675 197,675 228,675 260,676 291,676 323,676 354,677 385,677 417,678 448,678 480,679 511,679 542,680 574,681 605,681 637,682 668,683 699,684 731,685 762,686 794,687 794,653 762,652 731,651 699,650 668,649 637,648 605,647 574,647 542,646 511,645 480,645 448,644 417,644 385,643 354,643 323,642 291,642 260,642 228,641 197,641 166,641"/>
                <Baseline points="166,664 197,664 228,664 260,665 291,665 323,665 354,666 385,666 417,667 448,667 480,668 511,668 542,669 574,670 605,670 637,671 668,672 699,673 731,674 762,675 794,676"/>
                <TextEquiv>
                    <Unicode>Troya abreviada en dos pechos,</Unicode>
                </TextEquiv>
            </TextLine>
            <TextLine id="r_1_1l12" custom="readingOrder {index:11;}">
                <Coords points="165,725 193,725 221,725 249,725 277,725 305,726 333,726 361,726 389,726 417,727 445,727 473,727 501,727 529,728 557,728 585,729 613,729 641,730 669,730 697,731 726,732 726,698 697,697 669,696 641,696 613,695 585,695 557,694 529,694 501,693 473,693 445,693 417,693 389,692 361,692 333,692 305,692 277,691 249,691 221,691 193,691 165,691"/>
                <Baseline points="165,714 193,714 221,714 249,714 277,714 305,715 333,715 361,715 389,715 417,716 445,716 473,716 501,716 529,717 557,717 585,718 613,718 641,719 669,719 697,720 726,721"/>
                <TextEquiv>
                    <Unicode>que asi me lo dá á entender</Unicode>
                </TextEquiv>
            </TextLine>
            <TextLine id="r_1_1l13" custom="readingOrder {index:12;}">
                <Coords points="162,772 187,773 212,774 238,774 263,774 288,774 314,775 339,775 364,775 390,775 415,775 440,776 466,776 491,776 516,777 542,777 567,778 592,779 618,780 618,746 592,745 567,744 542,743 516,743 491,742 466,742 440,742 415,741 390,741 364,741 339,741 314,741 288,740 263,740 238,740 212,740 187,739 162,738"/>
                <Baseline points="162,761 187,762 212,763 238,763 263,763 288,763 314,764 339,764 364,764 390,764 415,764 440,765 466,765 491,765 516,766 542,766 567,767 592,768 618,769"/>
                <TextEquiv>
                    <Unicode>los precedidos afectos.</Unicode>
                </TextEquiv>
            </TextLine>
            <TextLine id="r_1_1l14" custom="readingOrder {index:13;}">
                <Coords points="159,821 184,821 210,822 235,822 261,822 286,823 312,823 337,823 363,823 388,824 414,824 440,824 465,825 491,826 516,826 542,827 567,828 593,828 618,829 644,831 670,832 670,798 644,797 618,795 593,794 567,794 542,793 516,792 491,792 465,791 440,790 414,790 388,790 363,789 337,789 312,789 286,789 261,788 235,788 210,788 184,787 159,787"/>
                <Baseline points="159,810 184,810 210,811 235,811 261,811 286,812 312,812 337,812 363,812 388,813 414,813 440,813 465,814 491,815 516,815 542,816 567,817 593,817 618,818 644,820 670,821"/>
                <TextEquiv>
                    <Unicode>Hablábanse con la pluma,</Unicode>
                </TextEquiv>
            </TextLine>
            <TextLine id="r_1_1l15" custom="readingOrder {index:14;}">
                <Coords points="168,872 194,872 220,872 246,872 272,872 298,872 324,872 350,872 376,872 402,872 428,873 454,874 480,874 506,875 532,876 558,877 584,878 584,845 558,844 532,843 506,842 480,841 454,841 428,840 402,839 376,839 350,839 324,839 298,839 272,839 246,839 220,839 194,839 168,839"/>
                <Baseline points="168,861 194,861 220,861 246,861 272,861 298,861 324,861 350,861 376,861 402,861 428,862 454,863 480,863 506,864 532,865 558,866 584,867"/>
                <TextEquiv>
                    <Unicode>entendiánse leyendo,</Unicode>
                </TextEquiv>
            </TextLine>
            <TextLine id="r_1_1l16" custom="readingOrder {index:15;}">
                <Coords points="163,926 189,924 215,922 241,921 267,920 293,920 319,920 345,920 371,920 398,920 424,921 450,921 476,922 502,922 528,922 554,922 580,922 606,922 633,921 633,891 606,892 580,892 554,892 528,892 502,892 476,892 450,891 424,891 398,890 371,890 345,890 319,890 293,890 267,890 241,891 215,892 189,894 163,896"/>
                <Baseline points="163,916 189,914 215,912 241,911 267,910 293,910 319,910 345,910 371,910 398,910 424,911 450,911 476,912 502,912 528,912 554,912 580,912 606,912 633,911"/>
                <TextEquiv>
                    <Unicode>y porque don Juan solia</Unicode>
                </TextEquiv>
            </TextLine>
            <TextLine id="r_1_1l17" custom="readingOrder {index:16;}">
                <Coords points="157,968 183,967 209,967 235,967 261,967 287,967 313,967 339,968 365,968 391,969 417,969 443,970 469,970 495,971 521,971 547,972 573,972 599,972 625,972 652,972 652,941 625,941 599,941 573,941 547,941 521,940 495,940 469,939 443,939 417,938 391,938 365,937 339,937 313,936 287,936 261,936 235,936 209,936 183,936 157,937"/>
                <Baseline points="157,958 183,957 209,957 235,957 261,957 287,957 313,957 339,958 365,958 391,959 417,959 443,960 469,960 495,961 521,961 547,962 573,962 599,962 625,962 652,962"/>
                <TextEquiv>
                    <Unicode>en conversacion ó juego</Unicode>
                </TextEquiv>
            </TextLine>
            <TextLine id="r_1_1l18" custom="readingOrder {index:17;}">
                <Coords points="158,1016 183,1016 208,1016 233,1017 258,1017 284,1017 309,1018 334,1018 359,1018 384,1019 410,1019 435,1020 460,1020 485,1020 510,1021 536,1021 561,1021 586,1022 611,1022 636,1022 662,1022 662,988 636,988 611,988 586,988 561,987 536,987 510,987 485,986 460,986 435,986 410,985 384,985 359,984 334,984 309,984 284,983 258,983 233,983 208,982 183,982 158,982"/>
                <Baseline points="158,1005 183,1005 208,1005 233,1006 258,1006 284,1006 309,1007 334,1007 359,1007 384,1008 410,1008 435,1009 460,1009 485,1009 510,1010 536,1010 561,1010 586,1011 611,1011 636,1011 662,1011"/>
                <TextEquiv>
                    <Unicode>divertirse á prima noche</Unicode>
                </TextEquiv>
            </TextLine>
            <TextLine id="r_1_1l19" custom="readingOrder {index:18;}">
                <Coords points="156,1066 181,1066 206,1066 231,1066 256,1066 282,1066 307,1067 332,1067 357,1067 382,1067 408,1068 433,1068 458,1068 483,1069 508,1069 534,1069 559,1069 584,1070 609,1070 634,1070 660,1070 660,1036 634,1036 609,1036 584,1036 559,1035 534,1035 508,1035 483,1035 458,1034 433,1034 408,1034 382,1033 357,1033 332,1033 307,1033 282,1032 256,1032 231,1032 206,1032 181,1032 156,1032"/>
                <Baseline points="156,1055 181,1055 206,1055 231,1055 256,1055 282,1055 307,1056 332,1056 357,1056 382,1056 408,1057 433,1057 458,1057 483,1058 508,1058 534,1058 559,1058 584,1059 609,1059 634,1059 660,1059"/>
                <TextEquiv>
                    <Unicode>fuera de casa, queriendo</Unicode>
                </TextEquiv>
            </TextLine>
            <TextLine id="r_1_1l20" custom="readingOrder {index:19;}">
                <Coords points="151,1117 177,1116 203,1116 229,1116 256,1116 282,1116 308,1116 334,1116 361,1116 387,1116 413,1117 439,1117 466,1117 492,1117 518,1118 544,1118 571,1118 597,1118 623,1118 650,1118 650,1084 623,1084 597,1084 571,1084 544,1084 518,1084 492,1083 466,1083 439,1083 413,1083 387,1082 361,1082 334,1082 308,1082 282,1082 256,1082 229,1082 203,1082 177,1082 151,1083"/>
                <Baseline points="151,1106 177,1105 203,1105 229,1105 256,1105 282,1105 308,1105 334,1105 361,1105 387,1105 413,1106 439,1106 466,1106 492,1106 518,1107 544,1107 571,1107 597,1107 623,1107 650,1107"/>
                <TextEquiv>
                    <Unicode>su ingrata esposa lograr</Unicode>
                </TextEquiv>
            </TextLine>
            <TextLine id="r_1_1l21" custom="readingOrder {index:20;}">
                <Coords points="164,1164 189,1164 215,1163 241,1163 267,1163 293,1163 319,1164 345,1164 371,1164 397,1164 423,1164 448,1164 474,1165 500,1165 526,1165 552,1166 578,1166 604,1167 630,1168 656,1169 682,1170 682,1136 656,1135 630,1134 604,1133 578,1132 552,1132 526,1131 500,1131 474,1131 448,1130 423,1130 397,1130 371,1130 345,1130 319,1130 293,1129 267,1129 241,1129 215,1129 189,1130 164,1130"/>
                <Baseline points="164,1153 189,1153 215,1152 241,1152 267,1152 293,1152 319,1153 345,1153 371,1153 397,1153 423,1153 448,1153 474,1154 500,1154 526,1154 552,1155 578,1155 604,1156 630,1157 656,1158 682,1159"/>
                <TextEquiv>
                    <Unicode>con su amante sus deseos</Unicode>
                </TextEquiv>
            </TextLine>
            <TextLine id="r_1_1l22" custom="readingOrder {index:21;}">
                <Coords points="158,1212 184,1212 210,1212 236,1212 262,1212 288,1212 314,1212 340,1212 366,1212 393,1212 419,1212 445,1212 471,1212 497,1213 523,1214 549,1215 575,1216 601,1217 628,1219 628,1185 601,1183 575,1182 549,1181 523,1180 497,1179 471,1178 445,1178 419,1178 393,1178 366,1178 340,1178 314,1178 288,1178 262,1178 236,1178 210,1178 184,1178 158,1178"/>
                <Baseline points="158,1201 184,1201 210,1201 236,1201 262,1201 288,1201 314,1201 340,1201 366,1201 393,1201 419,1201 445,1201 471,1201 497,1202 523,1203 549,1204 575,1205 601,1206 628,1208"/>
                <TextEquiv>
                    <Unicode>le dió aviso y sitó hora,</Unicode>
                </TextEquiv>
            </TextLine>
            <TextLine id="r_1_1l23" custom="readingOrder {index:22;}">
                <Coords points="162,1261 187,1261 213,1261 238,1261 264,1261 290,1261 315,1261 341,1261 366,1261 392,1261 418,1262 443,1262 469,1262 494,1263 520,1263 546,1264 571,1264 597,1264 622,1265 648,1265 674,1266 674,1232 648,1231 622,1231 597,1230 571,1230 546,1230 520,1229 494,1229 469,1228 443,1228 418,1228 392,1227 366,1227 341,1227 315,1227 290,1227 264,1227 238,1227 213,1227 187,1227 162,1227"/>
                <Baseline points="162,1250 187,1250 213,1250 238,1250 264,1250 290,1250 315,1250 341,1250 366,1250 392,1250 418,1251 443,1251 469,1251 494,1252 520,1252 546,1253 571,1253 597,1253 622,1254 648,1254 674,1255"/>
                <TextEquiv>
                    <Unicode>para conseguir su intento.</Unicode>
                </TextEquiv>
            </TextLine>
            <TextLine id="r_1_1l24" custom="readingOrder {index:23;}">
                <Coords points="150,1310 177,1310 205,1310 233,1310 261,1310 289,1310 316,1310 344,1310 372,1310 400,1311 428,1311 455,1311 483,1311 511,1312 539,1312 567,1312 594,1313 622,1313 650,1314 678,1314 706,1315 706,1281 678,1280 650,1280 622,1279 594,1279 567,1278 539,1278 511,1278 483,1277 455,1277 428,1277 400,1277 372,1276 344,1276 316,1276 289,1276 261,1276 233,1276 205,1276 177,1276 150,1276"/>
                <Baseline points="150,1299 177,1299 205,1299 233,1299 261,1299 289,1299 316,1299 344,1299 372,1299 400,1300 428,1300 455,1300 483,1300 511,1301 539,1301 567,1301 594,1302 622,1302 650,1303 678,1303 706,1304"/>
                <TextEquiv>
                    <Unicode>Y por temer don Francisco</Unicode>
                </TextEquiv>
            </TextLine>
            <TextLine id="r_1_1l25" custom="readingOrder {index:24;}">
                <Coords points="154,1358 182,1358 210,1358 238,1358 266,1358 294,1358 322,1359 351,1359 379,1359 407,1360 435,1360 463,1360 491,1361 519,1361 548,1362 576,1362 604,1363 632,1363 660,1364 688,1364 717,1365 717,1331 688,1330 660,1330 632,1329 604,1329 576,1328 548,1328 519,1327 491,1327 463,1326 435,1326 407,1326 379,1325 351,1325 322,1325 294,1324 266,1324 238,1324 210,1324 182,1324 154,1324"/>
                <Baseline points="154,1347 182,1347 210,1347 238,1347 266,1347 294,1347 322,1348 351,1348 379,1348 407,1349 435,1349 463,1349 491,1350 519,1350 548,1351 576,1351 604,1352 632,1352 660,1353 688,1353 717,1354"/>
                <TextEquiv>
                    <Unicode>no venga á su casa y dentro</Unicode>
                </TextEquiv>
            </TextLine>
            <TextLine id="r_1_1l26" custom="readingOrder {index:25;}">
                <Coords points="154,1406 183,1407 213,1407 243,1407 273,1407 303,1407 333,1407 362,1408 392,1408 422,1408 452,1409 482,1409 512,1410 542,1410 571,1411 601,1411 631,1412 661,1413 691,1413 721,1414 751,1415 751,1381 721,1380 691,1379 661,1379 631,1378 601,1377 571,1377 542,1376 512,1376 482,1375 452,1375 422,1374 392,1374 362,1374 333,1373 303,1373 273,1373 243,1373 213,1373 183,1373 154,1372"/>
                <Baseline points="154,1395 183,1396 213,1396 243,1396 273,1396 303,1396 333,1396 362,1397 392,1397 422,1397 452,1398 482,1398 512,1399 542,1399 571,1400 601,1400 631,1401 661,1402 691,1402 721,1403 751,1404"/>
                <TextEquiv>
                    <Unicode>lo halle don Juan, á un amigo</Unicode>
                </TextEquiv>
            </TextLine>
            <TextLine id="r_1_1l27" custom="readingOrder {index:26;}">
                <Coords points="156,1455 184,1455 212,1455 240,1455 268,1455 296,1455 324,1456 352,1456 380,1456 408,1456 436,1457 464,1457 492,1457 520,1458 548,1458 576,1459 604,1459 632,1460 660,1460 688,1461 716,1462 716,1428 688,1427 660,1426 632,1426 604,1425 576,1425 548,1424 520,1424 492,1423 464,1423 436,1423 408,1422 380,1422 352,1422 324,1422 296,1421 268,1421 240,1421 212,1421 184,1421 156,1421"/>
                <Baseline points="156,1444 184,1444 212,1444 240,1444 268,1444 296,1444 324,1445 352,1445 380,1445 408,1445 436,1446 464,1446 492,1446 520,1447 548,1447 576,1448 604,1448 632,1449 660,1449 688,1450 716,1451"/>
                <TextEquiv>
                    <Unicode>(tambien como el mancebo)</Unicode>
                </TextEquiv>
            </TextLine>
            <TextLine id="r_1_1l28" custom="readingOrder {index:27;}">
                <Coords points="160,1505 188,1505 216,1505 244,1505 272,1505 300,1505 328,1505 356,1505 384,1505 412,1505 441,1505 469,1505 497,1506 525,1506 553,1507 581,1508 609,1509 637,1510 665,1512 693,1514 722,1516 722,1483 693,1481 665,1479 637,1477 609,1476 581,1475 553,1474 525,1473 497,1473 469,1472 441,1472 412,1472 384,1472 356,1472 328,1472 300,1472 272,1472 244,1472 216,1472 188,1472 160,1472"/>
                <Baseline points="160,1494 188,1494 216,1494 244,1494 272,1494 300,1494 328,1494 356,1494 384,1494 412,1494 441,1494 469,1494 497,1495 525,1495 553,1496 581,1497 609,1498 637,1499 665,1501 693,1503 722,1505"/>
                <TextEquiv>
                    <Unicode>para que le hiciese espaldas,</Unicode>
                </TextEquiv>
            </TextLine>
            <TextLine id="r_1_1l29" custom="readingOrder {index:28;}">
                <Coords points="158,1552 183,1551 208,1551 234,1551 259,1551 285,1551 310,1552 335,1552 361,1552 386,1553 412,1553 437,1554 462,1554 488,1555 513,1555 539,1556 564,1557 589,1557 615,1558 640,1558 666,1558 666,1525 640,1525 615,1525 589,1524 564,1524 539,1523 513,1522 488,1522 462,1521 437,1521 412,1520 386,1520 361,1519 335,1519 310,1519 285,1518 259,1518 234,1518 208,1518 183,1518 158,1519"/>
                <Baseline points="158,1541 183,1540 208,1540 234,1540 259,1540 285,1540 310,1541 335,1541 361,1541 386,1542 412,1542 437,1543 462,1543 488,1544 513,1544 539,1545 564,1546 589,1546 615,1547 640,1547 666,1547"/>
                <TextEquiv>
                    <Unicode>le descubrió este secreto.</Unicode>
                </TextEquiv>
            </TextLine>
            <TextLine id="r_1_1l30" custom="readingOrder {index:29;}">
                <Coords points="160,1601 185,1601 211,1601 236,1601 262,1602 288,1602 313,1602 339,1603 365,1603 390,1604 416,1604 441,1604 467,1605 493,1605 518,1605 544,1605 570,1605 595,1605 621,1605 647,1605 647,1571 621,1571 595,1571 570,1571 544,1571 518,1571 493,1571 467,1571 441,1570 416,1570 390,1570 365,1569 339,1569 313,1568 288,1568 262,1568 236,1567 211,1567 185,1567 160,1567"/>
                <Baseline points="160,1590 185,1590 211,1590 236,1590 262,1591 288,1591 313,1591 339,1592 365,1592 390,1593 416,1593 441,1593 467,1594 493,1594 518,1594 544,1594 570,1594 595,1594 621,1594 647,1594"/>
                <TextEquiv>
                    <Unicode>Fueron juntos, y logrose</Unicode>
                </TextEquiv>
            </TextLine>
            <TextLine id="r_1_1l31" custom="readingOrder {index:30;}">
                <Coords points="152,1650 182,1651 212,1651 242,1652 272,1652 302,1652 332,1652 362,1652 392,1652 422,1652 452,1652 482,1652 512,1653 542,1653 572,1654 602,1655 632,1656 662,1657 692,1659 722,1661 752,1663 752,1629 722,1627 692,1625 662,1623 632,1622 602,1621 572,1620 542,1619 512,1619 482,1618 452,1618 422,1618 392,1618 362,1618 332,1618 302,1618 272,1618 242,1618 212,1617 182,1617 152,1616"/>
                <Baseline points="152,1639 182,1640 212,1640 242,1641 272,1641 302,1641 332,1641 362,1641 392,1641 422,1641 452,1641 482,1641 512,1642 542,1642 572,1643 602,1644 632,1645 662,1646 692,1648 722,1650 752,1652"/>
                <TextEquiv>
                    <Unicode>el lance, y no fué el postrero;</Unicode>
                </TextEquiv>
            </TextLine>
            <TextLine id="r_1_1l32" custom="readingOrder {index:31;}">
                <Coords points="156,1701 181,1701 207,1700 233,1699 259,1699 285,1699 310,1699 336,1699 362,1699 388,1699 414,1700 439,1700 465,1700 491,1701 517,1702 543,1702 568,1703 594,1704 620,1705 646,1705 672,1706 672,1672 646,1671 620,1671 594,1670 568,1669 543,1668 517,1668 491,1667 465,1666 439,1666 414,1666 388,1665 362,1665 336,1665 310,1665 285,1665 259,1665 233,1665 207,1666 181,1667 156,1667"/>
                <Baseline points="156,1690 181,1690 207,1689 233,1688 259,1688 285,1688 310,1688 336,1688 362,1688 388,1688 414,1689 439,1689 465,1689 491,1690 517,1691 543,1691 568,1692 594,1693 620,1694 646,1694 672,1695"/>
                <TextEquiv>
                    <Unicode>y viendo tanta hermosura</Unicode>
                </TextEquiv>
            </TextLine>
            <TextLine id="r_1_1l33" custom="readingOrder {index:32;}">
                <Coords points="153,1747 179,1747 205,1747 231,1747 257,1747 283,1747 309,1747 336,1747 362,1748 388,1748 414,1749 440,1749 466,1750 493,1750 519,1751 545,1752 571,1752 597,1753 623,1753 650,1754 650,1720 623,1719 597,1719 571,1718 545,1718 519,1717 493,1716 466,1716 440,1715 414,1715 388,1714 362,1714 336,1713 309,1713 283,1713 257,1713 231,1713 205,1713 179,1713 153,1713"/>
                <Baseline points="153,1736 179,1736 205,1736 231,1736 257,1736 283,1736 309,1736 336,1736 362,1737 388,1737 414,1738 440,1738 466,1739 493,1739 519,1740 545,1741 571,1741 597,1742 623,1742 650,1743"/>
                <TextEquiv>
                    <Unicode>en la dama el compañero</Unicode>
                </TextEquiv>
            </TextLine>
            <TextLine id="r_1_1l34" custom="readingOrder {index:33;}">
                <Coords points="154,1795 180,1795 207,1795 233,1795 260,1795 287,1796 313,1796 340,1796 366,1797 393,1798 420,1798 446,1799 473,1800 499,1800 526,1801 553,1802 579,1803 606,1804 632,1804 659,1805 686,1805 686,1771 659,1771 632,1770 606,1770 579,1769 553,1768 526,1767 499,1766 473,1766 446,1765 420,1764 393,1764 366,1763 340,1762 313,1762 287,1762 260,1761 233,1761 207,1761 180,1761 154,1761"/>
                <Baseline points="154,1784 180,1784 207,1784 233,1784 260,1784 287,1785 313,1785 340,1785 366,1786 393,1787 420,1787 446,1788 473,1789 499,1789 526,1790 553,1791 579,1792 606,1793 632,1793 659,1794 686,1794"/>
                <TextEquiv>
                    <Unicode>de don Francisco, procura</Unicode>
                </TextEquiv>
            </TextLine>
            <TextLine id="r_1_1l35" custom="readingOrder {index:34;}">
                <Coords points="152,1844 178,1844 204,1845 230,1845 256,1845 283,1845 309,1846 335,1846 361,1847 388,1847 414,1848 440,1848 466,1848 493,1849 519,1849 545,1849 571,1850 598,1850 598,1816 571,1816 545,1815 519,1815 493,1815 466,1814 440,1814 414,1814 388,1813 361,1813 335,1812 309,1812 283,1811 256,1811 230,1811 204,1811 178,1810 152,1810"/>
                <Baseline points="152,1833 178,1833 204,1834 230,1834 256,1834 283,1834 309,1835 335,1835 361,1836 388,1836 414,1837 440,1837 466,1837 493,1838 519,1838 545,1838 571,1839 598,1839"/>
                <TextEquiv>
                    <Unicode>alcanzarla, y para ello</Unicode>
                </TextEquiv>
            </TextLine>
            <TextLine id="r_1_1l36" custom="readingOrder {index:35;}">
                <Coords points="151,1893 178,1893 205,1892 232,1892 259,1893 286,1893 313,1893 340,1893 367,1894 394,1894 421,1895 448,1895 475,1896 502,1897 529,1897 556,1898 583,1898 610,1899 637,1899 664,1900 692,1900 692,1866 664,1866 637,1865 610,1865 583,1864 556,1864 529,1863 502,1863 475,1862 448,1861 421,1861 394,1860 367,1860 340,1859 313,1859 286,1859 259,1859 232,1858 205,1858 178,1859 151,1859"/>
                <Baseline points="151,1882 178,1882 205,1881 232,1881 259,1882 286,1882 313,1882 340,1882 367,1883 394,1883 421,1884 448,1884 475,1885 502,1886 529,1886 556,1887 583,1887 610,1888 637,1888 664,1889 692,1889"/>
                <TextEquiv>
                    <Unicode>le escribió algunos papeles</Unicode>
                </TextEquiv>
            </TextLine>
            <TextLine id="r_1_1l37" custom="readingOrder {index:36;}">
                <Coords points="156,1940 181,1941 207,1941 233,1942 258,1942 284,1943 310,1943 335,1943 361,1943 387,1943 412,1943 438,1943 464,1944 489,1944 515,1945 541,1945 566,1946 592,1948 618,1949 644,1950 644,1916 618,1915 592,1914 566,1912 541,1911 515,1911 489,1910 464,1910 438,1909 412,1909 387,1909 361,1909 335,1909 310,1909 284,1909 258,1908 233,1908 207,1907 181,1907 156,1906"/>
                <Baseline points="156,1929 181,1930 207,1930 233,1931 258,1931 284,1932 310,1932 335,1932 361,1932 387,1932 412,1932 438,1932 464,1933 489,1933 515,1934 541,1934 566,1935 592,1937 618,1938 644,1939"/>
                <TextEquiv>
                    <Unicode>muy cariñosos y tiernos,</Unicode>
                </TextEquiv>
            </TextLine>
            <TextLine id="r_1_1l38" custom="readingOrder {index:37;}">
                <Coords points="155,1991 180,1991 206,1991 231,1991 257,1992 283,1992 308,1992 334,1993 360,1993 385,1993 411,1994 436,1994 462,1994 488,1994 513,1995 539,1995 565,1995 590,1996 616,1996 642,1996 642,1962 616,1962 590,1962 565,1961 539,1961 513,1961 488,1960 462,1960 436,1960 411,1960 385,1959 360,1959 334,1959 308,1958 283,1958 257,1958 231,1957 206,1957 180,1957 155,1957"/>
                <Baseline points="155,1980 180,1980 206,1980 231,1980 257,1981 283,1981 308,1981 334,1982 360,1982 385,1982 411,1983 436,1983 462,1983 488,1983 513,1984 539,1984 565,1984 590,1985 616,1985 642,1985"/>
                <TextEquiv>
                    <Unicode>que cualquiera mujer dá</Unicode>
                </TextEquiv>
            </TextLine>
            <TextLine id="r_1_1l39" custom="readingOrder {index:38;}">
                <Coords points="158,2040 183,2040 208,2040 233,2040 258,2040 283,2040 308,2041 333,2041 358,2041 383,2041 408,2042 433,2042 458,2043 483,2043 508,2044 533,2045 558,2045 583,2047 608,2048 634,2049 634,2015 608,2014 583,2013 558,2011 533,2011 508,2010 483,2009 458,2009 433,2008 408,2008 383,2007 358,2007 333,2007 308,2007 283,2006 258,2006 233,2006 208,2006 183,2006 158,2006"/>
                <Baseline points="158,2029 183,2029 208,2029 233,2029 258,2029 283,2029 308,2030 333,2030 358,2030 383,2030 408,2031 433,2031 458,2032 483,2032 508,2033 533,2034 558,2034 583,2036 608,2037 634,2038"/>
                <TextEquiv>
                    <Unicode>al que lo sabe de cierto,</Unicode>
                </TextEquiv>
            </TextLine>
            <TextLine id="r_1_1l40" custom="readingOrder {index:39;}">
                <Coords points="148,2090 173,2090 199,2090 225,2089 251,2089 277,2089 303,2089 329,2090 355,2090 380,2091 406,2091 432,2091 458,2092 484,2093 510,2093 536,2094 562,2094 588,2095 588,2062 562,2061 536,2061 510,2060 484,2060 458,2059 432,2058 406,2058 380,2058 355,2057 329,2057 303,2056 277,2056 251,2056 225,2056 199,2057 173,2057 148,2057"/>
                <Baseline points="148,2079 173,2079 199,2079 225,2078 251,2078 277,2078 303,2078 329,2079 355,2079 380,2080 406,2080 432,2080 458,2081 484,2082 510,2082 536,2083 562,2083 588,2084"/>
                <TextEquiv>
                    <Unicode>con liviandad ocasion,</Unicode>
                </TextEquiv>
            </TextLine>
            <TextLine id="r_1_1l41" custom="readingOrder {index:40;}">
                <Coords points="152,2136 177,2137 203,2138 228,2138 254,2139 280,2139 305,2139 331,2140 356,2140 382,2140 408,2140 433,2140 459,2140 484,2140 510,2140 536,2141 561,2141 587,2142 612,2142 638,2143 664,2144 664,2111 638,2110 612,2109 587,2109 561,2108 536,2108 510,2107 484,2107 459,2107 433,2107 408,2107 382,2107 356,2107 331,2107 305,2106 280,2106 254,2106 228,2105 203,2105 177,2104 152,2103"/>
                <Baseline points="152,2125 177,2126 203,2127 228,2127 254,2128 280,2128 305,2128 331,2129 356,2129 382,2129 408,2129 433,2129 459,2129 484,2129 510,2129 536,2130 561,2130 587,2131 612,2131 638,2132 664,2133"/>
                <TextEquiv>
                    <Unicode>á que tenga atrevimiento.</Unicode>
                </TextEquiv>
            </TextLine>
            <TextLine id="r_1_1l42" custom="readingOrder {index:41;}">
                <Coords points="148,2186 174,2187 201,2187 228,2187 255,2188 282,2188 308,2188 335,2189 362,2189 389,2189 416,2189 442,2190 469,2190 496,2190 523,2190 550,2191 576,2191 603,2191 630,2192 657,2192 684,2193 684,2159 657,2158 630,2158 603,2157 576,2157 550,2157 523,2156 496,2156 469,2156 442,2156 416,2155 389,2155 362,2155 335,2155 308,2154 282,2154 255,2154 228,2153 201,2153 174,2153 148,2152"/>
                <Baseline points="148,2175 174,2176 201,2176 228,2176 255,2177 282,2177 308,2177 335,2178 362,2178 389,2178 416,2178 442,2179 469,2179 496,2179 523,2179 550,2180 576,2180 603,2180 630,2181 657,2181 684,2182"/>
                <TextEquiv>
                    <Unicode>No le responde á ninguno</Unicode>
                </TextEquiv>
            </TextLine>
            <TextLine id="r_1_1l43" custom="readingOrder {index:42;}">
                <Coords points="149,2237 180,2238 212,2238 243,2238 275,2238 306,2238 338,2239 369,2239 401,2240 432,2240 464,2241 496,2241 527,2242 559,2242 590,2243 622,2243 653,2244 685,2244 716,2245 748,2245 780,2245 780,2211 748,2211 716,2211 685,2210 653,2210 622,2209 590,2209 559,2208 527,2208 496,2207 464,2207 432,2206 401,2206 369,2205 338,2205 306,2204 275,2204 243,2204 212,2204 180,2204 149,2203"/>
                <Baseline points="149,2226 180,2227 212,2227 243,2227 275,2227 306,2227 338,2228 369,2228 401,2229 432,2229 464,2230 496,2230 527,2231 559,2231 590,2232 622,2232 653,2233 685,2233 716,2234 748,2234 780,2234"/>
                <TextEquiv>
                    <Unicode>de cuantos le escribió, y viendo</Unicode>
                </TextEquiv>
            </TextLine>
            <TextEquiv>
                <Unicode>2
nizo; que doña Violante
admitiese el galanteo
de don Francisco, que fué
causa de su fin sangriento.
Y llegó á obrar en los dos
con tanta violencia el fuego
del amor, que sino fuera
incendio que arde encubierto,
no dudo se hubiera visto
Troya abreviada en dos pechos,
que asi me lo dá á entender
los precedidos afectos.
Hablábanse con la pluma,
entendiánse leyendo,
y porque don Juan solia
en conversacion ó juego
divertirse á prima noche
fuera de casa, queriendo
su ingrata esposa lograr
con su amante sus deseos
le dió aviso y sitó hora,
para conseguir su intento.
Y por temer don Francisco
no venga á su casa y dentro
lo halle don Juan, á un amigo
(tambien como el mancebo)
para que le hiciese espaldas,
le descubrió este secreto.
Fueron juntos, y logrose
el lance, y no fué el postrero;
y viendo tanta hermosura
en la dama el compañero
de don Francisco, procura
alcanzarla, y para ello
le escribió algunos papeles
muy cariñosos y tiernos,
que cualquiera mujer dá
al que lo sabe de cierto,
con liviandad ocasion,
á que tenga atrevimiento.
No le responde á ninguno
de cuantos le escribió, y viendo</Unicode>
            </TextEquiv>
        </TextRegion>
        <TextRegion orientation="0.0" type="paragraph" id="r_2_1" custom="readingOrder {index:1;}">
            <Coords points="879,189 1541,189 1541,2259 879,2259"/>
            <TextLine id="r_2_1l1" custom="readingOrder {index:0;}">
                <Coords points="912,248 937,249 962,250 987,251 1012,251 1038,252 1063,253 1088,253 1113,253 1138,253 1164,254 1189,254 1214,254 1239,254 1264,254 1290,254 1315,255 1340,255 1365,256 1390,256 1416,257 1416,223 1390,222 1365,222 1340,221 1315,221 1290,220 1264,220 1239,220 1214,220 1189,220 1164,220 1138,219 1113,219 1088,219 1063,219 1038,218 1012,217 987,217 962,216 937,215 912,214"/>
                <Baseline points="912,237 937,238 962,239 987,240 1012,240 1038,241 1063,242 1088,242 1113,242 1138,242 1164,243 1189,243 1214,243 1239,243 1264,243 1290,243 1315,244 1340,244 1365,245 1390,245 1416,246"/>
                <TextEquiv>
                    <Unicode>el pretensor que no hace</Unicode>
                </TextEquiv>
            </TextLine>
            <TextLine id="r_2_1l2" custom="readingOrder {index:1;}">
                <Coords points="916,296 943,297 970,297 997,298 1025,299 1052,299 1079,300 1107,300 1134,301 1161,301 1189,302 1216,302 1243,302 1270,303 1298,304 1325,304 1352,305 1380,305 1407,306 1434,307 1462,307 1462,273 1434,273 1407,272 1380,271 1352,271 1325,270 1298,270 1270,269 1243,268 1216,268 1189,268 1161,267 1134,267 1107,266 1079,266 1052,265 1025,265 997,264 970,263 943,263 916,262"/>
                <Baseline points="916,285 943,286 970,286 997,287 1025,288 1052,288 1079,289 1107,289 1134,290 1161,290 1189,291 1216,291 1243,291 1270,292 1298,293 1325,293 1352,294 1380,294 1407,295 1434,296 1462,296"/>
                <TextEquiv>
                    <Unicode>de su amor ningun aprecio,</Unicode>
                </TextEquiv>
            </TextLine>
            <TextLine id="r_2_1l3" custom="readingOrder {index:2;}">
                <Coords points="916,346 942,347 968,347 995,348 1021,348 1048,348 1074,349 1101,349 1127,349 1154,349 1180,350 1206,350 1233,350 1259,351 1286,351 1312,351 1339,352 1365,352 1392,353 1418,354 1445,355 1445,321 1418,320 1392,319 1365,318 1339,318 1312,317 1286,317 1259,317 1233,316 1206,316 1180,316 1154,315 1127,315 1101,315 1074,315 1048,314 1021,314 995,314 968,313 942,313 916,312"/>
                <Baseline points="916,335 942,336 968,336 995,337 1021,337 1048,337 1074,338 1101,338 1127,338 1154,338 1180,339 1206,339 1233,339 1259,340 1286,340 1312,340 1339,341 1365,341 1392,342 1418,343 1445,344"/>
                <TextEquiv>
                    <Unicode>procuró con mas instancias</Unicode>
                </TextEquiv>
            </TextLine>
            <TextLine id="r_2_1l4" custom="readingOrder {index:3;}">
                <Coords points="907,393 932,394 958,395 984,395 1010,396 1036,396 1062,396 1088,397 1114,397 1140,397 1166,398 1192,398 1218,398 1244,399 1270,400 1296,400 1322,401 1348,402 1374,402 1400,404 1400,370 1374,368 1348,368 1322,367 1296,366 1270,366 1244,365 1218,364 1192,364 1166,364 1140,363 1114,363 1088,363 1062,362 1036,362 1010,362 984,361 958,361 932,360 907,359"/>
                <Baseline points="907,382 932,383 958,384 984,384 1010,385 1036,385 1062,385 1088,386 1114,386 1140,386 1166,387 1192,387 1218,387 1244,388 1270,389 1296,389 1322,390 1348,391 1374,391 1400,393"/>
                <TextEquiv>
                    <Unicode>el lograr el vencimiento.</Unicode>
                </TextEquiv>
            </TextLine>
            <TextLine id="r_2_1l5" custom="readingOrder {index:4;}">
                <Coords points="904,443 929,443 954,443 980,444 1005,444 1031,444 1056,445 1082,445 1107,446 1133,447 1158,447 1183,448 1209,448 1234,449 1260,449 1285,450 1311,450 1336,450 1362,450 1362,416 1336,416 1311,416 1285,416 1260,415 1234,415 1209,414 1183,414 1158,413 1133,413 1107,412 1082,411 1056,411 1031,410 1005,410 980,410 954,409 929,409 904,409"/>
                <Baseline points="904,432 929,432 954,432 980,433 1005,433 1031,433 1056,434 1082,434 1107,435 1133,436 1158,436 1183,437 1209,437 1234,438 1260,438 1285,439 1311,439 1336,439 1362,439"/>
                <TextEquiv>
                    <Unicode>Y viéndose perseguida,</Unicode>
                </TextEquiv>
            </TextLine>
            <TextLine id="r_2_1l6" custom="readingOrder {index:5;}">
                <Coords points="905,495 931,494 958,494 984,494 1011,494 1038,494 1064,494 1091,495 1117,495 1144,495 1171,495 1197,496 1224,496 1250,497 1277,497 1304,498 1330,499 1357,500 1383,500 1410,501 1437,502 1437,468 1410,467 1383,466 1357,466 1330,465 1304,464 1277,463 1250,463 1224,462 1197,462 1171,461 1144,461 1117,461 1091,461 1064,460 1038,460 1011,460 984,460 958,460 931,460 905,461"/>
                <Baseline points="905,484 931,483 958,483 984,483 1011,483 1038,483 1064,483 1091,484 1117,484 1144,484 1171,484 1197,485 1224,485 1250,486 1277,486 1304,487 1330,488 1357,489 1383,489 1410,490 1437,491"/>
                <TextEquiv>
                    <Unicode>y que no valen desprecios,</Unicode>
                </TextEquiv>
            </TextLine>
            <TextLine id="r_2_1l7" custom="readingOrder {index:6;}">
                <Coords points="902,543 930,542 958,542 986,542 1014,542 1042,542 1070,542 1098,542 1126,543 1154,543 1183,543 1211,544 1239,544 1267,545 1295,546 1323,546 1351,547 1379,547 1407,548 1435,548 1464,549 1464,515 1435,514 1407,514 1379,513 1351,513 1323,512 1295,512 1267,511 1239,510 1211,510 1183,509 1154,509 1126,509 1098,508 1070,508 1042,508 1014,508 986,508 958,508 930,508 902,509"/>
                <Baseline points="902,532 930,531 958,531 986,531 1014,531 1042,531 1070,531 1098,531 1126,532 1154,532 1183,532 1211,533 1239,533 1267,534 1295,535 1323,535 1351,536 1379,536 1407,537 1435,537 1464,538"/>
                <TextEquiv>
                    <Unicode>para que este nuevo amante</Unicode>
                </TextEquiv>
            </TextLine>
            <TextLine id="r_2_1l8" custom="readingOrder {index:7;}">
                <Coords points="908,588 933,589 958,589 984,590 1009,590 1035,591 1060,591 1085,591 1111,592 1136,592 1162,592 1187,593 1212,594 1238,594 1263,594 1289,595 1314,596 1340,596 1340,563 1314,563 1289,562 1263,561 1238,561 1212,561 1187,560 1162,559 1136,559 1111,559 1085,558 1060,558 1035,558 1009,557 984,557 958,556 933,556 908,555"/>
                <Baseline points="908,577 933,578 958,578 984,579 1009,579 1035,580 1060,580 1085,580 1111,581 1136,581 1162,581 1187,582 1212,583 1238,583 1263,583 1289,584 1314,585 1340,585"/>
                <TextEquiv>
                    <Unicode>dejára de ser molesto,</Unicode>
                </TextEquiv>
            </TextLine>
            <TextLine id="r_2_1l9" custom="readingOrder {index:8;}">
                <Coords points="896,637 921,637 947,638 973,638 999,639 1025,639 1051,640 1076,640 1102,641 1128,641 1154,641 1180,642 1206,642 1231,642 1257,643 1283,643 1309,643 1335,643 1361,643 1361,609 1335,609 1309,609 1283,609 1257,609 1231,608 1206,608 1180,608 1154,607 1128,607 1102,607 1076,606 1051,606 1025,605 999,605 973,604 947,604 921,603 896,603"/>
                <Baseline points="896,626 921,626 947,627 973,627 999,628 1025,628 1051,629 1076,629 1102,630 1128,630 1154,630 1180,631 1206,631 1231,631 1257,632 1283,632 1309,632 1335,632 1361,632"/>
                <TextEquiv>
                    <Unicode>á don Francisco le dijo:</Unicode>
                </TextEquiv>
            </TextLine>
            <TextLine id="r_2_1l10" custom="readingOrder {index:9;}">
                <Coords points="904,685 934,686 964,687 995,688 1025,689 1055,689 1086,690 1116,691 1146,691 1177,691 1207,692 1237,692 1268,693 1298,693 1328,694 1359,694 1389,694 1419,695 1450,696 1480,696 1511,697 1511,663 1480,662 1450,662 1419,661 1389,660 1359,660 1328,660 1298,659 1268,659 1237,658 1207,658 1177,657 1146,657 1116,657 1086,656 1055,655 1025,655 995,654 964,653 934,652 904,651"/>
                <Baseline points="904,674 934,675 964,676 995,677 1025,678 1055,678 1086,679 1116,680 1146,680 1177,680 1207,681 1237,681 1268,682 1298,682 1328,683 1359,683 1389,683 1419,684 1450,685 1480,685 1511,686"/>
                <TextEquiv>
                    <Unicode>sabras, bien mio, que en tierra</Unicode>
                </TextEquiv>
            </TextLine>
            <TextLine id="r_2_1l11" custom="readingOrder {index:10;}">
                <Coords points="904,736 929,736 955,737 981,737 1007,738 1033,738 1059,738 1085,738 1111,739 1137,739 1162,739 1188,739 1214,740 1240,740 1266,740 1292,741 1318,741 1344,742 1370,742 1396,743 1396,709 1370,708 1344,708 1318,707 1292,707 1266,706 1240,706 1214,706 1188,705 1162,705 1137,705 1111,705 1085,704 1059,704 1033,704 1007,704 981,703 955,703 929,702 904,702"/>
                <Baseline points="904,725 929,725 955,726 981,726 1007,727 1033,727 1059,727 1085,727 1111,728 1137,728 1162,728 1188,728 1214,729 1240,729 1266,729 1292,730 1318,730 1344,731 1370,731 1396,732"/>
                <TextEquiv>
                    <Unicode>que mi marido sospecha</Unicode>
                </TextEquiv>
            </TextLine>
            <TextLine id="r_2_1l12" custom="readingOrder {index:11;}">
                <Coords points="900,784 925,784 950,785 975,785 1000,785 1025,786 1050,786 1075,786 1100,786 1125,787 1151,787 1176,787 1201,788 1226,788 1251,789 1276,789 1301,790 1326,791 1351,792 1376,793 1402,794 1402,760 1376,759 1351,758 1326,757 1301,756 1276,755 1251,755 1226,754 1201,754 1176,753 1151,753 1125,753 1100,752 1075,752 1050,752 1025,752 1000,751 975,751 950,751 925,750 900,750"/>
                <Baseline points="900,773 925,773 950,774 975,774 1000,774 1025,775 1050,775 1075,775 1100,775 1125,776 1151,776 1176,776 1201,777 1226,777 1251,778 1276,778 1301,779 1326,780 1351,781 1376,782 1402,783"/>
                <TextEquiv>
                    <Unicode>tiene, de como lo ofendo,</Unicode>
                </TextEquiv>
            </TextLine>
            <TextLine id="r_2_1l13" custom="readingOrder {index:12;}">
                <Coords points="896,835 922,835 948,835 974,835 1000,835 1026,835 1052,835 1078,835 1104,836 1130,836 1156,837 1182,837 1208,838 1234,838 1260,839 1286,840 1312,840 1338,841 1364,841 1391,842 1391,809 1364,808 1338,808 1312,807 1286,807 1260,806 1234,805 1208,805 1182,804 1156,804 1130,803 1104,803 1078,802 1052,802 1026,802 1000,802 974,802 948,802 922,802 896,802"/>
                <Baseline points="896,824 922,824 948,824 974,824 1000,824 1026,824 1052,824 1078,824 1104,825 1130,825 1156,826 1182,826 1208,827 1234,827 1260,828 1286,829 1312,829 1338,830 1364,830 1391,831"/>
                <TextEquiv>
                    <Unicode>por haber sido tu amigo</Unicode>
                </TextEquiv>
            </TextLine>
            <TextLine id="r_2_1l14" custom="readingOrder {index:13;}">
                <Coords points="896,880 922,881 948,882 974,882 1000,883 1026,884 1052,884 1078,885 1104,885 1130,886 1156,887 1182,887 1208,888 1234,888 1260,889 1286,889 1312,890 1338,890 1364,890 1390,891 1416,891 1416,858 1390,858 1364,857 1338,857 1312,857 1286,856 1260,856 1234,855 1208,855 1182,854 1156,854 1130,853 1104,852 1078,852 1052,851 1026,851 1000,850 974,849 948,849 922,848 896,847"/>
                <Baseline points="896,869 922,870 948,871 974,871 1000,872 1026,873 1052,873 1078,874 1104,874 1130,875 1156,876 1182,876 1208,877 1234,877 1260,878 1286,878 1312,879 1338,879 1364,879 1390,880 1416,880"/>
                <TextEquiv>
                    <Unicode>falso, atrevido, y grosero,</Unicode>
                </TextEquiv>
            </TextLine>
            <TextLine id="r_2_1l15" custom="readingOrder {index:14;}">
                <Coords points="906,932 934,932 962,933 990,933 1018,933 1046,934 1074,934 1102,934 1130,935 1158,935 1186,936 1214,936 1242,937 1270,937 1298,938 1326,938 1354,938 1382,939 1410,939 1438,939 1466,940 1466,906 1438,905 1410,905 1382,905 1354,904 1326,904 1298,904 1270,903 1242,903 1214,902 1186,902 1158,901 1130,901 1102,900 1074,900 1046,900 1018,899 990,899 962,899 934,898 906,898"/>
                <Baseline points="906,921 934,921 962,922 990,922 1018,922 1046,923 1074,923 1102,923 1130,924 1158,924 1186,925 1214,925 1242,926 1270,926 1298,927 1326,927 1354,927 1382,928 1410,928 1438,928 1466,929"/>
                <TextEquiv>
                    <Unicode>que me ha perseguido tanto,</Unicode>
                </TextEquiv>
            </TextLine>
            <TextLine id="r_2_1l16" custom="readingOrder {index:15;}">
                <Coords points="896,981 927,981 959,981 990,982 1022,982 1053,983 1085,983 1116,983 1148,984 1179,984 1211,985 1242,985 1274,986 1305,986 1337,987 1368,987 1400,988 1431,988 1463,989 1494,989 1526,989 1526,956 1494,956 1463,956 1431,955 1400,955 1368,954 1337,954 1305,953 1274,953 1242,952 1211,952 1179,951 1148,951 1116,950 1085,950 1053,950 1022,949 990,949 959,948 927,948 896,948"/>
                <Baseline points="896,970 927,970 959,970 990,971 1022,971 1053,972 1085,972 1116,972 1148,973 1179,973 1211,974 1242,974 1274,975 1305,975 1337,976 1368,976 1400,977 1431,977 1463,978 1494,978 1526,978"/>
                <TextEquiv>
                    <Unicode>que juzgo ha dado á entenderlo.</Unicode>
                </TextEquiv>
            </TextLine>
            <TextLine id="r_2_1l17" custom="readingOrder {index:16;}">
                <Coords points="904,1026 930,1027 957,1028 983,1028 1010,1029 1037,1030 1063,1030 1090,1031 1116,1032 1143,1032 1170,1033 1196,1033 1223,1034 1249,1034 1276,1035 1303,1035 1329,1036 1356,1037 1382,1037 1409,1038 1436,1039 1436,1006 1409,1005 1382,1004 1356,1004 1329,1003 1303,1002 1276,1002 1249,1001 1223,1001 1196,1000 1170,1000 1143,999 1116,999 1090,998 1063,997 1037,997 1010,996 983,995 957,995 930,994 904,993"/>
                <Baseline points="904,1015 930,1016 957,1017 983,1017 1010,1018 1037,1019 1063,1019 1090,1020 1116,1021 1143,1021 1170,1022 1196,1022 1223,1023 1249,1023 1276,1024 1303,1024 1329,1025 1356,1026 1382,1026 1409,1027 1436,1028"/>
                <TextEquiv>
                    <Unicode>Y don Francisco responde,</Unicode>
                </TextEquiv>
            </TextLine>
            <TextLine id="r_2_1l18" custom="readingOrder {index:17;}">
                <Coords points="900,1076 926,1076 952,1077 978,1077 1005,1077 1031,1078 1057,1079 1084,1079 1110,1080 1136,1081 1162,1081 1189,1082 1215,1083 1241,1084 1268,1084 1294,1085 1320,1086 1347,1087 1347,1054 1320,1053 1294,1052 1268,1051 1241,1051 1215,1050 1189,1049 1162,1048 1136,1048 1110,1047 1084,1046 1057,1046 1031,1045 1005,1044 978,1044 952,1044 926,1043 900,1043"/>
                <Baseline points="900,1065 926,1065 952,1066 978,1066 1005,1066 1031,1067 1057,1068 1084,1068 1110,1069 1136,1070 1162,1070 1189,1071 1215,1072 1241,1073 1268,1073 1294,1074 1320,1075 1347,1076"/>
                <TextEquiv>
                    <Unicode>disimulando sus zelos,</Unicode>
                </TextEquiv>
            </TextLine>
            <TextLine id="r_2_1l19" custom="readingOrder {index:18;}">
                <Coords points="896,1124 921,1125 946,1126 971,1126 996,1127 1021,1127 1047,1128 1072,1129 1097,1129 1122,1130 1147,1131 1172,1131 1198,1131 1223,1132 1248,1132 1273,1132 1298,1132 1324,1132 1324,1099 1298,1099 1273,1099 1248,1099 1223,1099 1198,1098 1172,1098 1147,1098 1122,1097 1097,1096 1072,1096 1047,1095 1021,1094 996,1094 971,1093 946,1093 921,1092 896,1091"/>
                <Baseline points="896,1113 921,1114 946,1115 971,1115 996,1116 1021,1116 1047,1117 1072,1118 1097,1118 1122,1119 1147,1120 1172,1120 1198,1120 1223,1121 1248,1121 1273,1121 1298,1121 1324,1121"/>
                <TextEquiv>
                    <Unicode>si quieres asegurarte</Unicode>
                </TextEquiv>
            </TextLine>
            <TextLine id="r_2_1l20" custom="readingOrder {index:19;}">
                <Coords points="898,1172 923,1173 948,1174 973,1174 998,1175 1023,1176 1048,1176 1073,1177 1098,1177 1123,1178 1149,1178 1174,1179 1199,1179 1224,1180 1249,1180 1274,1181 1299,1182 1324,1182 1349,1183 1374,1184 1400,1185 1400,1151 1374,1150 1349,1149 1324,1148 1299,1148 1274,1147 1249,1146 1224,1146 1199,1145 1174,1145 1149,1144 1123,1144 1098,1143 1073,1143 1048,1142 1023,1142 998,1141 973,1140 948,1140 923,1139 898,1138"/>
                <Baseline points="898,1161 923,1162 948,1163 973,1163 998,1164 1023,1165 1048,1165 1073,1166 1098,1166 1123,1167 1149,1167 1174,1168 1199,1168 1224,1169 1249,1169 1274,1170 1299,1171 1324,1171 1349,1172 1374,1173 1400,1174"/>
                <TextEquiv>
                    <Unicode>de aqueste temido riesgo,</Unicode>
                </TextEquiv>
            </TextLine>
            <TextLine id="r_2_1l21" custom="readingOrder {index:20;}">
                <Coords points="904,1223 929,1223 955,1224 981,1224 1007,1224 1032,1225 1058,1225 1084,1226 1110,1226 1136,1227 1161,1227 1187,1228 1213,1228 1239,1229 1265,1230 1290,1230 1316,1231 1342,1231 1368,1232 1394,1232 1394,1198 1368,1198 1342,1197 1316,1197 1290,1196 1265,1196 1239,1195 1213,1194 1187,1194 1161,1193 1136,1193 1110,1192 1084,1192 1058,1191 1032,1191 1007,1190 981,1190 955,1190 929,1189 904,1189"/>
                <Baseline points="904,1212 929,1212 955,1213 981,1213 1007,1213 1032,1214 1058,1214 1084,1215 1110,1215 1136,1216 1161,1216 1187,1217 1213,1217 1239,1218 1265,1219 1290,1219 1316,1220 1342,1220 1368,1221 1394,1221"/>
                <TextEquiv>
                    <Unicode>puedes venirte conmigo,</Unicode>
                </TextEquiv>
            </TextLine>
            <TextLine id="r_2_1l22" custom="readingOrder {index:21;}">
                <Coords points="900,1270 928,1270 957,1271 986,1272 1014,1273 1043,1273 1072,1274 1100,1275 1129,1276 1158,1276 1187,1277 1215,1278 1244,1278 1273,1278 1301,1279 1330,1279 1359,1279 1387,1279 1416,1278 1445,1278 1474,1278 1474,1244 1445,1244 1416,1244 1387,1245 1359,1245 1330,1245 1301,1245 1273,1244 1244,1244 1215,1244 1187,1243 1158,1242 1129,1242 1100,1241 1072,1240 1043,1239 1014,1239 986,1238 957,1237 928,1236 900,1236"/>
                <Baseline points="900,1259 928,1259 957,1260 986,1261 1014,1262 1043,1262 1072,1263 1100,1264 1129,1265 1158,1265 1187,1266 1215,1267 1244,1267 1273,1267 1301,1268 1330,1268 1359,1268 1387,1268 1416,1267 1445,1267 1474,1267"/>
                <TextEquiv>
                    <Unicode>dueño hermoso, que prometo</Unicode>
                </TextEquiv>
            </TextLine>
            <TextLine id="r_2_1l23" custom="readingOrder {index:22;}">
                <Coords points="900,1317 925,1319 951,1320 977,1320 1003,1321 1029,1322 1055,1323 1081,1323 1107,1324 1133,1324 1159,1324 1184,1325 1210,1325 1236,1325 1262,1325 1288,1326 1314,1326 1340,1326 1366,1327 1392,1327 1418,1328 1418,1294 1392,1293 1366,1293 1340,1292 1314,1292 1288,1292 1262,1291 1236,1291 1210,1291 1184,1291 1159,1290 1133,1290 1107,1290 1081,1289 1055,1289 1029,1288 1003,1287 977,1286 951,1286 925,1285 900,1283"/>
                <Baseline points="900,1306 925,1308 951,1309 977,1309 1003,1310 1029,1311 1055,1312 1081,1312 1107,1313 1133,1313 1159,1313 1184,1314 1210,1314 1236,1314 1262,1314 1288,1315 1314,1315 1340,1315 1366,1316 1392,1316 1418,1317"/>
                <TextEquiv>
                    <Unicode>de llevarte á parte, donde</Unicode>
                </TextEquiv>
            </TextLine>
            <TextLine id="r_2_1l24" custom="readingOrder {index:23;}">
                <Coords points="900,1366 925,1367 951,1368 976,1369 1002,1370 1027,1371 1053,1371 1079,1372 1104,1372 1130,1372 1155,1373 1181,1373 1206,1373 1232,1373 1258,1374 1283,1374 1309,1374 1334,1374 1360,1375 1386,1375 1386,1341 1360,1341 1334,1340 1309,1340 1283,1340 1258,1340 1232,1339 1206,1339 1181,1339 1155,1339 1130,1338 1104,1338 1079,1338 1053,1337 1027,1337 1002,1336 976,1335 951,1334 925,1333 900,1332"/>
                <Baseline points="900,1355 925,1356 951,1357 976,1358 1002,1359 1027,1360 1053,1360 1079,1361 1104,1361 1130,1361 1155,1362 1181,1362 1206,1362 1232,1362 1258,1363 1283,1363 1309,1363 1334,1363 1360,1364 1386,1364"/>
                <TextEquiv>
                    <Unicode>los dos seguros estemos.</Unicode>
                </TextEquiv>
            </TextLine>
            <TextLine id="r_2_1l25" custom="readingOrder {index:24;}">
                <Coords points="904,1416 929,1417 955,1418 980,1419 1006,1419 1031,1420 1057,1420 1082,1421 1108,1421 1133,1421 1159,1422 1184,1422 1210,1422 1235,1422 1261,1422 1286,1423 1312,1423 1337,1423 1363,1423 1388,1423 1414,1423 1414,1389 1388,1389 1363,1389 1337,1389 1312,1389 1286,1389 1261,1388 1235,1388 1210,1388 1184,1388 1159,1388 1133,1387 1108,1387 1082,1387 1057,1386 1031,1386 1006,1385 980,1385 955,1384 929,1383 904,1382"/>
                <Baseline points="904,1405 929,1406 955,1407 980,1408 1006,1408 1031,1409 1057,1409 1082,1410 1108,1410 1133,1410 1159,1411 1184,1411 1210,1411 1235,1411 1261,1411 1286,1412 1312,1412 1337,1412 1363,1412 1388,1412 1414,1412"/>
                <TextEquiv>
                    <Unicode>Y luego al punto la dama</Unicode>
                </TextEquiv>
            </TextLine>
            <TextLine id="r_2_1l26" custom="readingOrder {index:25;}">
                <Coords points="896,1466 921,1466 946,1467 972,1467 997,1468 1022,1468 1048,1468 1073,1468 1098,1469 1124,1469 1149,1469 1175,1469 1200,1469 1225,1470 1251,1470 1276,1471 1301,1472 1327,1473 1352,1475 1378,1476 1378,1442 1352,1441 1327,1439 1301,1438 1276,1437 1251,1436 1225,1436 1200,1435 1175,1435 1149,1435 1124,1435 1098,1435 1073,1434 1048,1434 1022,1434 997,1434 972,1433 946,1433 921,1432 896,1432"/>
                <Baseline points="896,1455 921,1455 946,1456 972,1456 997,1457 1022,1457 1048,1457 1073,1457 1098,1458 1124,1458 1149,1458 1175,1458 1200,1458 1225,1459 1251,1459 1276,1460 1301,1461 1327,1462 1352,1464 1378,1465"/>
                <TextEquiv>
                    <Unicode>admitió el ofrecimiento,</Unicode>
                </TextEquiv>
            </TextLine>
            <TextLine id="r_2_1l27" custom="readingOrder {index:26;}">
                <Coords points="900,1517 926,1516 952,1516 978,1516 1005,1516 1031,1516 1057,1517 1083,1517 1110,1517 1136,1518 1162,1518 1188,1519 1215,1519 1241,1520 1267,1520 1294,1520 1294,1486 1267,1486 1241,1486 1215,1485 1188,1485 1162,1484 1136,1484 1110,1483 1083,1483 1057,1483 1031,1482 1005,1482 978,1482 952,1482 926,1482 900,1483"/>
                <Baseline points="900,1506 926,1505 952,1505 978,1505 1005,1505 1031,1505 1057,1506 1083,1506 1110,1506 1136,1507 1162,1507 1188,1508 1215,1508 1241,1509 1267,1509 1294,1509"/>
                <TextEquiv>
                    <Unicode>y respondió liberal:</Unicode>
                </TextEquiv>
            </TextLine>
            <TextLine id="r_2_1l28" custom="readingOrder {index:27;}">
                <Coords points="892,1564 919,1564 946,1564 974,1565 1001,1565 1029,1565 1056,1565 1083,1566 1111,1566 1138,1567 1166,1567 1193,1567 1220,1568 1248,1568 1275,1569 1303,1569 1330,1570 1357,1570 1385,1570 1412,1571 1440,1571 1440,1537 1412,1537 1385,1536 1357,1536 1330,1536 1303,1535 1275,1535 1248,1534 1220,1534 1193,1533 1166,1533 1138,1533 1111,1532 1083,1532 1056,1531 1029,1531 1001,1531 974,1531 946,1530 919,1530 892,1530"/>
                <Baseline points="892,1553 919,1553 946,1553 974,1554 1001,1554 1029,1554 1056,1554 1083,1555 1111,1555 1138,1556 1166,1556 1193,1556 1220,1557 1248,1557 1275,1558 1303,1558 1330,1559 1357,1559 1385,1559 1412,1560 1440,1560"/>
                <TextEquiv>
                    <Unicode>mañana en la noche espero</Unicode>
                </TextEquiv>
            </TextLine>
            <TextLine id="r_2_1l29" custom="readingOrder {index:28;}">
                <Coords points="897,1613 923,1613 950,1613 976,1613 1003,1613 1030,1614 1056,1614 1083,1615 1110,1616 1136,1617 1163,1617 1190,1618 1216,1619 1243,1619 1270,1619 1296,1620 1323,1620 1350,1620 1376,1620 1403,1619 1430,1618 1430,1584 1403,1585 1376,1586 1350,1586 1323,1586 1296,1586 1270,1585 1243,1585 1216,1585 1190,1584 1163,1583 1136,1583 1110,1582 1083,1581 1056,1580 1030,1580 1003,1579 976,1579 950,1579 923,1579 897,1579"/>
                <Baseline points="897,1602 923,1602 950,1602 976,1602 1003,1602 1030,1603 1056,1603 1083,1604 1110,1605 1136,1606 1163,1606 1190,1607 1216,1608 1243,1608 1270,1608 1296,1609 1323,1609 1350,1609 1376,1609 1403,1608 1430,1607"/>
                <TextEquiv>
                    <Unicode>que vengas por mí, que yo</Unicode>
                </TextEquiv>
            </TextLine>
            <TextLine id="r_2_1l30" custom="readingOrder {index:29;}">
                <Coords points="898,1663 923,1663 949,1663 975,1663 1001,1663 1027,1663 1052,1663 1078,1664 1104,1664 1130,1665 1156,1666 1181,1667 1207,1668 1233,1668 1259,1669 1285,1669 1310,1670 1336,1670 1362,1670 1388,1670 1414,1669 1414,1635 1388,1636 1362,1636 1336,1636 1310,1636 1285,1635 1259,1635 1233,1634 1207,1634 1181,1633 1156,1632 1130,1631 1104,1630 1078,1630 1052,1629 1027,1629 1001,1629 975,1629 949,1629 923,1629 898,1629"/>
                <Baseline points="898,1652 923,1652 949,1652 975,1652 1001,1652 1027,1652 1052,1652 1078,1653 1104,1653 1130,1654 1156,1655 1181,1656 1207,1657 1233,1657 1259,1658 1285,1658 1310,1659 1336,1659 1362,1659 1388,1659 1414,1658"/>
                <TextEquiv>
                    <Unicode>prevenida estaré, y luego,</Unicode>
                </TextEquiv>
            </TextLine>
            <TextLine id="r_2_1l31" custom="readingOrder {index:30;}">
                <Coords points="894,1710 919,1710 944,1711 970,1711 995,1711 1020,1712 1046,1712 1071,1713 1096,1713 1122,1714 1147,1714 1173,1714 1198,1715 1223,1715 1249,1715 1274,1716 1299,1716 1325,1716 1350,1716 1376,1716 1376,1682 1350,1682 1325,1682 1299,1682 1274,1682 1249,1681 1223,1681 1198,1681 1173,1680 1147,1680 1122,1680 1096,1679 1071,1679 1046,1678 1020,1678 995,1677 970,1677 944,1677 919,1676 894,1676"/>
                <Baseline points="894,1699 919,1699 944,1700 970,1700 995,1700 1020,1701 1046,1701 1071,1702 1096,1702 1122,1703 1147,1703 1173,1703 1198,1704 1223,1704 1249,1704 1274,1705 1299,1705 1325,1705 1350,1705 1376,1705"/>
                <TextEquiv>
                    <Unicode>que se despidió el galan</Unicode>
                </TextEquiv>
            </TextLine>
            <TextLine id="r_2_1l32" custom="readingOrder {index:31;}">
                <Coords points="888,1758 918,1758 948,1759 978,1760 1008,1761 1039,1761 1069,1762 1099,1762 1129,1763 1159,1763 1190,1763 1220,1764 1250,1764 1280,1765 1310,1765 1341,1765 1371,1765 1401,1766 1431,1766 1461,1766 1492,1767 1492,1733 1461,1732 1431,1732 1401,1732 1371,1731 1341,1731 1310,1731 1280,1731 1250,1730 1220,1730 1190,1729 1159,1729 1129,1729 1099,1728 1069,1728 1039,1727 1008,1727 978,1726 948,1725 918,1724 888,1724"/>
                <Baseline points="888,1747 918,1747 948,1748 978,1749 1008,1750 1039,1750 1069,1751 1099,1751 1129,1752 1159,1752 1190,1752 1220,1753 1250,1753 1280,1754 1310,1754 1341,1754 1371,1754 1401,1755 1431,1755 1461,1755 1492,1756"/>
                <TextEquiv>
                    <Unicode>de la dama, hecho un veneno.</Unicode>
                </TextEquiv>
            </TextLine>
            <TextLine id="r_2_1l33" custom="readingOrder {index:32;}">
                <Coords points="888,1807 916,1807 945,1808 974,1809 1003,1809 1032,1810 1061,1810 1090,1811 1119,1811 1148,1812 1177,1812 1205,1812 1234,1813 1263,1813 1292,1814 1321,1814 1350,1815 1379,1816 1408,1816 1437,1817 1466,1818 1466,1784 1437,1783 1408,1782 1379,1782 1350,1781 1321,1780 1292,1780 1263,1779 1234,1779 1205,1778 1177,1778 1148,1778 1119,1777 1090,1777 1061,1776 1032,1776 1003,1775 974,1775 945,1774 916,1773 888,1773"/>
                <Baseline points="888,1796 916,1796 945,1797 974,1798 1003,1798 1032,1799 1061,1799 1090,1800 1119,1800 1148,1801 1177,1801 1205,1801 1234,1802 1263,1802 1292,1803 1321,1803 1350,1804 1379,1805 1408,1805 1437,1806 1466,1807"/>
                <TextEquiv>
                    <Unicode>se fué en busca de su amigo,</Unicode>
                </TextEquiv>
            </TextLine>
            <TextLine id="r_2_1l34" custom="readingOrder {index:33;}">
                <Coords points="883,1860 914,1860 945,1859 976,1859 1008,1859 1039,1859 1070,1860 1102,1860 1133,1860 1164,1861 1196,1862 1227,1862 1258,1863 1289,1863 1321,1864 1352,1864 1383,1865 1415,1865 1446,1865 1477,1865 1509,1864 1509,1831 1477,1832 1446,1832 1415,1832 1383,1832 1352,1831 1321,1831 1289,1830 1258,1830 1227,1829 1196,1829 1164,1828 1133,1827 1102,1827 1070,1827 1039,1826 1008,1826 976,1826 945,1826 914,1827 883,1827"/>
                <Baseline points="883,1849 914,1849 945,1848 976,1848 1008,1848 1039,1848 1070,1849 1102,1849 1133,1849 1164,1850 1196,1851 1227,1851 1258,1852 1289,1852 1321,1853 1352,1853 1383,1854 1415,1854 1446,1854 1477,1854 1509,1853"/>
                <TextEquiv>
                    <Unicode>y asi que lo halló, encubriendo</Unicode>
                </TextEquiv>
            </TextLine>
            <TextLine id="r_2_1l35" custom="readingOrder {index:34;}">
                <Coords points="892,1905 917,1906 942,1906 968,1906 993,1907 1019,1907 1044,1908 1070,1908 1095,1909 1121,1909 1146,1910 1171,1910 1197,1911 1222,1911 1248,1912 1273,1912 1299,1913 1324,1914 1350,1914 1350,1881 1324,1881 1299,1880 1273,1879 1248,1879 1222,1878 1197,1878 1171,1877 1146,1877 1121,1876 1095,1876 1070,1875 1044,1875 1019,1874 993,1874 968,1873 942,1873 917,1873 892,1872"/>
                <Baseline points="892,1894 917,1895 942,1895 968,1895 993,1896 1019,1896 1044,1897 1070,1897 1095,1898 1121,1898 1146,1899 1171,1899 1197,1900 1222,1900 1248,1901 1273,1901 1299,1902 1324,1903 1350,1903"/>
                <TextEquiv>
                    <Unicode>su enojo, se llegó á él,</Unicode>
                </TextEquiv>
            </TextLine>
            <TextLine id="r_2_1l36" custom="readingOrder {index:35;}">
                <Coords points="884,1952 911,1953 938,1954 965,1954 992,1955 1019,1955 1046,1956 1073,1956 1100,1956 1127,1957 1154,1957 1181,1958 1208,1958 1235,1959 1262,1959 1289,1960 1316,1961 1343,1962 1370,1963 1397,1964 1424,1965 1424,1931 1397,1930 1370,1929 1343,1928 1316,1927 1289,1926 1262,1925 1235,1925 1208,1924 1181,1924 1154,1923 1127,1923 1100,1922 1073,1922 1046,1922 1019,1921 992,1921 965,1920 938,1920 911,1919 884,1918"/>
                <Baseline points="884,1941 911,1942 938,1943 965,1943 992,1944 1019,1944 1046,1945 1073,1945 1100,1945 1127,1946 1154,1946 1181,1947 1208,1947 1235,1948 1262,1948 1289,1949 1316,1950 1343,1951 1370,1952 1397,1953 1424,1954"/>
                <TextEquiv>
                    <Unicode>diciendo á vuscarte vengo,</Unicode>
                </TextEquiv>
            </TextLine>
            <TextLine id="r_2_1l37" custom="readingOrder {index:36;}">
                <Coords points="889,2005 915,2005 941,2004 967,2004 993,2004 1020,2005 1046,2005 1072,2005 1098,2006 1125,2007 1151,2007 1177,2008 1203,2008 1229,2009 1256,2009 1282,2009 1308,2009 1334,2008 1361,2008 1361,1975 1334,1975 1308,1976 1282,1976 1256,1976 1229,1976 1203,1975 1177,1975 1151,1974 1125,1974 1098,1973 1072,1972 1046,1972 1020,1972 993,1971 967,1971 941,1971 915,1972 889,1972"/>
                <Baseline points="889,1994 915,1994 941,1993 967,1993 993,1993 1020,1994 1046,1994 1072,1994 1098,1995 1125,1996 1151,1996 1177,1997 1203,1997 1229,1998 1256,1998 1282,1998 1308,1998 1334,1997 1361,1997"/>
                <TextEquiv>
                    <Unicode>para que vayas conmigo</Unicode>
                </TextEquiv>
            </TextLine>
            <TextLine id="r_2_1l38" custom="readingOrder {index:37;}">
                <Coords points="895,2051 921,2051 947,2051 973,2052 1000,2052 1026,2052 1052,2053 1078,2054 1105,2055 1131,2055 1157,2056 1184,2056 1210,2057 1236,2057 1262,2057 1289,2057 1315,2057 1341,2056 1368,2055 1368,2022 1341,2023 1315,2024 1289,2024 1262,2024 1236,2024 1210,2024 1184,2023 1157,2023 1131,2022 1105,2022 1078,2021 1052,2020 1026,2019 1000,2019 973,2019 947,2018 921,2018 895,2018"/>
                <Baseline points="895,2040 921,2040 947,2040 973,2041 1000,2041 1026,2041 1052,2042 1078,2043 1105,2044 1131,2044 1157,2045 1184,2045 1210,2046 1236,2046 1262,2046 1289,2046 1315,2046 1341,2045 1368,2044"/>
                <TextEquiv>
                    <Unicode>esta noche porque llevo</Unicode>
                </TextEquiv>
            </TextLine>
            <TextLine id="r_2_1l39" custom="readingOrder {index:38;}">
                <Coords points="887,2099 912,2100 937,2101 963,2102 988,2102 1014,2103 1039,2103 1064,2104 1090,2104 1115,2105 1141,2105 1166,2105 1192,2106 1217,2106 1242,2106 1268,2106 1293,2106 1319,2106 1344,2107 1370,2107 1370,2073 1344,2073 1319,2072 1293,2072 1268,2072 1242,2072 1217,2072 1192,2072 1166,2071 1141,2071 1115,2071 1090,2070 1064,2070 1039,2069 1014,2069 988,2068 963,2068 937,2067 912,2066 887,2065"/>
                <Baseline points="887,2088 912,2089 937,2090 963,2091 988,2091 1014,2092 1039,2092 1064,2093 1090,2093 1115,2094 1141,2094 1166,2094 1192,2095 1217,2095 1242,2095 1268,2095 1293,2095 1319,2095 1344,2096 1370,2096"/>
                <TextEquiv>
                    <Unicode>una música á una dama,</Unicode>
                </TextEquiv>
            </TextLine>
            <TextLine id="r_2_1l40" custom="readingOrder {index:39;}">
                <Coords points="887,2149 916,2150 945,2150 974,2151 1003,2152 1032,2152 1061,2153 1090,2154 1119,2154 1148,2155 1177,2155 1206,2156 1235,2156 1264,2156 1293,2156 1322,2156 1351,2156 1380,2156 1409,2156 1438,2156 1468,2156 1468,2122 1438,2122 1409,2122 1380,2122 1351,2122 1322,2122 1293,2122 1264,2122 1235,2122 1206,2122 1177,2121 1148,2121 1119,2120 1090,2120 1061,2119 1032,2118 1003,2118 974,2117 945,2116 916,2116 887,2115"/>
                <Baseline points="887,2138 916,2139 945,2139 974,2140 1003,2141 1032,2141 1061,2142 1090,2143 1119,2143 1148,2144 1177,2144 1206,2145 1235,2145 1264,2145 1293,2145 1322,2145 1351,2145 1380,2145 1409,2145 1438,2145 1468,2145"/>
                <TextEquiv>
                    <Unicode>con quien casarme pretendo.</Unicode>
                </TextEquiv>
            </TextLine>
            <TextLine id="r_2_1l41" custom="readingOrder {index:40;}">
                <Coords points="880,2198 905,2198 931,2199 956,2199 982,2200 1007,2200 1033,2200 1058,2201 1084,2201 1109,2202 1135,2202 1160,2203 1186,2204 1211,2204 1237,2205 1262,2205 1288,2206 1314,2206 1314,2172 1288,2172 1262,2171 1237,2171 1211,2170 1186,2170 1160,2169 1135,2168 1109,2168 1084,2167 1058,2167 1033,2166 1007,2166 982,2166 956,2165 931,2165 905,2164 880,2164"/>
                <Baseline points="880,2187 905,2187 931,2188 956,2188 982,2189 1007,2189 1033,2189 1058,2190 1084,2190 1109,2191 1135,2191 1160,2192 1186,2193 1211,2193 1237,2194 1262,2194 1288,2195 1314,2195"/>
                <TextEquiv>
                    <Unicode>Acompañole el amigo</Unicode>
                </TextEquiv>
            </TextLine>
            <TextLine id="r_2_1l42" custom="readingOrder {index:41;}">
                <Coords points="884,2255 912,2253 940,2252 968,2252 996,2252 1025,2251 1053,2252 1081,2252 1109,2252 1137,2253 1166,2253 1194,2254 1222,2255 1250,2255 1278,2256 1307,2256 1335,2256 1363,2256 1391,2256 1419,2256 1448,2255 1448,2221 1419,2222 1391,2222 1363,2222 1335,2222 1307,2222 1278,2222 1250,2221 1222,2221 1194,2220 1166,2219 1137,2219 1109,2218 1081,2218 1053,2218 1025,2217 996,2218 968,2218 940,2218 912,2219 884,2221"/>
                <Baseline points="884,2244 912,2242 940,2241 968,2241 996,2241 1025,2240 1053,2241 1081,2241 1109,2241 1137,2242 1166,2242 1194,2243 1222,2244 1250,2244 1278,2245 1307,2245 1335,2245 1363,2245 1391,2245 1419,2245 1448,2244"/>
                <TextEquiv>
                    <Unicode>y en conversasion se fueron,</Unicode>
                </TextEquiv>
            </TextLine>
            <TextEquiv>
                <Unicode>el pretensor que no hace
de su amor ningun aprecio,
procuró con mas instancias
el lograr el vencimiento.
Y viéndose perseguida,
y que no valen desprecios,
para que este nuevo amante
dejára de ser molesto,
á don Francisco le dijo:
sabras, bien mio, que en tierra
que mi marido sospecha
tiene, de como lo ofendo,
por haber sido tu amigo
falso, atrevido, y grosero,
que me ha perseguido tanto,
que juzgo ha dado á entenderlo.
Y don Francisco responde,
disimulando sus zelos,
si quieres asegurarte
de aqueste temido riesgo,
puedes venirte conmigo,
dueño hermoso, que prometo
de llevarte á parte, donde
los dos seguros estemos.
Y luego al punto la dama
admitió el ofrecimiento,
y respondió liberal:
mañana en la noche espero
que vengas por mí, que yo
prevenida estaré, y luego,
que se despidió el galan
de la dama, hecho un veneno.
se fué en busca de su amigo,
y asi que lo halló, encubriendo
su enojo, se llegó á él,
diciendo á vuscarte vengo,
para que vayas conmigo
esta noche porque llevo
una música á una dama,
con quien casarme pretendo.
Acompañole el amigo
y en conversasion se fueron,</Unicode>
            </TextEquiv>
        </TextRegion>
    </Page>
</PcGts>
