1737 2508
1492 103 1511 255 7
208 234 647 271 alegre porque juzgaba
206 284 676 320 lograr mas feliz suceso.
209 330 659 367 Y por calles escusadas
205 380 746 418 van dando muchos rodeos,
208 429 633 467 hasta llegar á la casa
210 478 792 514 de don Juan, donde siguiendo
209 526 721 564 entró Pedro que allí tiene
205 575 782 612 dos caballos, porque en ellos
209 624 644 661 pudiesen de la ciudad
209 673 713 708 salir del peligro huyendo.
210 722 726 757 Y aunque esta dama tenia
214 769 658 807 bastante conocimiento
208 820 704 855 de la casa, con la mucha
216 868 650 905 obscuridad á perderlo
218 918 775 955 llegó, y así se fué entrando,
219 966 755 1001 sirviendo de vista el tiento.
226 1014 806 1051 Y á tiempo, que habia pasado
217 1064 759 1102 ya de la puerta de enmedio,
220 1113 686 1147 oyó á don Luis que dijo,
211 1161 748 1198 Pedro, mucho te agradezco
215 1210 744 1250 el cuidado que has tenido,
223 1260 750 1298 ven mañana y nos veremos,
225 1307 625 1344 y llevarás hacia allá
222 1356 654 1392 el dinero que te debo.
211 1406 654 1444 Sobresaltóse Violante,
219 1452 645 1490 y quiso salir huyendo
221 1503 639 1538 disimulada á la calle;
217 1551 727 1587 pero sintió que la acieron
218 1600 790 1635 de un brazo y como callendo
216 1648 748 1686 la guiaban, y entendiendo,
215 1695 699 1733 que era Pedro, le siguió
220 1746 724 1781 aunque con algun recelo.
220 1794 753 1831 Mas en llegando á una sala
220 1843 754 1879 baja, donde estaba ardiendo
223 1891 589 1928 una luz, reconoció
229 1941 719 1977 que era su peligro cierto,
227 1990 873 2026 porque en manos de su hermano
224 2040 830 2075 se halló, y vió, que del asiento
220 2087 628 2122 su esposo se levantó,
226 2135 637 2173 y que su furioso seño
225 2186 775 2220 daba muestras de su enojo:
229 2234 739 2273 y que irritado, y soberbio
929 233 1452 270 su hermano dijo: traidora,
930 282 1377 319 tu delito á el paradero
940 332 1449 367 te ha traido, pues, y aquí
940 380 1447 415 tus livianos pensamientos
941 427 1394 464 cesarán, y la deshonra,
944 477 1491 513 que yo, y tu esposo tenemos
944 526 1486 561 por ti, con tu propia sangre
941 575 1523 610 tendrá fin tambien; y oyendo
939 623 1399 659 estás palabras, turbada
933 670 1513 711 se ha arrodillado en el suelo,
942 720 1489 759 diciendo: hermano querido,
937 769 1434 806 y esposo y señor, ya veo,
947 819 1535 854 que Dios quiere de que pague
943 867 1520 904 las ofensas que os he hecho,
940 916 1434 952 mas antes que de la vida
948 964 1436 1002 me desposeais, os ruego,
939 1011 1409 1050 me traigan un confesor,
949 1062 1502 1098 porque las culpas que tengo
941 1112 1547 1147 son tantas, que ha de perderse
939 1160 1466 1195 si muero y no me confieso
946 1208 1437 1245 mi alma, y así por Cristo
945 1257 1382 1293 á suplicároslo vuelvo.
946 1304 1548 1344 Y aunque de la ofensa estaban
944 1356 1364 1391 irritados, no por eso
940 1403 1430 1444 se dieron á la venganza;
953 1453 1387 1489 uniformes estubieron,
953 1503 1428 1538 para que de lo que pide
952 1550 1502 1586 se procure el cumplimiento.
950 1598 1366 1635 Y para ello don Luis
953 1648 1382 1684 salió y con paso ligero
950 1696 1342 1735 a santa María llegó,
953 1747 1460 1782 y llamó al Cura, diciendo,
959 1796 1512 1832 que á su cuñado había dado
956 1844 1444 1880 en aquel instante mesmo
949 1893 1450 1930 de repente un accidente,
959 1942 1461 1980 y que se queda muriendo:
953 1992 1384 2028 y que le hiciese favor
959 2040 1511 2077 de irlo á confesar, y el lecho
958 2088 1364 2124 dejó, y para poder ir
958 2136 1440 2177 á confesarlo mas presto,
959 2186 1430 2222 por la calle iba, y se iba
955 2235 1455 2272 acabando de ir vistiendo.
