1676 2448
1444 45 1466 197 3
146 177 750 214 hasta, que llegando á un sitio,
148 225 632 263 donde nadie podia verlo,
153 274 675 309 el traidor de don Francisco
149 322 616 358 tendió la capa diciendo:
153 371 671 406 aquí habemos de aguardar
154 420 641 455 á los músicos, que tengo
148 468 690 507 citados, y mientras vienen,
151 517 720 556 será bien que descansemos.
152 565 548 602 Puso para cabecera
153 615 639 652 la rodela y el sombrero:
154 663 606 699 acostose, y persuadido
148 712 632 751 el amigo hizo lo mesmo,
145 762 669 800 y cuando vido que estaba
152 811 704 849 poco menos que durmiendo,
150 858 658 897 se levantó, y á la espada,
152 907 714 947 porque se hallase indefenso,
160 956 728 995 le puso el pié, y con la suya
147 1004 685 1045 siete veces contra el suelo
148 1053 626 1094 le cosió, y juzgando ya,
153 1101 664 1145 quedaba del todo muerto,
160 1151 678 1191 le dejò y se fué á su casa,
157 1200 702 1240 cual si nada hubiera hecho,
151 1248 754 1291 Mas volviendo en si el herido,
150 1296 698 1337 haciendo algunos esfuerzos
158 1346 634 1386 arrimado á las paredes.
158 1394 670 1438 y muchas veces cayendo,
150 1442 568 1481 á la una de la noche
159 1492 742 1531 llegó á la puerta de un deudo
157 1540 663 1579 suyo á llamar pero eran
158 1589 782 1632 los golpes que dió tan quedos,
167 1638 701 1677 que su pariente que estaba
159 1687 692 1726 en aquel tiempo despierto,
159 1736 754 1774 con la escopeta en las manos
162 1785 738 1824 salió á una reja, entendiendo,
160 1834 805 1872 que eran ladrones, que estaban
162 1883 656 1922 abrièndola; pero viendo,
164 1932 636 1967 un vulto que se quejaba
163 1979 654 2019 con desmayados acentos,
160 2028 662 2066 ha dicho: quién está ahí?
165 2077 680 2115 Y él le dijo respondiendo,
156 2126 728 2164 su nombre, y de tal manera!
160 2178 791 2216 fué, que apenas se oyó el eco,
879 172 1403 216 y hasta entenderlo, estubo
884 223 1341 259 dudoso como suspenso.
883 271 1315 308 Y así, que le conoció,
876 317 1455 358 bajó, y las puertas abriendo,
884 367 1440 406 del suelo le alzó á los brazos,
883 416 1359 455 y llevándolo á su lecho,
884 465 1282 502 alborotó los criados;
888 514 1385 551 para que fuesen corriendo
875 562 1317 600 á avisarle á la justicia,
877 612 1434 647 en el interin, que èl mesmo
880 660 1286 696 iba por un confesor.
881 708 1465 746 Y en breve espacio de tiempo
886 758 1330 794 dijo en su declaracion,
887 806 1407 844 quien así lo habia puesto,
885 856 1379 895 y confesadas sus culpas,
884 905 1470 941 con grande arrepentimiento,
883 954 1467 989 á las cuatro en punto el alma
893 1002 1501 1038 dió al Criador de tierra y cielo.
895 1050 1427 1085 Y apenas el sol los montes
896 1098 1366 1136 coronó con sus reflejos,
887 1147 1404 1185 cuando dentro de su casa
896 1196 1408 1233 al matador lo prendieron.
895 1245 1324 1283 Y como esta novedad
884 1296 1384 1331 se divulgó por el pueblo,
889 1343 1391 1381 llegó á oidos de la dama,
889 1392 1463 1432 y ella asustada, entendiendo,
897 1440 1478 1478 que el deshonor de su esposo
887 1490 1336 1526 estaba ya descubierto,
883 1538 1303 1574 rezelosa del peligro,
887 1586 1424 1622 antes que llegue á saberlo,
900 1634 1379 1671 tomó sus oros, y cuanto
893 1683 1410 1722 pudo hallar de valimiento,
893 1732 1352 1769 y tapada con su manto
895 1781 1383 1818 sola se fué al Monasterio
899 1831 1338 1866 de santa Clara, y en él
892 1879 1388 1916 halló luego acogimiento;
895 1929 1381 1966 y como despues se supo
889 1977 1370 2018 todo cuanto dicho dejo,
893 2027 1570 2061 D. Juan, su hermano y sus padres
895 2074 1439 2111 tanto sentimiento hicieron,
904 2124 1468 2159 que en muchos dias despues
896 2174 1504 2210 no hubo quien pudiese verlos,
