1765 2512
334 187 368 223 4
229 234 698 272 Y de la pena oprimidos,
234 282 752 322 los dos viejos fallecieren,
231 332 805 375 y ella dentro en la clausura
233 382 720 418 supo bien estos sucesos,
228 430 757 466 sin que ignorase de todos,
225 477 890 516 ni aun siquiera el menor de ellos
233 523 779 567 y un papel escribió, y hubo
235 574 810 614 quien, porque le dió dineros,
232 623 674 662 á la cárcel lo llevase,
229 670 797 713 y respondiendo al momento
231 721 826 759 D. Francisco, desde entonces
234 771 758 807 los dos se corespondieron,
236 819 808 857 mientras, que el pleito duró,
242 867 758 905 que segun noticias tengo,
240 915 830 953 entre el prenderlo, y soltarlo,
236 963 731 1003 años hubo de por medio.
234 1014 809 1052 Y al fin le dan por sentencia
241 1061 685 1101 de su delito destierro,
237 1112 830 1153 y antes que lo echasen fuera
245 1161 785 1198 de aquel dilatado encierro,
237 1208 687 1247 á dona Violante envia
237 1256 681 1296 en un billete pequeño
240 1306 726 1344 á decir: sabrás por este
244 1352 901 1393 dueño hermoso, que me ausento
239 1404 724 1442 de Segovia, y ha de ser
243 1455 799 1494 el salir de ella muy presto,
957 219 1515 263 porque es castigo, y preciso
967 271 1409 308 es callar y obedecerlo
959 319 1410 357 A vívir muriendo voy,
959 368 1505 408 si acaso es que vivir puedo,
967 415 1483 455 sin que tenga de tu mano,
975 466 1426 504 para mí divertimiento,
969 514 1499 552 las letras, que tantas veces
963 561 1547 601 me han servido de consuelo,
971 609 1435 650 Y ella le envió á decir:
964 659 1445 699 si te vas y yo me quedo
971 707 1465 748 en Segovia he de hacer,
976 756 1504 798 que ciña un lazo mi cuello,
975 805 1484 846 porque acaben de una vez
969 855 1486 893 mi vida y mi sentimiento.
971 903 1386 941 Y sino quieres saber,
963 953 1523 993 que desesperada he muerto,
963 1002 1448 1040 llévame contigo, y paga
976 1051 1542 1088 el mucho amor que te tengo,
969 1099 1414 1140 que para seguirte yo,
965 1147 1547 1188 saldré de aqueste Convento;
974 1195 1484 1235 sin que me vea ninguna
975 1244 1598 1284 de cuantas se encierran dentro.
980 1290 1550 1332 Y lo que despues de aquesta
972 1340 1512 1381 respuesta de tanto arresto
977 1391 1503 1429 sucedió, en otro romance
981 1442 1431 1480 lo diré lector discreto.
575 1822 1352 1977 Fin de la primera parte.
