<?xml version="1.0" encoding="UTF-8" standalone="yes"?>
<PcGts xmlns="http://schema.primaresearch.org/PAGE/gts/pagecontent/2013-07-15" xmlns:xsi="http://www.w3.org/2001/XMLSchema-instance" xsi:schemaLocation="http://schema.primaresearch.org/PAGE/gts/pagecontent/2013-07-15 http://schema.primaresearch.org/PAGE/gts/pagecontent/2013-07-15/pagecontent.xsd">
    <Metadata>
        <Creator>prov=University of Rostock/Institute of Mathematics/CITlab|PLANET AI GmbH/Gundram Leifert/gundram.leifert@planet-ai.de:name=Pliegos de Cordel (XIXe) - v4(htr_id=27283)::::v=2.6.7
prov=University of Rostock/Institute of Mathematics/CITlab|PLANET AI GmbH/Tobias Gruening/tobias.gruening@planet-ai.de:name=de.uros.citlab.module.baseline2polygon.B2PSeamMultiOriented:v=2.6.7
prov=University of Rostock/Institute of Mathematics/CITlab|PLANET AI GmbH/Tobias Gruening/tobias.gruening@planet-ai.de:name=/net_tf/LA73_249_0mod360.pb:de.uros.citlab.segmentation.CITlab_LA_ML:v=2.6.7
Transkribus</Creator>
        <Created>2020-12-01T15:06:23.386+01:00</Created>
        <LastChange>2020-12-08T17:30:09.687+01:00</LastChange>
        <Comments>
                Measurement unit: pixel
                PrimaryLanguage: 
                Producer: Transkribus
            </Comments>
        <TranskribusMetadata docId="525383" pageId="22318334" pageNr="54" tsid="50196048" status="DONE" userId="66244" imgUrl="https://files.transkribus.eu/Get?id=PUZWTITIWCXWEVHDNCPZBEQM&amp;fileType=view" xmlUrl="https://files.transkribus.eu/Get?id=QKNDDNEPNGBLAWDVGLRURPYG" imageId="17387849"/>
    </Metadata>
    <Page imageFilename="Moreno_159_6.jpg" imageWidth="1765" imageHeight="2512">
        <PrintSpace>
            <Coords points="54,0 1765,0 1765,2512 54,2512"/>
        </PrintSpace>
        <ReadingOrder>
            <OrderedGroup id="ro_1607519338323" caption="Regions reading order">
                <RegionRefIndexed index="0" regionRef="r_1_1"/>
                <RegionRefIndexed index="1" regionRef="r_2_1"/>
            </OrderedGroup>
        </ReadingOrder>
        <TextRegion orientation="0.0" type="paragraph" id="r_1_1" custom="readingOrder {index:0;}">
            <Coords points="209,150 848,150 848,2265 209,2265"/>
            <TextLine id="line_1607445002498_2526" custom="readingOrder {index:0;}">
                <Coords points="302,203 338,203 338,161 302,161"/>
                <TextEquiv>
                    <Unicode>6</Unicode>
                </TextEquiv>
            </TextLine>
            <TextLine id="r_1_1l1" custom="readingOrder {index:1;}">
                <Coords points="218,256 244,256 270,256 296,256 322,256 348,256 375,255 401,255 427,255 453,254 479,254 505,253 532,253 558,253 584,252 610,252 636,252 662,253 689,253 689,219 662,219 636,218 610,218 584,218 558,219 532,219 505,219 479,220 453,220 427,221 401,221 375,221 348,222 322,222 296,222 270,222 244,222 218,222"/>
                <Baseline points="218,245 244,245 270,245 296,245 322,245 348,245 375,244 401,244 427,244 453,243 479,243 505,242 532,242 558,242 584,241 610,241 636,241 662,242 689,242"/>
                <TextEquiv>
                    <Unicode>le dice; con mi cuñado</Unicode>
                </TextEquiv>
            </TextLine>
            <TextLine id="r_1_1l2" custom="readingOrder {index:2;}">
                <Coords points="217,306 242,305 267,305 292,305 317,304 342,304 367,303 393,303 418,303 443,302 468,302 493,302 518,302 544,302 569,302 594,302 619,302 644,303 669,303 695,304 695,270 669,269 644,269 619,268 594,268 569,268 544,268 518,268 493,268 468,268 443,268 418,269 393,269 367,269 342,270 317,270 292,271 267,271 242,271 217,272"/>
                <Baseline points="217,295 242,294 267,294 292,294 317,293 342,293 367,292 393,292 418,292 443,291 468,291 493,291 518,291 544,291 569,291 594,291 619,291 644,292 669,292 695,293"/>
                <TextEquiv>
                    <Unicode>hechas amistades tengo,</Unicode>
                </TextEquiv>
            </TextLine>
            <TextLine id="r_1_1l3" custom="readingOrder {index:3;}">
                <Coords points="213,357 242,356 271,356 300,355 329,354 358,354 387,353 416,352 445,352 474,352 503,351 532,351 561,351 590,350 619,350 648,350 677,350 706,350 735,350 764,350 793,350 793,316 764,316 735,316 706,316 677,316 648,316 619,316 590,316 561,317 532,317 503,317 474,318 445,318 416,318 387,319 358,320 329,320 300,321 271,322 242,322 213,323"/>
                <Baseline points="213,346 242,345 271,345 300,344 329,343 358,343 387,342 416,341 445,341 474,341 503,340 532,340 561,340 590,339 619,339 648,339 677,339 706,339 735,339 764,339 793,339"/>
                <TextEquiv>
                    <Unicode>para que vuelva á hacer vida</Unicode>
                </TextEquiv>
            </TextLine>
            <TextLine id="r_1_1l4" custom="readingOrder {index:4;}">
                <Coords points="212,404 241,404 271,403 300,403 330,402 360,402 389,402 419,402 448,401 478,401 508,401 537,401 567,401 596,401 626,401 656,401 685,401 715,401 744,401 774,401 804,401 804,367 774,367 744,367 715,367 685,367 656,367 626,367 596,367 567,367 537,367 508,367 478,367 448,367 419,368 389,368 360,368 330,368 300,369 271,369 241,370 212,370"/>
                <Baseline points="212,393 241,393 271,392 300,392 330,391 360,391 389,391 419,391 448,390 478,390 508,390 537,390 567,390 596,390 626,390 656,390 685,390 715,390 744,390 774,390 804,390"/>
                <TextEquiv>
                    <Unicode>mi hermana con él, y quiero,</Unicode>
                </TextEquiv>
            </TextLine>
            <TextLine id="r_1_1l5" custom="readingOrder {index:5;}">
                <Coords points="217,452 245,453 273,453 302,453 330,453 359,453 387,452 415,452 444,451 472,450 501,450 529,449 557,448 586,448 614,448 643,448 671,448 699,448 728,449 756,450 785,452 785,419 756,417 728,416 699,415 671,415 643,415 614,415 586,415 557,415 529,416 501,417 472,417 444,418 415,419 387,419 359,420 330,420 302,420 273,420 245,420 217,419"/>
                <Baseline points="217,441 245,442 273,442 302,442 330,442 359,442 387,441 415,441 444,440 472,439 501,439 529,438 557,437 586,437 614,437 643,437 671,437 699,437 728,438 756,439 785,441"/>
                <TextEquiv>
                    <Unicode>que, pues, tu hablas con el,</Unicode>
                </TextEquiv>
            </TextLine>
            <TextLine id="r_1_1l6" custom="readingOrder {index:6;}">
                <Coords points="228,499 253,500 278,500 303,500 329,499 354,499 379,499 405,499 430,498 455,498 481,497 506,497 531,497 556,496 582,496 607,496 632,497 658,497 683,497 708,498 734,499 734,466 708,465 683,464 658,464 632,464 607,463 582,463 556,463 531,464 506,464 481,464 455,465 430,465 405,466 379,466 354,466 329,466 303,467 278,467 253,467 228,466"/>
                <Baseline points="228,488 253,489 278,489 303,489 329,488 354,488 379,488 405,488 430,487 455,487 481,486 506,486 531,486 556,485 582,485 607,485 632,486 658,486 683,486 708,487 734,488"/>
                <TextEquiv>
                    <Unicode>le des ayuda á mi intento,</Unicode>
                </TextEquiv>
            </TextLine>
            <TextLine id="r_1_1l7" custom="readingOrder {index:7;}">
                <Coords points="215,548 241,548 268,549 294,549 321,549 347,548 374,548 400,548 427,548 453,548 480,547 506,547 533,547 559,547 586,546 612,547 639,547 639,513 612,513 586,512 559,513 533,513 506,513 480,513 453,514 427,514 400,514 374,514 347,514 321,515 294,515 268,515 241,514 215,514"/>
                <Baseline points="215,537 241,537 268,538 294,538 321,538 347,537 374,537 400,537 427,537 453,537 480,536 506,536 533,536 559,536 586,535 612,536 639,536"/>
                <TextEquiv>
                    <Unicode>que si yo llego por ti</Unicode>
                </TextEquiv>
            </TextLine>
            <TextLine id="r_1_1l8" custom="readingOrder {index:8;}">
                <Coords points="224,598 249,598 275,598 300,597 326,597 351,596 377,596 403,596 428,595 454,595 479,595 505,595 530,595 556,595 582,595 607,595 633,595 658,595 684,596 710,597 710,563 684,562 658,561 633,561 607,561 582,561 556,561 530,561 505,561 479,561 454,561 428,561 403,562 377,562 351,562 326,563 300,563 275,564 249,564 224,564"/>
                <Baseline points="224,587 249,587 275,587 300,586 326,586 351,585 377,585 403,585 428,584 454,584 479,584 505,584 530,584 556,584 582,584 607,584 633,584 658,584 684,585 710,586"/>
                <TextEquiv>
                    <Unicode>á lograr lo que pretendo,</Unicode>
                </TextEquiv>
            </TextLine>
            <TextLine id="r_1_1l9" custom="readingOrder {index:9;}">
                <Coords points="223,646 250,646 278,646 305,646 333,645 361,645 388,645 416,644 443,644 471,644 499,644 526,643 554,643 581,643 609,643 637,643 664,643 692,643 719,643 747,644 775,644 775,610 747,610 719,609 692,609 664,609 637,609 609,609 581,609 554,609 526,609 499,610 471,610 443,610 416,610 388,611 361,611 333,611 305,612 278,612 250,612 223,612"/>
                <Baseline points="223,635 250,635 278,635 305,635 333,634 361,634 388,634 416,633 443,633 471,633 499,633 526,632 554,632 581,632 609,632 637,632 664,632 692,632 719,632 747,633 775,633"/>
                <TextEquiv>
                    <Unicode>te ofrezco dar cien ducados,</Unicode>
                </TextEquiv>
            </TextLine>
            <TextLine id="r_1_1l10" custom="readingOrder {index:10;}">
                <Coords points="219,698 244,697 269,696 295,695 320,695 345,694 371,693 396,693 421,692 447,692 472,692 497,691 523,691 548,691 573,691 599,691 624,691 649,691 675,691 700,691 726,692 726,661 700,660 675,660 649,660 624,660 599,660 573,660 548,660 523,660 497,660 472,661 447,661 421,661 396,662 371,662 345,663 320,664 295,664 269,665 244,666 219,667"/>
                <Baseline points="219,688 244,687 269,686 295,685 320,685 345,684 371,683 396,683 421,682 447,682 472,682 497,681 523,681 548,681 573,681 599,681 624,681 649,681 675,681 700,681 726,682"/>
                <TextEquiv>
                    <Unicode>para que puedas con ellos</Unicode>
                </TextEquiv>
            </TextLine>
            <TextLine id="r_1_1l11" custom="readingOrder {index:11;}">
                <Coords points="224,741 250,741 276,742 303,742 329,742 356,742 382,742 408,741 435,741 461,741 488,741 514,740 540,740 567,740 593,740 620,740 620,709 593,709 567,709 540,709 514,709 488,710 461,710 435,710 408,710 382,711 356,711 329,711 303,711 276,711 250,710 224,710"/>
                <Baseline points="224,731 250,731 276,732 303,732 329,732 356,732 382,732 408,731 435,731 461,731 488,731 514,730 540,730 567,730 593,730 620,730"/>
                <TextEquiv>
                    <Unicode>remediarte: y al oir</Unicode>
                </TextEquiv>
            </TextLine>
            <TextLine id="r_1_1l12" custom="readingOrder {index:12;}">
                <Coords points="222,790 250,791 279,791 308,791 336,791 365,791 394,791 422,791 451,790 480,790 509,789 537,789 566,789 595,788 623,788 652,788 681,789 709,789 738,790 767,791 796,793 796,759 767,757 738,756 709,755 681,755 652,754 623,754 595,754 566,755 537,755 509,755 480,756 451,756 422,757 394,757 365,757 336,757 308,757 279,757 250,757 222,756"/>
                <Baseline points="222,779 250,780 279,780 308,780 336,780 365,780 394,780 422,780 451,779 480,779 509,778 537,778 566,778 595,777 623,777 652,777 681,778 709,778 738,779 767,780 796,782"/>
                <TextEquiv>
                    <Unicode>Pedro que escuchaba atento,</Unicode>
                </TextEquiv>
            </TextLine>
            <TextLine id="r_1_1l13" custom="readingOrder {index:13;}">
                <Coords points="221,841 247,840 273,840 299,839 325,839 351,839 378,838 404,838 430,838 456,838 482,838 508,838 535,838 561,838 587,838 613,838 639,839 665,839 692,839 692,805 665,805 639,805 613,804 587,804 561,804 535,804 508,804 482,804 456,804 430,804 404,804 378,804 351,805 325,805 299,805 273,806 247,806 221,807"/>
                <Baseline points="221,830 247,829 273,829 299,828 325,828 351,828 378,827 404,827 430,827 456,827 482,827 508,827 535,827 561,827 587,827 613,827 639,828 665,828 692,828"/>
                <TextEquiv>
                    <Unicode>este ofrecimiento, dijo:</Unicode>
                </TextEquiv>
            </TextLine>
            <TextLine id="r_1_1l14" custom="readingOrder {index:14;}">
                <Coords points="223,889 248,889 273,889 298,889 323,889 348,888 373,888 399,888 424,887 449,887 474,887 499,886 524,886 550,886 575,886 600,886 625,886 650,887 675,887 701,888 701,854 675,853 650,853 625,852 600,852 575,852 550,852 524,852 499,852 474,853 449,853 424,853 399,854 373,854 348,854 323,855 298,855 273,855 248,855 223,855"/>
                <Baseline points="223,878 248,878 273,878 298,878 323,878 348,877 373,877 399,877 424,876 449,876 474,876 499,875 524,875 550,875 575,875 600,875 625,875 650,876 675,876 701,877"/>
                <TextEquiv>
                    <Unicode>(codicioso de los ciento.</Unicode>
                </TextEquiv>
            </TextLine>
            <TextLine id="r_1_1l15" custom="readingOrder {index:15;}">
                <Coords points="222,938 247,937 273,937 298,937 324,937 350,937 375,936 401,936 427,936 452,936 478,936 504,935 529,935 555,935 581,935 606,935 632,936 658,936 683,936 709,937 735,938 735,904 709,903 683,902 658,902 632,902 606,901 581,901 555,901 529,901 504,901 478,902 452,902 427,902 401,902 375,902 350,903 324,903 298,903 273,903 247,903 222,904"/>
                <Baseline points="222,927 247,926 273,926 298,926 324,926 350,926 375,925 401,925 427,925 452,925 478,925 504,924 529,924 555,924 581,924 606,924 632,925 658,925 683,925 709,926 735,927"/>
                <TextEquiv>
                    <Unicode>Todo cuanto de mi parte</Unicode>
                </TextEquiv>
            </TextLine>
            <TextLine id="r_1_1l16" custom="readingOrder {index:16;}">
                <Coords points="224,986 250,987 276,987 303,987 329,987 355,986 382,986 408,986 434,985 461,985 487,984 513,984 540,984 566,984 592,984 619,984 645,985 671,986 698,988 698,954 671,952 645,951 619,950 592,950 566,950 540,950 513,950 487,950 461,951 434,951 408,952 382,952 355,952 329,953 303,953 276,953 250,953 224,952"/>
                <Baseline points="224,975 250,976 276,976 303,976 329,976 355,975 382,975 408,975 434,974 461,974 487,973 513,973 540,973 566,973 592,973 619,973 645,974 671,975 698,977"/>
                <TextEquiv>
                    <Unicode>estubiere hacer ofrezco.</Unicode>
                </TextEquiv>
            </TextLine>
            <TextLine id="r_1_1l17" custom="readingOrder {index:17;}">
                <Coords points="225,1035 252,1035 279,1035 307,1035 334,1035 362,1034 389,1034 417,1034 444,1034 472,1034 499,1034 526,1034 554,1034 581,1034 609,1034 636,1034 664,1035 691,1035 719,1035 746,1036 774,1036 774,1002 746,1002 719,1001 691,1001 664,1001 636,1000 609,1000 581,1000 554,1000 526,1000 499,1000 472,1000 444,1000 417,1000 389,1000 362,1000 334,1001 307,1001 279,1001 252,1001 225,1001"/>
                <Baseline points="225,1024 252,1024 279,1024 307,1024 334,1024 362,1023 389,1023 417,1023 444,1023 472,1023 499,1023 526,1023 554,1023 581,1023 609,1023 636,1023 664,1024 691,1024 719,1024 746,1025 774,1025"/>
                <TextEquiv>
                    <Unicode>Y don Luis dijo; pues como</Unicode>
                </TextEquiv>
            </TextLine>
            <TextLine id="r_1_1l18" custom="readingOrder {index:18;}">
                <Coords points="226,1084 251,1084 276,1085 301,1085 326,1085 351,1085 376,1085 401,1084 426,1084 451,1083 476,1083 501,1082 526,1082 551,1082 576,1082 601,1082 626,1082 651,1083 676,1084 702,1085 702,1051 676,1050 651,1049 626,1048 601,1048 576,1048 551,1048 526,1048 501,1048 476,1049 451,1049 426,1050 401,1050 376,1051 351,1051 326,1051 301,1051 276,1051 251,1050 226,1050"/>
                <Baseline points="226,1073 251,1073 276,1074 301,1074 326,1074 351,1074 376,1074 401,1073 426,1073 451,1072 476,1072 501,1071 526,1071 551,1071 576,1071 601,1071 626,1071 651,1072 676,1073 702,1074"/>
                <TextEquiv>
                    <Unicode>lo hagas así, será cierto</Unicode>
                </TextEquiv>
            </TextLine>
            <TextLine id="r_1_1l19" custom="readingOrder {index:19;}">
                <Coords points="223,1134 252,1134 281,1133 310,1133 339,1133 368,1133 397,1133 426,1133 455,1132 484,1132 513,1132 542,1132 571,1132 600,1132 629,1132 658,1132 687,1132 716,1132 745,1132 774,1133 804,1133 804,1099 774,1099 745,1098 716,1098 687,1098 658,1098 629,1098 600,1098 571,1098 542,1098 513,1098 484,1098 455,1098 426,1099 397,1099 368,1099 339,1099 310,1099 281,1099 252,1100 223,1100"/>
                <Baseline points="223,1123 252,1123 281,1122 310,1122 339,1122 368,1122 397,1122 426,1122 455,1121 484,1121 513,1121 542,1121 571,1121 600,1121 629,1121 658,1121 687,1121 716,1121 745,1121 774,1122 804,1122"/>
                <TextEquiv>
                    <Unicode>lo que te he dicho y tendrás</Unicode>
                </TextEquiv>
            </TextLine>
            <TextLine id="r_1_1l20" custom="readingOrder {index:20;}">
                <Coords points="231,1181 257,1182 283,1182 309,1182 335,1182 361,1182 387,1182 413,1181 439,1181 465,1180 491,1180 517,1179 543,1179 569,1179 595,1179 621,1180 647,1180 673,1181 699,1183 725,1184 725,1150 699,1149 673,1147 647,1146 621,1146 595,1145 569,1145 543,1145 517,1145 491,1146 465,1146 439,1147 413,1147 387,1148 361,1148 335,1148 309,1148 283,1148 257,1148 231,1147"/>
                <Baseline points="231,1170 257,1171 283,1171 309,1171 335,1171 361,1171 387,1171 413,1170 439,1170 465,1169 491,1169 517,1168 543,1168 569,1168 595,1168 621,1169 647,1169 673,1170 699,1172 725,1173"/>
                <TextEquiv>
                    <Unicode>en mi, á fé de caballero,</Unicode>
                </TextEquiv>
            </TextLine>
            <TextLine id="r_1_1l21" custom="readingOrder {index:21;}">
                <Coords points="229,1228 254,1229 280,1230 306,1230 332,1231 358,1231 384,1231 409,1231 435,1230 461,1230 487,1230 513,1229 539,1229 564,1228 590,1228 616,1228 642,1228 668,1229 694,1229 694,1196 668,1196 642,1195 616,1195 590,1195 564,1195 539,1196 513,1196 487,1197 461,1197 435,1197 409,1198 384,1198 358,1198 332,1198 306,1197 280,1197 254,1196 229,1195"/>
                <Baseline points="229,1217 254,1218 280,1219 306,1219 332,1220 358,1220 384,1220 409,1220 435,1219 461,1219 487,1219 513,1218 539,1218 564,1217 590,1217 616,1217 642,1217 668,1218 694,1218"/>
                <TextEquiv>
                    <Unicode>un amigo, que te valga</Unicode>
                </TextEquiv>
            </TextLine>
            <TextLine id="r_1_1l22" custom="readingOrder {index:22;}">
                <Coords points="231,1279 260,1279 290,1279 320,1280 350,1280 380,1279 409,1279 439,1279 469,1278 499,1278 529,1278 558,1277 588,1277 618,1277 648,1276 678,1276 707,1277 737,1277 767,1277 797,1278 827,1279 827,1245 797,1244 767,1243 737,1243 707,1243 678,1242 648,1242 618,1243 588,1243 558,1243 529,1244 499,1244 469,1244 439,1245 409,1245 380,1245 350,1246 320,1246 290,1245 260,1245 231,1245"/>
                <Baseline points="231,1268 260,1268 290,1268 320,1269 350,1269 380,1268 409,1268 439,1268 469,1267 499,1267 529,1267 558,1266 588,1266 618,1266 648,1265 678,1265 707,1266 737,1266 767,1266 797,1267 827,1268"/>
                <TextEquiv>
                    <Unicode>en cualquier lance de empeño.</Unicode>
                </TextEquiv>
            </TextLine>
            <TextLine id="r_1_1l23" custom="readingOrder {index:23;}">
                <Coords points="235,1326 260,1327 285,1328 310,1328 335,1328 360,1329 385,1329 410,1329 435,1329 460,1329 485,1328 510,1328 535,1328 560,1328 585,1327 610,1327 635,1327 660,1326 685,1326 711,1326 711,1292 685,1292 660,1292 635,1293 610,1293 585,1293 560,1294 535,1294 510,1294 485,1294 460,1295 435,1295 410,1295 385,1295 360,1295 335,1294 310,1294 285,1294 260,1293 235,1292"/>
                <Baseline points="235,1315 260,1316 285,1317 310,1317 335,1317 360,1318 385,1318 410,1318 435,1318 460,1318 485,1317 510,1317 535,1317 560,1317 585,1316 610,1316 635,1316 660,1315 685,1315 711,1315"/>
                <TextEquiv>
                    <Unicode>Con esto se fué, y quedó</Unicode>
                </TextEquiv>
            </TextLine>
            <TextLine id="r_1_1l24" custom="readingOrder {index:24;}">
                <Coords points="232,1375 260,1376 288,1376 316,1377 345,1377 373,1377 401,1377 430,1376 458,1376 486,1376 515,1375 543,1375 571,1375 599,1375 628,1374 656,1375 684,1375 713,1375 741,1376 769,1376 798,1378 798,1344 769,1342 741,1342 713,1341 684,1341 656,1341 628,1340 599,1341 571,1341 543,1341 515,1341 486,1342 458,1342 430,1342 401,1343 373,1343 345,1343 316,1343 288,1342 260,1342 232,1341"/>
                <Baseline points="232,1364 260,1365 288,1365 316,1366 345,1366 373,1366 401,1366 430,1365 458,1365 486,1365 515,1364 543,1364 571,1364 599,1364 628,1363 656,1364 684,1364 713,1364 741,1365 769,1365 798,1367"/>
                <TextEquiv>
                    <Unicode>Pedro con mucho contento.</Unicode>
                </TextEquiv>
            </TextLine>
            <TextLine id="r_1_1l25" custom="readingOrder {index:25;}">
                <Coords points="235,1425 260,1425 286,1426 312,1427 338,1427 364,1427 390,1427 415,1426 441,1426 467,1425 493,1425 519,1425 545,1424 570,1424 596,1424 622,1424 648,1425 674,1426 700,1426 700,1392 674,1392 648,1391 622,1390 596,1390 570,1390 545,1390 519,1391 493,1391 467,1391 441,1392 415,1392 390,1393 364,1393 338,1393 312,1393 286,1392 260,1391 235,1391"/>
                <Baseline points="235,1414 260,1414 286,1415 312,1416 338,1416 364,1416 390,1416 415,1415 441,1415 467,1414 493,1414 519,1414 545,1413 570,1413 596,1413 622,1413 648,1414 674,1415 700,1415"/>
                <TextEquiv>
                    <Unicode>Y porque en la dilacion</Unicode>
                </TextEquiv>
            </TextLine>
            <TextLine id="r_1_1l26" custom="readingOrder {index:26;}">
                <Coords points="230,1474 255,1474 281,1475 306,1475 332,1475 358,1475 383,1474 409,1474 434,1474 460,1474 486,1473 511,1473 537,1473 562,1473 588,1473 614,1473 639,1474 665,1474 690,1475 716,1477 742,1478 742,1444 716,1443 690,1441 665,1440 639,1440 614,1439 588,1439 562,1439 537,1439 511,1439 486,1439 460,1440 434,1440 409,1440 383,1440 358,1441 332,1441 306,1441 281,1441 255,1440 230,1440"/>
                <Baseline points="230,1463 255,1463 281,1464 306,1464 332,1464 358,1464 383,1463 409,1463 434,1463 460,1463 486,1462 511,1462 537,1462 562,1462 588,1462 614,1462 639,1463 665,1463 690,1464 716,1466 742,1467"/>
                <TextEquiv>
                    <Unicode>se aventuraba el perderlo,</Unicode>
                </TextEquiv>
            </TextLine>
            <TextLine id="r_1_1l27" custom="readingOrder {index:27;}">
                <Coords points="231,1525 256,1525 281,1524 307,1524 332,1523 357,1523 383,1523 408,1523 433,1522 459,1522 484,1522 509,1522 535,1522 560,1522 585,1522 611,1523 636,1523 661,1523 687,1523 687,1489 661,1489 636,1489 611,1489 585,1488 560,1488 535,1488 509,1488 484,1488 459,1488 433,1488 408,1489 383,1489 357,1489 332,1489 307,1490 281,1490 256,1491 231,1491"/>
                <Baseline points="231,1514 256,1514 281,1513 307,1513 332,1512 357,1512 383,1512 408,1512 433,1511 459,1511 484,1511 509,1511 535,1511 560,1511 585,1511 611,1512 636,1512 661,1512 687,1512"/>
                <TextEquiv>
                    <Unicode>procuró sacar la dama,</Unicode>
                </TextEquiv>
            </TextLine>
            <TextLine id="r_1_1l28" custom="readingOrder {index:28;}">
                <Coords points="233,1573 262,1573 291,1572 320,1572 349,1572 379,1572 408,1572 437,1572 466,1571 495,1571 525,1571 554,1571 583,1571 612,1570 641,1570 671,1570 700,1570 729,1570 758,1571 787,1571 817,1571 817,1537 787,1537 758,1537 729,1536 700,1536 671,1536 641,1536 612,1536 583,1537 554,1537 525,1537 495,1537 466,1537 437,1538 408,1538 379,1538 349,1538 320,1538 291,1538 262,1539 233,1539"/>
                <Baseline points="233,1562 262,1562 291,1561 320,1561 349,1561 379,1561 408,1561 437,1561 466,1560 495,1560 525,1560 554,1560 583,1560 612,1559 641,1559 671,1559 700,1559 729,1559 758,1560 787,1560 817,1560"/>
                <TextEquiv>
                    <Unicode>conforme lo habia dispuesto,</Unicode>
                </TextEquiv>
            </TextLine>
            <TextLine id="r_1_1l29" custom="readingOrder {index:29;}">
                <Coords points="235,1621 263,1621 292,1621 321,1622 350,1622 379,1622 408,1622 437,1621 466,1621 495,1621 524,1620 552,1620 581,1619 610,1619 639,1619 668,1619 697,1619 726,1619 755,1619 784,1619 813,1619 813,1586 784,1586 755,1586 726,1586 697,1586 668,1586 639,1586 610,1586 581,1586 552,1587 524,1587 495,1588 466,1588 437,1588 408,1589 379,1589 350,1589 321,1589 292,1588 263,1588 235,1588"/>
                <Baseline points="235,1610 263,1610 292,1610 321,1611 350,1611 379,1611 408,1611 437,1610 466,1610 495,1610 524,1609 552,1609 581,1608 610,1608 639,1608 668,1608 697,1608 726,1608 755,1608 784,1608 813,1608"/>
                <TextEquiv>
                    <Unicode>por letras, que habia llevado</Unicode>
                </TextEquiv>
            </TextLine>
            <TextLine id="r_1_1l30" custom="readingOrder {index:30;}">
                <Coords points="246,1669 272,1669 298,1669 324,1669 350,1669 376,1669 402,1668 428,1668 454,1668 481,1668 507,1668 533,1668 559,1668 585,1668 611,1668 637,1668 663,1669 690,1670 690,1637 663,1636 637,1635 611,1635 585,1635 559,1635 533,1635 507,1635 481,1635 454,1635 428,1635 402,1635 376,1636 350,1636 324,1636 298,1636 272,1636 246,1636"/>
                <Baseline points="246,1658 272,1658 298,1658 324,1658 350,1658 376,1658 402,1657 428,1657 454,1657 481,1657 507,1657 533,1657 559,1657 585,1657 611,1657 637,1657 663,1658 690,1659"/>
                <TextEquiv>
                    <Unicode>(el deslcal á su dueño)</Unicode>
                </TextEquiv>
            </TextLine>
            <TextLine id="r_1_1l31" custom="readingOrder {index:31;}">
                <Coords points="236,1718 263,1718 290,1718 317,1718 344,1718 372,1718 399,1718 426,1718 453,1718 480,1718 508,1717 535,1717 562,1717 589,1717 616,1717 644,1717 671,1717 698,1717 725,1717 752,1717 780,1717 780,1683 752,1683 725,1683 698,1683 671,1683 644,1683 616,1683 589,1683 562,1683 535,1683 508,1683 480,1684 453,1684 426,1684 399,1684 372,1684 344,1684 317,1684 290,1684 263,1684 236,1684"/>
                <Baseline points="236,1707 263,1707 290,1707 317,1707 344,1707 372,1707 399,1707 426,1707 453,1707 480,1707 508,1706 535,1706 562,1706 589,1706 616,1706 644,1706 671,1706 698,1706 725,1706 752,1706 780,1706"/>
                <TextEquiv>
                    <Unicode>á la cárcel cuando esataba</Unicode>
                </TextEquiv>
            </TextLine>
            <TextLine id="r_1_1l32" custom="readingOrder {index:32;}">
                <Coords points="227,1765 254,1765 281,1766 308,1766 336,1766 363,1766 390,1766 418,1766 445,1766 472,1766 500,1766 527,1766 554,1766 582,1766 609,1766 636,1766 664,1767 691,1767 718,1767 746,1768 746,1734 718,1733 691,1733 664,1733 636,1732 609,1732 582,1732 554,1732 527,1732 500,1732 472,1732 445,1732 418,1732 390,1732 363,1732 336,1732 308,1732 281,1732 254,1731 227,1731"/>
                <Baseline points="227,1754 254,1754 281,1755 308,1755 336,1755 363,1755 390,1755 418,1755 445,1755 472,1755 500,1755 527,1755 554,1755 582,1755 609,1755 636,1755 664,1756 691,1756 718,1756 746,1757"/>
                <TextEquiv>
                    <Unicode>á los fines de estar preso.</Unicode>
                </TextEquiv>
            </TextLine>
            <TextLine id="r_1_1l33" custom="readingOrder {index:33;}">
                <Coords points="240,1816 266,1816 293,1817 319,1817 346,1817 372,1816 399,1816 425,1816 452,1815 478,1815 505,1815 531,1814 558,1814 584,1814 611,1815 637,1815 664,1815 664,1781 637,1781 611,1781 584,1780 558,1780 531,1780 505,1781 478,1781 452,1781 425,1782 399,1782 372,1782 346,1783 319,1783 293,1783 266,1782 240,1782"/>
                <Baseline points="240,1805 266,1805 293,1806 319,1806 346,1806 372,1805 399,1805 425,1805 452,1804 478,1804 505,1804 531,1803 558,1803 584,1803 611,1804 637,1804 664,1804"/>
                <TextEquiv>
                    <Unicode>Y para que se lograra</Unicode>
                </TextEquiv>
            </TextLine>
            <TextLine id="r_1_1l34" custom="readingOrder {index:34;}">
                <Coords points="229,1869 254,1869 279,1869 305,1868 330,1868 356,1867 381,1866 407,1866 432,1865 458,1865 483,1864 508,1864 534,1864 559,1864 585,1864 610,1864 636,1864 661,1865 687,1866 687,1832 661,1831 636,1830 610,1830 585,1830 559,1830 534,1830 508,1830 483,1830 458,1831 432,1831 407,1832 381,1832 356,1833 330,1834 305,1834 279,1835 254,1835 229,1835"/>
                <Baseline points="229,1858 254,1858 279,1858 305,1857 330,1857 356,1856 381,1855 407,1855 432,1854 458,1854 483,1853 508,1853 534,1853 559,1853 585,1853 610,1853 636,1853 661,1854 687,1855"/>
                <TextEquiv>
                    <Unicode>con presteza su deseo,</Unicode>
                </TextEquiv>
            </TextLine>
            <TextLine id="r_1_1l35" custom="readingOrder {index:35;}">
                <Coords points="235,1916 261,1916 287,1915 313,1915 339,1915 365,1914 391,1914 417,1914 443,1913 469,1913 495,1913 521,1913 547,1913 573,1913 599,1913 625,1913 651,1912 677,1912 703,1912 729,1912 755,1912 755,1878 729,1878 703,1878 677,1878 651,1878 625,1879 599,1879 573,1879 547,1879 521,1879 495,1879 469,1879 443,1879 417,1880 391,1880 365,1880 339,1881 313,1881 287,1881 261,1882 235,1882"/>
                <Baseline points="235,1905 261,1905 287,1904 313,1904 339,1904 365,1903 391,1903 417,1903 443,1902 469,1902 495,1902 521,1902 547,1902 573,1902 599,1902 625,1902 651,1901 677,1901 703,1901 729,1901 755,1901"/>
                <TextEquiv>
                    <Unicode>dentro de un cesto metió</Unicode>
                </TextEquiv>
            </TextLine>
            <TextLine id="r_1_1l36" custom="readingOrder {index:36;}">
                <Coords points="225,1965 251,1965 277,1965 303,1965 329,1965 356,1964 382,1964 408,1964 434,1964 460,1963 487,1963 513,1962 539,1962 565,1962 591,1961 618,1961 644,1961 670,1962 696,1962 722,1962 749,1963 749,1929 722,1928 696,1928 670,1928 644,1927 618,1927 591,1927 565,1928 539,1928 513,1928 487,1929 460,1929 434,1930 408,1930 382,1930 356,1930 329,1931 303,1931 277,1931 251,1931 225,1931"/>
                <Baseline points="225,1954 251,1954 277,1954 303,1954 329,1954 356,1953 382,1953 408,1953 434,1953 460,1952 487,1952 513,1951 539,1951 565,1951 591,1950 618,1950 644,1950 670,1951 696,1951 722,1951 749,1952"/>
                <TextEquiv>
                    <Unicode>de paño un vestido nuevo</Unicode>
                </TextEquiv>
            </TextLine>
            <TextLine id="r_1_1l37" custom="readingOrder {index:37;}">
                <Coords points="232,2011 260,2012 289,2013 317,2013 346,2014 374,2014 403,2014 431,2014 460,2014 488,2014 517,2013 545,2013 574,2013 602,2012 631,2012 659,2012 688,2012 716,2012 745,2012 773,2012 802,2012 802,1978 773,1978 745,1978 716,1978 688,1978 659,1978 631,1978 602,1978 574,1979 545,1979 517,1979 488,1980 460,1980 431,1980 403,1980 374,1980 346,1980 317,1979 289,1979 260,1978 232,1977"/>
                <Baseline points="232,2000 260,2001 289,2002 317,2002 346,2003 374,2003 403,2003 431,2003 460,2003 488,2003 517,2002 545,2002 574,2002 602,2001 631,2001 659,2001 688,2001 716,2001 745,2001 773,2001 802,2001"/>
                <TextEquiv>
                    <Unicode>de hombre, y para que fuese</Unicode>
                </TextEquiv>
            </TextLine>
            <TextLine id="r_1_1l38" custom="readingOrder {index:38;}">
                <Coords points="224,2060 251,2061 278,2062 305,2063 333,2063 360,2063 387,2063 415,2063 442,2062 469,2062 497,2061 524,2061 551,2061 578,2060 606,2060 633,2060 660,2060 688,2060 715,2061 742,2061 770,2063 770,2029 742,2027 715,2027 688,2026 660,2026 633,2026 606,2026 578,2026 551,2027 524,2027 497,2027 469,2028 442,2028 415,2029 387,2029 360,2029 333,2029 305,2029 278,2028 251,2027 224,2026"/>
                <Baseline points="224,2049 251,2050 278,2051 305,2052 333,2052 360,2052 387,2052 415,2052 442,2051 469,2051 497,2050 524,2050 551,2050 578,2049 606,2049 633,2049 660,2049 688,2049 715,2050 742,2050 770,2052"/>
                <TextEquiv>
                    <Unicode>libre, de que puedan verlo,</Unicode>
                </TextEquiv>
            </TextLine>
            <TextLine id="r_1_1l39" custom="readingOrder {index:39;}">
                <Coords points="236,2111 264,2111 292,2110 320,2110 348,2110 376,2110 404,2110 432,2109 460,2109 488,2109 516,2109 544,2109 572,2109 600,2109 628,2109 656,2109 684,2109 712,2110 740,2110 768,2111 796,2112 796,2078 768,2077 740,2076 712,2076 684,2075 656,2075 628,2075 600,2075 572,2075 544,2075 516,2075 488,2075 460,2075 432,2075 404,2076 376,2076 348,2076 320,2076 292,2076 264,2077 236,2077"/>
                <Baseline points="236,2100 264,2100 292,2099 320,2099 348,2099 376,2099 404,2099 432,2098 460,2098 488,2098 516,2098 544,2098 572,2098 600,2098 628,2098 656,2098 684,2098 712,2099 740,2099 768,2100 796,2101"/>
                <TextEquiv>
                    <Unicode>le tapó muy bien con yerva</Unicode>
                </TextEquiv>
            </TextLine>
            <TextLine id="r_1_1l40" custom="readingOrder {index:40;}">
                <Coords points="233,2161 260,2160 287,2160 314,2160 342,2159 369,2159 396,2159 424,2158 451,2158 478,2158 506,2158 533,2158 560,2158 588,2158 615,2158 642,2158 670,2159 697,2159 724,2159 752,2159 752,2125 724,2125 697,2125 670,2125 642,2124 615,2124 588,2124 560,2124 533,2124 506,2124 478,2124 451,2124 424,2124 396,2125 369,2125 342,2125 314,2126 287,2126 260,2126 233,2127"/>
                <Baseline points="233,2150 260,2149 287,2149 314,2149 342,2148 369,2148 396,2148 424,2147 451,2147 478,2147 506,2147 533,2147 560,2147 588,2147 615,2147 642,2147 670,2148 697,2148 724,2148 752,2148"/>
                <TextEquiv>
                    <Unicode>y encima le fué poniendo</Unicode>
                </TextEquiv>
            </TextLine>
            <TextLine id="r_1_1l41" custom="readingOrder {index:41;}">
                <Coords points="236,2208 262,2208 288,2208 314,2208 340,2208 366,2208 392,2209 418,2209 444,2209 470,2209 496,2209 522,2209 548,2209 574,2209 600,2209 626,2209 652,2209 678,2209 704,2209 730,2209 756,2209 756,2175 730,2175 704,2175 678,2175 652,2175 626,2175 600,2175 574,2175 548,2175 522,2175 496,2175 470,2175 444,2175 418,2175 392,2175 366,2174 340,2174 314,2174 288,2174 262,2174 236,2174"/>
                <Baseline points="236,2197 262,2197 288,2197 314,2197 340,2197 366,2197 392,2198 418,2198 444,2198 470,2198 496,2198 522,2198 548,2198 574,2198 600,2198 626,2198 652,2198 678,2198 704,2198 730,2198 756,2198"/>
                <TextEquiv>
                    <Unicode>de aquella fruta, que daba</Unicode>
                </TextEquiv>
            </TextLine>
            <TextLine id="r_1_1l42" custom="readingOrder {index:42;}">
                <Coords points="229,2265 255,2264 281,2263 307,2262 333,2261 359,2260 385,2260 411,2260 437,2260 463,2260 490,2260 516,2260 542,2260 568,2260 594,2261 620,2261 646,2261 672,2261 698,2261 724,2261 751,2261 751,2227 724,2227 698,2227 672,2227 646,2227 620,2227 594,2227 568,2226 542,2226 516,2226 490,2226 463,2226 437,2226 411,2226 385,2226 359,2226 333,2227 307,2228 281,2229 255,2230 229,2231"/>
                <Baseline points="229,2254 255,2253 281,2252 307,2251 333,2250 359,2249 385,2249 411,2249 437,2249 463,2249 490,2249 516,2249 542,2249 568,2249 594,2250 620,2250 646,2250 672,2250 698,2250 724,2250 751,2250"/>
                <TextEquiv>
                    <Unicode>generosamente el tiempo.</Unicode>
                </TextEquiv>
            </TextLine>
            <TextEquiv>
                <Unicode>6
le dice; con mi cuñado
hechas amistades tengo,
para que vuelva á hacer vida
mi hermana con él, y quiero,
que, pues, tu hablas con el,
le des ayuda á mi intento,
que si yo llego por ti
á lograr lo que pretendo,
te ofrezco dar cien ducados,
para que puedas con ellos
remediarte: y al oir
Pedro que escuchaba atento,
este ofrecimiento, dijo:
(codicioso de los ciento.
Todo cuanto de mi parte
estubiere hacer ofrezco.
Y don Luis dijo; pues como
lo hagas así, será cierto
lo que te he dicho y tendrás
en mi, á fé de caballero,
un amigo, que te valga
en cualquier lance de empeño.
Con esto se fué, y quedó
Pedro con mucho contento.
Y porque en la dilacion
se aventuraba el perderlo,
procuró sacar la dama,
conforme lo habia dispuesto,
por letras, que habia llevado
(el deslcal á su dueño)
á la cárcel cuando esataba
á los fines de estar preso.
Y para que se lograra
con presteza su deseo,
dentro de un cesto metió
de paño un vestido nuevo
de hombre, y para que fuese
libre, de que puedan verlo,
le tapó muy bien con yerva
y encima le fué poniendo
de aquella fruta, que daba
generosamente el tiempo.</Unicode>
            </TextEquiv>
        </TextRegion>
        <TextRegion orientation="0.0" type="paragraph" id="r_2_1" custom="readingOrder {index:1;}">
            <Coords points="931,192 1596,192 1596,2258 931,2258"/>
            <TextLine id="r_2_1l1" custom="readingOrder {index:0;}">
                <Coords points="936,251 962,250 988,249 1014,249 1040,248 1066,247 1092,247 1118,247 1145,246 1171,246 1197,246 1223,246 1249,246 1275,247 1301,247 1327,248 1354,249 1354,216 1327,215 1301,214 1275,214 1249,213 1223,213 1197,213 1171,213 1145,213 1118,214 1092,214 1066,214 1040,215 1014,216 988,216 962,217 936,218"/>
                <Baseline points="936,240 962,239 988,238 1014,238 1040,237 1066,236 1092,236 1118,236 1145,235 1171,235 1197,235 1223,235 1249,235 1275,236 1301,236 1327,237 1354,238"/>
                <TextEquiv>
                    <Unicode>Enviòle este regalo,</Unicode>
                </TextEquiv>
            </TextLine>
            <TextLine id="r_2_1l2" custom="readingOrder {index:1;}">
                <Coords points="933,303 964,301 996,300 1028,299 1059,298 1091,297 1123,296 1154,296 1186,295 1218,295 1250,294 1281,294 1313,294 1345,294 1376,294 1408,293 1440,293 1471,293 1503,293 1535,293 1567,292 1567,261 1535,262 1503,262 1471,262 1440,262 1408,262 1376,263 1345,263 1313,263 1281,263 1250,263 1218,264 1186,264 1154,265 1123,265 1091,266 1059,267 1028,268 996,269 964,270 933,272"/>
                <Baseline points="933,293 964,291 996,290 1028,289 1059,288 1091,287 1123,286 1154,286 1186,285 1218,285 1250,284 1281,284 1313,284 1345,284 1376,284 1408,283 1440,283 1471,283 1503,283 1535,283 1567,282"/>
                <TextEquiv>
                    <Unicode>y un papel, en que advirtiendo</Unicode>
                </TextEquiv>
            </TextLine>
            <TextLine id="r_2_1l3" custom="readingOrder {index:2;}">
                <Coords points="935,346 960,346 985,346 1011,346 1036,346 1062,346 1087,345 1113,345 1138,345 1164,344 1189,344 1214,343 1240,343 1265,343 1291,342 1316,342 1342,342 1367,342 1393,342 1393,311 1367,311 1342,311 1316,311 1291,311 1265,312 1240,312 1214,312 1189,313 1164,313 1138,314 1113,314 1087,314 1062,315 1036,315 1011,315 985,315 960,315 935,315"/>
                <Baseline points="935,336 960,336 985,336 1011,336 1036,336 1062,336 1087,335 1113,335 1138,335 1164,334 1189,334 1214,333 1240,333 1265,333 1291,332 1316,332 1342,332 1367,332 1393,332"/>
                <TextEquiv>
                    <Unicode>le iba de que estubiese</Unicode>
                </TextEquiv>
            </TextLine>
            <TextLine id="r_2_1l4" custom="readingOrder {index:3;}">
                <Coords points="931,397 956,396 981,396 1006,396 1031,395 1056,395 1081,395 1107,394 1132,394 1157,393 1182,393 1207,393 1232,393 1257,392 1283,392 1308,392 1333,392 1358,393 1383,393 1408,394 1434,394 1434,360 1408,360 1383,359 1358,359 1333,358 1308,358 1283,358 1257,358 1232,359 1207,359 1182,359 1157,359 1132,360 1107,360 1081,361 1056,361 1031,361 1006,362 981,362 956,362 931,363"/>
                <Baseline points="931,386 956,385 981,385 1006,385 1031,384 1056,384 1081,384 1107,383 1132,383 1157,382 1182,382 1207,382 1232,382 1257,381 1283,381 1308,381 1333,381 1358,382 1383,382 1408,383 1434,383"/>
                <TextEquiv>
                    <Unicode>sola al irlo descubriendo,</Unicode>
                </TextEquiv>
            </TextLine>
            <TextLine id="r_2_1l5" custom="readingOrder {index:4;}">
                <Coords points="945,448 972,446 999,445 1026,444 1053,444 1081,443 1108,442 1135,442 1162,442 1189,442 1217,441 1244,441 1271,441 1298,441 1325,441 1353,442 1380,442 1407,442 1434,442 1461,442 1489,442 1489,409 1461,409 1434,409 1407,409 1380,409 1353,409 1325,408 1298,408 1271,408 1244,408 1217,408 1189,409 1162,409 1135,409 1108,409 1081,410 1053,411 1026,411 999,412 972,413 945,415"/>
                <Baseline points="945,437 972,435 999,434 1026,433 1053,433 1081,432 1108,431 1135,431 1162,431 1189,431 1217,430 1244,430 1271,430 1298,430 1325,430 1353,431 1380,431 1407,431 1434,431 1461,431 1489,431"/>
                <TextEquiv>
                    <Unicode>y ella envió en la respuesta</Unicode>
                </TextEquiv>
            </TextLine>
            <TextLine id="r_2_1l6" custom="readingOrder {index:5;}">
                <Coords points="937,494 962,493 988,492 1014,492 1039,492 1065,491 1091,491 1116,492 1142,492 1168,492 1193,492 1219,492 1245,492 1270,492 1296,492 1322,492 1347,491 1373,491 1399,490 1425,488 1425,455 1399,457 1373,458 1347,458 1322,459 1296,459 1270,459 1245,459 1219,459 1193,459 1168,459 1142,459 1116,459 1091,458 1065,458 1039,459 1014,459 988,459 962,460 937,461"/>
                <Baseline points="937,483 962,482 988,481 1014,481 1039,481 1065,480 1091,480 1116,481 1142,481 1168,481 1193,481 1219,481 1245,481 1270,481 1296,481 1322,481 1347,480 1373,480 1399,479 1425,477"/>
                <TextEquiv>
                    <Unicode>á decir la hora, y puesto</Unicode>
                </TextEquiv>
            </TextLine>
            <TextLine id="r_2_1l7" custom="readingOrder {index:6;}">
                <Coords points="942,543 969,542 997,542 1025,541 1053,541 1080,541 1108,540 1136,540 1164,540 1191,539 1219,539 1247,539 1275,539 1302,538 1330,538 1358,538 1386,538 1413,538 1441,538 1469,539 1497,539 1497,505 1469,505 1441,504 1413,504 1386,504 1358,504 1330,504 1302,504 1275,505 1247,505 1219,505 1191,505 1164,506 1136,506 1108,506 1080,507 1053,507 1025,507 997,508 969,508 942,509"/>
                <Baseline points="942,532 969,531 997,531 1025,530 1053,530 1080,530 1108,529 1136,529 1164,529 1191,528 1219,528 1247,528 1275,528 1302,527 1330,527 1358,527 1386,527 1413,527 1441,527 1469,528 1497,528"/>
                <TextEquiv>
                    <Unicode>en que aguarde: que saldria</Unicode>
                </TextEquiv>
            </TextLine>
            <TextLine id="r_2_1l8" custom="readingOrder {index:7;}">
                <Coords points="945,590 970,590 995,590 1020,589 1045,589 1070,589 1095,588 1120,588 1145,588 1170,587 1195,587 1220,587 1245,587 1270,586 1295,586 1320,586 1345,586 1370,587 1395,587 1421,587 1421,553 1395,553 1370,553 1345,552 1320,552 1295,552 1270,552 1245,553 1220,553 1195,553 1170,553 1145,554 1120,554 1095,554 1070,555 1045,555 1020,555 995,556 970,556 945,556"/>
                <Baseline points="945,579 970,579 995,579 1020,578 1045,578 1070,578 1095,577 1120,577 1145,577 1170,576 1195,576 1220,576 1245,576 1270,575 1295,575 1320,575 1345,575 1370,576 1395,576 1421,576"/>
                <TextEquiv>
                    <Unicode>aquella noche de cierto.</Unicode>
                </TextEquiv>
            </TextLine>
            <TextLine id="r_2_1l9" custom="readingOrder {index:8;}">
                <Coords points="949,639 974,639 1000,639 1025,639 1051,639 1076,638 1102,638 1127,637 1153,637 1178,637 1204,636 1229,636 1255,635 1280,635 1306,635 1331,635 1357,635 1382,635 1408,635 1433,635 1459,636 1459,602 1433,601 1408,601 1382,601 1357,601 1331,601 1306,601 1280,601 1255,601 1229,602 1204,602 1178,603 1153,603 1127,603 1102,604 1076,604 1051,605 1025,605 1000,605 974,605 949,605"/>
                <Baseline points="949,628 974,628 1000,628 1025,628 1051,628 1076,627 1102,627 1127,626 1153,626 1178,626 1204,625 1229,625 1255,624 1280,624 1306,624 1331,624 1357,624 1382,624 1408,624 1433,624 1459,625"/>
                <TextEquiv>
                    <Unicode>Y cuando astába la noche</Unicode>
                </TextEquiv>
            </TextLine>
            <TextLine id="r_2_1l10" custom="readingOrder {index:9;}">
                <Coords points="952,688 978,688 1005,688 1031,688 1058,687 1084,687 1111,687 1137,686 1164,686 1190,685 1217,685 1244,684 1270,684 1297,684 1323,684 1350,684 1376,684 1403,685 1429,685 1456,686 1483,687 1483,653 1456,652 1429,651 1403,651 1376,650 1350,650 1323,650 1297,650 1270,650 1244,650 1217,651 1190,651 1164,652 1137,652 1111,653 1084,653 1058,653 1031,654 1005,654 978,654 952,654"/>
                <Baseline points="952,677 978,677 1005,677 1031,677 1058,676 1084,676 1111,676 1137,675 1164,675 1190,674 1217,674 1244,673 1270,673 1297,673 1323,673 1350,673 1376,673 1403,674 1429,674 1456,675 1483,676"/>
                <TextEquiv>
                    <Unicode>con mas quietud y silencio,</Unicode>
                </TextEquiv>
            </TextLine>
            <TextLine id="r_2_1l11" custom="readingOrder {index:10;}">
                <Coords points="943,741 968,740 993,739 1018,738 1043,737 1068,736 1093,736 1118,735 1143,735 1168,735 1193,734 1218,734 1243,734 1268,734 1293,733 1318,733 1343,732 1368,732 1393,731 1393,698 1368,699 1343,699 1318,700 1293,700 1268,701 1243,701 1218,701 1193,701 1168,702 1143,702 1118,702 1093,703 1068,703 1043,704 1018,705 993,706 968,707 943,708"/>
                <Baseline points="943,730 968,729 993,728 1018,727 1043,726 1068,725 1093,725 1118,724 1143,724 1168,724 1193,723 1218,723 1243,723 1268,723 1293,722 1318,722 1343,721 1368,721 1393,720"/>
                <TextEquiv>
                    <Unicode>y las personas gozaban</Unicode>
                </TextEquiv>
            </TextLine>
            <TextLine id="r_2_1l12" custom="readingOrder {index:11;}">
                <Coords points="947,785 973,785 999,785 1025,785 1051,785 1077,784 1103,784 1129,783 1155,783 1181,783 1208,782 1234,782 1260,782 1286,781 1312,781 1338,781 1364,781 1390,782 1416,782 1442,783 1469,783 1469,750 1442,750 1416,749 1390,749 1364,748 1338,748 1312,748 1286,748 1260,749 1234,749 1208,749 1181,750 1155,750 1129,750 1103,751 1077,751 1051,752 1025,752 999,752 973,752 947,752"/>
                <Baseline points="947,774 973,774 999,774 1025,774 1051,774 1077,773 1103,773 1129,772 1155,772 1181,772 1208,771 1234,771 1260,771 1286,770 1312,770 1338,770 1364,770 1390,771 1416,771 1442,772 1469,772"/>
                <TextEquiv>
                    <Unicode>del descanso en el sosiego,</Unicode>
                </TextEquiv>
            </TextLine>
            <TextLine id="r_2_1l13" custom="readingOrder {index:12;}">
                <Coords points="954,835 984,835 1014,834 1044,834 1075,833 1105,833 1135,832 1165,832 1196,831 1226,831 1256,830 1286,830 1317,830 1347,829 1377,829 1407,829 1438,829 1468,829 1498,829 1528,830 1559,830 1559,797 1528,797 1498,796 1468,796 1438,796 1407,796 1377,796 1347,796 1317,797 1286,797 1256,797 1226,798 1196,798 1165,799 1135,799 1105,800 1075,800 1044,801 1014,801 984,802 954,802"/>
                <Baseline points="954,824 984,824 1014,823 1044,823 1075,822 1105,822 1135,821 1165,821 1196,820 1226,820 1256,819 1286,819 1317,819 1347,818 1377,818 1407,818 1438,818 1468,818 1498,818 1528,819 1559,819"/>
                <TextEquiv>
                    <Unicode>subió á un cuarto donde habia</Unicode>
                </TextEquiv>
            </TextLine>
            <TextLine id="r_2_1l14" custom="readingOrder {index:13;}">
                <Coords points="952,881 977,882 1002,883 1027,883 1052,883 1078,883 1103,883 1128,882 1153,882 1179,881 1204,880 1229,880 1254,879 1279,879 1305,879 1330,879 1355,879 1380,880 1406,881 1406,848 1380,847 1355,846 1330,846 1305,846 1279,846 1254,846 1229,847 1204,847 1179,848 1153,849 1128,849 1103,850 1078,850 1052,850 1027,850 1002,850 977,849 952,848"/>
                <Baseline points="952,870 977,871 1002,872 1027,872 1052,872 1078,872 1103,872 1128,871 1153,871 1179,870 1204,869 1229,869 1254,868 1279,868 1305,868 1330,868 1355,868 1380,869 1406,870"/>
                <TextEquiv>
                    <Unicode>esteras y trastos viejos,</Unicode>
                </TextEquiv>
            </TextLine>
            <TextLine id="r_2_1l15" custom="readingOrder {index:14;}">
                <Coords points="954,932 979,932 1004,933 1029,932 1055,932 1080,932 1105,931 1131,930 1156,930 1181,929 1207,928 1232,927 1257,927 1282,927 1308,926 1333,926 1358,927 1384,927 1409,929 1434,930 1460,932 1460,898 1434,896 1409,895 1384,893 1358,893 1333,892 1308,892 1282,893 1257,893 1232,893 1207,894 1181,895 1156,896 1131,896 1105,897 1080,898 1055,898 1029,898 1004,899 979,898 954,898"/>
                <Baseline points="954,921 979,921 1004,922 1029,921 1055,921 1080,921 1105,920 1131,919 1156,919 1181,918 1207,917 1232,916 1257,916 1282,916 1308,915 1333,915 1358,916 1384,916 1409,918 1434,919 1460,921"/>
                <TextEquiv>
                    <Unicode>que le sirvieron de escala,</Unicode>
                </TextEquiv>
            </TextLine>
            <TextLine id="r_2_1l16" custom="readingOrder {index:15;}">
                <Coords points="956,980 981,981 1007,981 1033,981 1059,981 1084,980 1110,980 1136,979 1162,979 1188,978 1213,977 1239,977 1265,976 1291,976 1317,975 1342,975 1368,976 1394,976 1420,978 1446,979 1446,945 1420,944 1394,942 1368,942 1342,941 1317,941 1291,942 1265,942 1239,943 1213,943 1188,944 1162,945 1136,945 1110,946 1084,946 1059,947 1033,947 1007,947 981,947 956,946"/>
                <Baseline points="956,969 981,970 1007,970 1033,970 1059,970 1084,969 1110,969 1136,968 1162,968 1188,967 1213,966 1239,966 1265,965 1291,965 1317,964 1342,964 1368,965 1394,965 1420,967 1446,968"/>
                <TextEquiv>
                    <Unicode>para que llegase al techo,</Unicode>
                </TextEquiv>
            </TextLine>
            <TextLine id="r_2_1l17" custom="readingOrder {index:16;}">
                <Coords points="953,1030 978,1030 1004,1029 1030,1029 1056,1029 1081,1029 1107,1028 1133,1028 1159,1027 1185,1027 1210,1026 1236,1026 1262,1026 1288,1025 1314,1025 1339,1025 1365,1025 1391,1025 1417,1025 1443,1025 1443,992 1417,992 1391,992 1365,992 1339,992 1314,992 1288,992 1262,993 1236,993 1210,993 1185,994 1159,994 1133,995 1107,995 1081,996 1056,996 1030,996 1004,996 978,997 953,997"/>
                <Baseline points="953,1019 978,1019 1004,1018 1030,1018 1056,1018 1081,1018 1107,1017 1133,1017 1159,1016 1185,1016 1210,1015 1236,1015 1262,1015 1288,1014 1314,1014 1339,1014 1365,1014 1391,1014 1417,1014 1443,1014"/>
                <TextEquiv>
                    <Unicode>y de una viga unas sogas</Unicode>
                </TextEquiv>
            </TextLine>
            <TextLine id="r_2_1l18" custom="readingOrder {index:17;}">
                <Coords points="953,1078 978,1078 1004,1077 1029,1077 1055,1077 1080,1077 1106,1077 1132,1076 1157,1076 1183,1076 1208,1076 1234,1076 1259,1076 1285,1076 1311,1076 1336,1076 1362,1075 1387,1075 1413,1074 1439,1073 1439,1039 1413,1040 1387,1041 1362,1041 1336,1042 1311,1042 1285,1042 1259,1042 1234,1042 1208,1042 1183,1042 1157,1042 1132,1042 1106,1043 1080,1043 1055,1043 1029,1043 1004,1043 978,1044 953,1044"/>
                <Baseline points="953,1067 978,1067 1004,1066 1029,1066 1055,1066 1080,1066 1106,1066 1132,1065 1157,1065 1183,1065 1208,1065 1234,1065 1259,1065 1285,1065 1311,1065 1336,1065 1362,1064 1387,1064 1413,1063 1439,1062"/>
                <TextEquiv>
                    <Unicode>ató fuertemente, y luego</Unicode>
                </TextEquiv>
            </TextLine>
            <TextLine id="r_2_1l19" custom="readingOrder {index:18;}">
                <Coords points="954,1128 983,1127 1012,1127 1042,1126 1071,1126 1100,1126 1130,1126 1159,1125 1188,1125 1218,1125 1247,1125 1276,1125 1306,1125 1335,1125 1364,1125 1394,1125 1423,1124 1452,1124 1482,1124 1511,1123 1541,1122 1541,1088 1511,1089 1482,1090 1452,1090 1423,1090 1394,1091 1364,1091 1335,1091 1306,1091 1276,1091 1247,1091 1218,1091 1188,1091 1159,1091 1130,1092 1100,1092 1071,1092 1042,1092 1012,1093 983,1093 954,1094"/>
                <Baseline points="954,1117 983,1116 1012,1116 1042,1115 1071,1115 1100,1115 1130,1115 1159,1114 1188,1114 1218,1114 1247,1114 1276,1114 1306,1114 1335,1114 1364,1114 1394,1114 1423,1113 1452,1113 1482,1113 1511,1112 1541,1111"/>
                <TextEquiv>
                    <Unicode>llegó á un tabique, (que sirve</Unicode>
                </TextEquiv>
            </TextLine>
            <TextLine id="r_2_1l20" custom="readingOrder {index:19;}">
                <Coords points="949,1176 975,1176 1001,1175 1027,1175 1053,1175 1080,1174 1106,1174 1132,1174 1158,1174 1185,1173 1211,1173 1237,1173 1263,1173 1289,1173 1316,1173 1342,1173 1368,1173 1394,1173 1421,1173 1421,1139 1394,1139 1368,1139 1342,1139 1316,1139 1289,1139 1263,1139 1237,1139 1211,1139 1185,1139 1158,1140 1132,1140 1106,1140 1080,1140 1053,1141 1027,1141 1001,1141 975,1142 949,1142"/>
                <Baseline points="949,1165 975,1165 1001,1164 1027,1164 1053,1164 1080,1163 1106,1163 1132,1163 1158,1163 1185,1162 1211,1162 1237,1162 1263,1162 1289,1162 1316,1162 1342,1162 1368,1162 1394,1162 1421,1162"/>
                <TextEquiv>
                    <Unicode>de pared en un testero,</Unicode>
                </TextEquiv>
            </TextLine>
            <TextLine id="r_2_1l21" custom="readingOrder {index:20;}">
                <Coords points="951,1229 978,1228 1006,1226 1033,1225 1061,1224 1088,1223 1116,1223 1143,1222 1171,1222 1198,1221 1226,1221 1253,1221 1281,1221 1308,1221 1336,1221 1363,1221 1391,1221 1418,1222 1446,1222 1473,1222 1501,1222 1501,1189 1473,1189 1446,1189 1418,1189 1391,1188 1363,1188 1336,1188 1308,1188 1281,1188 1253,1188 1226,1188 1198,1188 1171,1189 1143,1189 1116,1190 1088,1190 1061,1191 1033,1192 1006,1193 978,1195 951,1196"/>
                <Baseline points="951,1218 978,1217 1006,1215 1033,1214 1061,1213 1088,1212 1116,1212 1143,1211 1171,1211 1198,1210 1226,1210 1253,1210 1281,1210 1308,1210 1336,1210 1363,1210 1391,1210 1418,1211 1446,1211 1473,1211 1501,1211"/>
                <TextEquiv>
                    <Unicode>y que del tiempo arruinado,</Unicode>
                </TextEquiv>
            </TextLine>
            <TextLine id="r_2_1l22" custom="readingOrder {index:21;}">
                <Coords points="947,1275 973,1274 999,1274 1025,1274 1051,1273 1077,1273 1103,1272 1129,1272 1155,1271 1182,1271 1208,1270 1234,1270 1260,1270 1286,1269 1312,1269 1338,1269 1364,1269 1390,1269 1417,1270 1417,1237 1390,1236 1364,1236 1338,1236 1312,1236 1286,1236 1260,1237 1234,1237 1208,1237 1182,1238 1155,1238 1129,1239 1103,1239 1077,1240 1051,1240 1025,1241 999,1241 973,1241 947,1242"/>
                <Baseline points="947,1264 973,1263 999,1263 1025,1263 1051,1262 1077,1262 1103,1261 1129,1261 1155,1260 1182,1260 1208,1259 1234,1259 1260,1259 1286,1258 1312,1258 1338,1258 1364,1258 1390,1258 1417,1259"/>
                <TextEquiv>
                    <Unicode>se estaba casi cayendo,)</Unicode>
                </TextEquiv>
            </TextLine>
            <TextLine id="r_2_1l23" custom="readingOrder {index:22;}">
                <Coords points="953,1327 979,1326 1005,1325 1031,1324 1057,1323 1083,1322 1109,1321 1135,1320 1161,1320 1187,1319 1213,1319 1239,1318 1265,1318 1291,1317 1317,1317 1343,1317 1369,1317 1395,1316 1421,1316 1448,1316 1448,1283 1421,1283 1395,1283 1369,1284 1343,1284 1317,1284 1291,1284 1265,1285 1239,1285 1213,1286 1187,1286 1161,1287 1135,1287 1109,1288 1083,1289 1057,1290 1031,1291 1005,1292 979,1293 953,1294"/>
                <Baseline points="953,1316 979,1315 1005,1314 1031,1313 1057,1312 1083,1311 1109,1310 1135,1309 1161,1309 1187,1308 1213,1308 1239,1307 1265,1307 1291,1306 1317,1306 1343,1306 1369,1306 1395,1305 1421,1305 1448,1305"/>
                <TextEquiv>
                    <Unicode>y con un martillo grande</Unicode>
                </TextEquiv>
            </TextLine>
            <TextLine id="r_2_1l24" custom="readingOrder {index:23;}">
                <Coords points="951,1373 976,1373 1002,1373 1028,1372 1054,1372 1079,1371 1105,1370 1131,1370 1157,1369 1183,1368 1208,1367 1234,1367 1260,1367 1286,1366 1312,1366 1337,1366 1363,1366 1389,1367 1415,1367 1441,1368 1441,1335 1415,1334 1389,1334 1363,1333 1337,1333 1312,1333 1286,1333 1260,1334 1234,1334 1208,1334 1183,1335 1157,1336 1131,1337 1105,1337 1079,1338 1054,1339 1028,1339 1002,1340 976,1340 951,1340"/>
                <Baseline points="951,1362 976,1362 1002,1362 1028,1361 1054,1361 1079,1360 1105,1359 1131,1359 1157,1358 1183,1357 1208,1356 1234,1356 1260,1356 1286,1355 1312,1355 1337,1355 1363,1355 1389,1356 1415,1356 1441,1357"/>
                <TextEquiv>
                    <Unicode>le tiró golpes tan recios,</Unicode>
                </TextEquiv>
            </TextLine>
            <TextLine id="r_2_1l25" custom="readingOrder {index:24;}">
                <Coords points="955,1422 983,1421 1012,1421 1041,1420 1070,1419 1099,1419 1127,1418 1156,1418 1185,1417 1214,1417 1243,1416 1271,1416 1300,1416 1329,1415 1358,1415 1387,1415 1415,1415 1444,1415 1473,1415 1502,1416 1531,1416 1531,1382 1502,1382 1473,1381 1444,1381 1415,1381 1387,1381 1358,1381 1329,1381 1300,1382 1271,1382 1243,1382 1214,1383 1185,1383 1156,1384 1127,1384 1099,1385 1070,1385 1041,1386 1012,1387 983,1387 955,1388"/>
                <Baseline points="955,1411 983,1410 1012,1410 1041,1409 1070,1408 1099,1408 1127,1407 1156,1407 1185,1406 1214,1406 1243,1405 1271,1405 1300,1405 1329,1404 1358,1404 1387,1404 1415,1404 1444,1404 1473,1404 1502,1405 1531,1405"/>
                <TextEquiv>
                    <Unicode>que no fué menester, llegue</Unicode>
                </TextEquiv>
            </TextLine>
            <TextLine id="r_2_1l26" custom="readingOrder {index:25;}">
                <Coords points="963,1469 989,1469 1015,1469 1041,1469 1067,1469 1093,1468 1119,1468 1145,1467 1172,1466 1198,1466 1224,1465 1250,1465 1276,1464 1302,1464 1328,1465 1354,1465 1381,1466 1381,1432 1354,1431 1328,1431 1302,1430 1276,1430 1250,1431 1224,1431 1198,1432 1172,1432 1145,1433 1119,1434 1093,1434 1067,1435 1041,1435 1015,1435 989,1435 963,1435"/>
                <Baseline points="963,1458 989,1458 1015,1458 1041,1458 1067,1458 1093,1457 1119,1457 1145,1456 1172,1455 1198,1455 1224,1454 1250,1454 1276,1453 1302,1453 1328,1454 1354,1454 1381,1455"/>
                <TextEquiv>
                    <Unicode>á ejecutar el tercero,</Unicode>
                </TextEquiv>
            </TextLine>
            <TextLine id="r_2_1l27" custom="readingOrder {index:26;}">
                <Coords points="965,1519 990,1519 1015,1518 1041,1518 1066,1517 1092,1517 1117,1516 1142,1516 1168,1515 1193,1515 1219,1515 1244,1514 1269,1514 1295,1514 1320,1513 1346,1513 1371,1513 1396,1512 1422,1512 1447,1512 1473,1512 1473,1479 1447,1479 1422,1479 1396,1479 1371,1480 1346,1480 1320,1480 1295,1481 1269,1481 1244,1481 1219,1482 1193,1482 1168,1482 1142,1483 1117,1483 1092,1484 1066,1484 1041,1485 1015,1485 990,1486 965,1486"/>
                <Baseline points="965,1508 990,1508 1015,1507 1041,1507 1066,1506 1092,1506 1117,1505 1142,1505 1168,1504 1193,1504 1219,1504 1244,1503 1269,1503 1295,1503 1320,1502 1346,1502 1371,1502 1396,1501 1422,1501 1447,1501 1473,1501"/>
                <TextEquiv>
                    <Unicode>para que sobre un tejado</Unicode>
                </TextEquiv>
            </TextLine>
            <TextLine id="r_2_1l28" custom="readingOrder {index:27;}">
                <Coords points="961,1565 986,1566 1011,1566 1036,1566 1062,1566 1087,1566 1112,1566 1138,1565 1163,1565 1188,1564 1214,1564 1239,1563 1264,1563 1289,1562 1315,1562 1340,1561 1365,1561 1391,1561 1416,1561 1441,1561 1467,1561 1467,1528 1441,1528 1416,1528 1391,1528 1365,1528 1340,1528 1315,1529 1289,1529 1264,1530 1239,1530 1214,1531 1188,1531 1163,1532 1138,1532 1112,1533 1087,1533 1062,1533 1036,1533 1011,1533 986,1533 961,1532"/>
                <Baseline points="961,1554 986,1555 1011,1555 1036,1555 1062,1555 1087,1555 1112,1555 1138,1554 1163,1554 1188,1553 1214,1553 1239,1552 1264,1552 1289,1551 1315,1551 1340,1550 1365,1550 1391,1550 1416,1550 1441,1550 1467,1550"/>
                <TextEquiv>
                    <Unicode>se cayese, y á el saliendo</Unicode>
                </TextEquiv>
            </TextLine>
            <TextLine id="r_2_1l29" custom="readingOrder {index:28;}">
                <Coords points="960,1617 985,1616 1011,1615 1037,1614 1063,1614 1089,1613 1115,1613 1141,1613 1167,1613 1193,1612 1219,1612 1245,1612 1271,1612 1297,1612 1323,1611 1349,1610 1375,1609 1375,1575 1349,1576 1323,1577 1297,1578 1271,1578 1245,1578 1219,1578 1193,1578 1167,1579 1141,1579 1115,1579 1089,1579 1063,1580 1037,1580 1011,1581 985,1582 960,1583"/>
                <Baseline points="960,1606 985,1605 1011,1604 1037,1603 1063,1603 1089,1602 1115,1602 1141,1602 1167,1602 1193,1601 1219,1601 1245,1601 1271,1601 1297,1601 1323,1600 1349,1599 1375,1598"/>
                <TextEquiv>
                    <Unicode>doña Violante, se fué</Unicode>
                </TextEquiv>
            </TextLine>
            <TextLine id="r_2_1l30" custom="readingOrder {index:29;}">
                <Coords points="959,1667 985,1666 1011,1665 1037,1665 1063,1664 1089,1663 1115,1662 1141,1662 1167,1661 1193,1661 1219,1660 1245,1660 1271,1659 1297,1659 1323,1659 1349,1659 1375,1659 1401,1660 1427,1660 1453,1661 1479,1662 1479,1629 1453,1628 1427,1627 1401,1627 1375,1626 1349,1626 1323,1626 1297,1626 1271,1626 1245,1627 1219,1627 1193,1628 1167,1628 1141,1629 1115,1629 1089,1630 1063,1631 1037,1632 1011,1632 985,1633 959,1634"/>
                <Baseline points="959,1656 985,1655 1011,1654 1037,1654 1063,1653 1089,1652 1115,1651 1141,1651 1167,1650 1193,1650 1219,1649 1245,1649 1271,1648 1297,1648 1323,1648 1349,1648 1375,1648 1401,1649 1427,1649 1453,1650 1479,1651"/>
                <TextEquiv>
                    <Unicode>por las sogas escurriendo,</Unicode>
                </TextEquiv>
            </TextLine>
            <TextLine id="r_2_1l31" custom="readingOrder {index:30;}">
                <Coords points="955,1713 980,1713 1005,1713 1031,1712 1056,1712 1082,1712 1107,1711 1132,1711 1158,1710 1183,1710 1209,1709 1234,1709 1259,1709 1285,1708 1310,1708 1336,1708 1361,1708 1386,1708 1412,1709 1437,1709 1463,1710 1463,1677 1437,1676 1412,1676 1386,1675 1361,1675 1336,1675 1310,1675 1285,1675 1259,1676 1234,1676 1209,1676 1183,1677 1158,1677 1132,1678 1107,1678 1082,1679 1056,1679 1031,1679 1005,1680 980,1680 955,1680"/>
                <Baseline points="955,1702 980,1702 1005,1702 1031,1701 1056,1701 1082,1701 1107,1700 1132,1700 1158,1699 1183,1699 1209,1698 1234,1698 1259,1698 1285,1697 1310,1697 1336,1697 1361,1697 1386,1697 1412,1698 1437,1698 1463,1699"/>
                <TextEquiv>
                    <Unicode>derribando muchas tejas,</Unicode>
                </TextEquiv>
            </TextLine>
            <TextLine id="r_2_1l32" custom="readingOrder {index:31;}">
                <Coords points="962,1763 989,1762 1016,1762 1043,1761 1071,1761 1098,1760 1125,1759 1153,1759 1180,1759 1207,1758 1235,1758 1262,1757 1289,1757 1316,1757 1344,1757 1371,1757 1398,1757 1426,1757 1453,1758 1480,1758 1508,1759 1508,1725 1480,1724 1453,1724 1426,1723 1398,1723 1371,1723 1344,1723 1316,1723 1289,1723 1262,1723 1235,1724 1207,1724 1180,1725 1153,1725 1125,1725 1098,1726 1071,1727 1043,1727 1016,1728 989,1728 962,1729"/>
                <Baseline points="962,1752 989,1751 1016,1751 1043,1750 1071,1750 1098,1749 1125,1748 1153,1748 1180,1748 1207,1747 1235,1747 1262,1746 1289,1746 1316,1746 1344,1746 1371,1746 1398,1746 1426,1746 1453,1747 1480,1747 1508,1748"/>
                <TextEquiv>
                    <Unicode>al ir arrastrando el cuerpo</Unicode>
                </TextEquiv>
            </TextLine>
            <TextLine id="r_2_1l33" custom="readingOrder {index:32;}">
                <Coords points="953,1813 978,1812 1004,1811 1029,1811 1055,1810 1080,1810 1106,1809 1132,1809 1157,1808 1183,1808 1208,1808 1234,1807 1259,1807 1285,1807 1311,1807 1336,1807 1362,1806 1387,1806 1413,1806 1439,1806 1439,1772 1413,1772 1387,1772 1362,1772 1336,1773 1311,1773 1285,1773 1259,1773 1234,1773 1208,1774 1183,1774 1157,1774 1132,1775 1106,1775 1080,1776 1055,1776 1029,1777 1004,1777 978,1778 953,1779"/>
                <Baseline points="953,1802 978,1801 1004,1800 1029,1800 1055,1799 1080,1799 1106,1798 1132,1798 1157,1797 1183,1797 1208,1797 1234,1796 1259,1796 1285,1796 1311,1796 1336,1796 1362,1795 1387,1795 1413,1795 1439,1795"/>
                <TextEquiv>
                    <Unicode>hasta bajarse á la calle.</Unicode>
                </TextEquiv>
            </TextLine>
            <TextLine id="r_2_1l34" custom="readingOrder {index:33;}">
                <Coords points="961,1862 986,1862 1012,1861 1038,1860 1064,1860 1090,1859 1116,1859 1142,1858 1168,1857 1194,1857 1219,1856 1245,1856 1271,1856 1297,1855 1323,1855 1349,1855 1375,1854 1401,1854 1427,1854 1453,1854 1453,1820 1427,1820 1401,1820 1375,1820 1349,1821 1323,1821 1297,1821 1271,1822 1245,1822 1219,1822 1194,1823 1168,1823 1142,1824 1116,1825 1090,1825 1064,1826 1038,1826 1012,1827 986,1828 961,1828"/>
                <Baseline points="961,1851 986,1851 1012,1850 1038,1849 1064,1849 1090,1848 1116,1848 1142,1847 1168,1846 1194,1846 1219,1845 1245,1845 1271,1845 1297,1844 1323,1844 1349,1844 1375,1843 1401,1843 1427,1843 1453,1843"/>
                <TextEquiv>
                    <Unicode>y apenas tocó en el suelo</Unicode>
                </TextEquiv>
            </TextLine>
            <TextLine id="r_2_1l35" custom="readingOrder {index:34;}">
                <Coords points="965,1908 992,1908 1019,1908 1047,1908 1074,1908 1101,1908 1129,1908 1156,1907 1183,1907 1211,1906 1238,1905 1265,1905 1293,1904 1320,1904 1347,1903 1375,1903 1402,1902 1429,1902 1457,1902 1484,1902 1512,1903 1512,1869 1484,1868 1457,1868 1429,1868 1402,1868 1375,1869 1347,1869 1320,1870 1293,1870 1265,1871 1238,1871 1211,1872 1183,1873 1156,1873 1129,1874 1101,1874 1074,1874 1047,1874 1019,1874 992,1874 965,1874"/>
                <Baseline points="965,1897 992,1897 1019,1897 1047,1897 1074,1897 1101,1897 1129,1897 1156,1896 1183,1896 1211,1895 1238,1894 1265,1894 1293,1893 1320,1893 1347,1892 1375,1892 1402,1891 1429,1891 1457,1891 1484,1891 1512,1892"/>
                <TextEquiv>
                    <Unicode>con las plantas, cuando dijo</Unicode>
                </TextEquiv>
            </TextLine>
            <TextLine id="r_2_1l36" custom="readingOrder {index:35;}">
                <Coords points="959,1957 986,1957 1013,1956 1040,1956 1068,1956 1095,1955 1122,1955 1150,1954 1177,1954 1204,1954 1232,1953 1259,1953 1286,1953 1314,1952 1341,1952 1368,1952 1396,1953 1423,1953 1450,1954 1478,1954 1478,1920 1450,1920 1423,1919 1396,1919 1368,1918 1341,1918 1314,1918 1286,1919 1259,1919 1232,1919 1204,1920 1177,1920 1150,1920 1122,1921 1095,1921 1068,1922 1040,1922 1013,1922 986,1923 959,1923"/>
                <Baseline points="959,1946 986,1946 1013,1945 1040,1945 1068,1945 1095,1944 1122,1944 1150,1943 1177,1943 1204,1943 1232,1942 1259,1942 1286,1942 1314,1941 1341,1941 1368,1941 1396,1942 1423,1942 1450,1943 1478,1943"/>
                <TextEquiv>
                    <Unicode>á Pedro: vamonos presto,</Unicode>
                </TextEquiv>
            </TextLine>
            <TextLine id="r_2_1l37" custom="readingOrder {index:36;}">
                <Coords points="971,2005 997,2005 1023,2005 1049,2005 1075,2005 1101,2005 1127,2004 1153,2004 1179,2004 1206,2003 1232,2003 1258,2002 1284,2002 1310,2001 1336,2001 1362,2001 1388,2000 1415,2000 1415,1966 1388,1966 1362,1967 1336,1967 1310,1967 1284,1968 1258,1968 1232,1969 1206,1969 1179,1970 1153,1970 1127,1970 1101,1971 1075,1971 1049,1971 1023,1971 997,1971 971,1971"/>
                <Baseline points="971,1994 997,1994 1023,1994 1049,1994 1075,1994 1101,1994 1127,1993 1153,1993 1179,1993 1206,1992 1232,1992 1258,1991 1284,1991 1310,1990 1336,1990 1362,1990 1388,1989 1415,1989"/>
                <TextEquiv>
                    <Unicode>no sea que se alborote</Unicode>
                </TextEquiv>
            </TextLine>
            <TextLine id="r_2_1l38" custom="readingOrder {index:37;}">
                <Coords points="963,2054 990,2054 1017,2054 1044,2054 1071,2054 1099,2054 1126,2053 1153,2053 1180,2053 1207,2052 1235,2051 1262,2051 1289,2050 1316,2050 1343,2050 1371,2049 1398,2049 1425,2049 1452,2050 1479,2050 1507,2051 1507,2017 1479,2016 1452,2016 1425,2015 1398,2015 1371,2015 1343,2016 1316,2016 1289,2016 1262,2017 1235,2017 1207,2018 1180,2019 1153,2019 1126,2019 1099,2020 1071,2020 1044,2020 1017,2020 990,2020 963,2020"/>
                <Baseline points="963,2043 990,2043 1017,2043 1044,2043 1071,2043 1099,2043 1126,2042 1153,2042 1180,2042 1207,2041 1235,2040 1262,2040 1289,2039 1316,2039 1343,2039 1371,2038 1398,2038 1425,2038 1452,2039 1479,2039 1507,2040"/>
                <TextEquiv>
                    <Unicode>el barrio con el estruendo,</Unicode>
                </TextEquiv>
            </TextLine>
            <TextLine id="r_2_1l39" custom="readingOrder {index:38;}">
                <Coords points="967,2107 993,2106 1019,2105 1046,2104 1072,2103 1098,2103 1125,2102 1151,2101 1178,2101 1204,2101 1230,2100 1257,2100 1283,2100 1309,2100 1336,2100 1362,2100 1389,2100 1389,2066 1362,2066 1336,2066 1309,2066 1283,2066 1257,2066 1230,2066 1204,2067 1178,2067 1151,2067 1125,2068 1098,2069 1072,2069 1046,2070 1019,2071 993,2072 967,2073"/>
                <Baseline points="967,2096 993,2095 1019,2094 1046,2093 1072,2092 1098,2092 1125,2091 1151,2090 1178,2090 1204,2090 1230,2089 1257,2089 1283,2089 1309,2089 1336,2089 1362,2089 1389,2089"/>
                <TextEquiv>
                    <Unicode>y con paso acelerado</Unicode>
                </TextEquiv>
            </TextLine>
            <TextLine id="r_2_1l40" custom="readingOrder {index:39;}">
                <Coords points="970,2153 998,2152 1026,2151 1054,2150 1083,2150 1111,2150 1139,2150 1167,2150 1196,2150 1224,2150 1252,2150 1280,2150 1309,2150 1337,2150 1365,2150 1393,2150 1422,2149 1450,2149 1478,2148 1506,2148 1535,2147 1535,2113 1506,2114 1478,2114 1450,2115 1422,2115 1393,2116 1365,2116 1337,2116 1309,2116 1280,2116 1252,2116 1224,2116 1196,2116 1167,2116 1139,2116 1111,2116 1083,2116 1054,2116 1026,2117 998,2118 970,2119"/>
                <Baseline points="970,2142 998,2141 1026,2140 1054,2139 1083,2139 1111,2139 1139,2139 1167,2139 1196,2139 1224,2139 1252,2139 1280,2139 1309,2139 1337,2139 1365,2139 1393,2139 1422,2138 1450,2138 1478,2137 1506,2137 1535,2136"/>
                <TextEquiv>
                    <Unicode>de alli se ausentaron, yendo</Unicode>
                </TextEquiv>
            </TextLine>
            <TextLine id="r_2_1l41" custom="readingOrder {index:40;}">
                <Coords points="972,2202 997,2202 1022,2202 1047,2202 1072,2201 1098,2201 1123,2201 1148,2200 1173,2200 1199,2199 1224,2199 1249,2199 1274,2199 1299,2199 1325,2199 1350,2199 1375,2200 1400,2200 1426,2201 1426,2167 1400,2166 1375,2166 1350,2165 1325,2165 1299,2165 1274,2165 1249,2165 1224,2165 1199,2165 1173,2166 1148,2166 1123,2167 1098,2167 1072,2167 1047,2168 1022,2168 997,2168 972,2168"/>
                <Baseline points="972,2191 997,2191 1022,2191 1047,2191 1072,2190 1098,2190 1123,2190 1148,2189 1173,2189 1199,2188 1224,2188 1249,2188 1274,2188 1299,2188 1325,2188 1350,2188 1375,2189 1400,2189 1426,2190"/>
                <TextEquiv>
                    <Unicode>Pedro delante guiando,</Unicode>
                </TextEquiv>
            </TextLine>
            <TextLine id="r_2_1l42" custom="readingOrder {index:41;}">
                <Coords points="961,2259 987,2257 1013,2255 1039,2254 1065,2253 1091,2252 1117,2251 1143,2251 1169,2251 1195,2250 1221,2250 1247,2250 1273,2250 1299,2250 1325,2250 1351,2249 1377,2249 1403,2248 1403,2214 1377,2215 1351,2215 1325,2216 1299,2216 1273,2216 1247,2216 1221,2216 1195,2216 1169,2217 1143,2217 1117,2217 1091,2218 1065,2219 1039,2220 1013,2221 987,2223 961,2225"/>
                <Baseline points="961,2248 987,2246 1013,2244 1039,2243 1065,2242 1091,2241 1117,2240 1143,2240 1169,2240 1195,2239 1221,2239 1247,2239 1273,2239 1299,2239 1325,2239 1351,2238 1377,2238 1403,2237"/>
                <TextEquiv>
                    <Unicode>y ella le iba siguiendo</Unicode>
                </TextEquiv>
            </TextLine>
            <TextEquiv>
                <Unicode>Enviòle este regalo,
y un papel, en que advirtiendo
le iba de que estubiese
sola al irlo descubriendo,
y ella envió en la respuesta
á decir la hora, y puesto
en que aguarde: que saldria
aquella noche de cierto.
Y cuando astába la noche
con mas quietud y silencio,
y las personas gozaban
del descanso en el sosiego,
subió á un cuarto donde habia
esteras y trastos viejos,
que le sirvieron de escala,
para que llegase al techo,
y de una viga unas sogas
ató fuertemente, y luego
llegó á un tabique, (que sirve
de pared en un testero,
y que del tiempo arruinado,
se estaba casi cayendo,)
y con un martillo grande
le tiró golpes tan recios,
que no fué menester, llegue
á ejecutar el tercero,
para que sobre un tejado
se cayese, y á el saliendo
doña Violante, se fué
por las sogas escurriendo,
derribando muchas tejas,
al ir arrastrando el cuerpo
hasta bajarse á la calle.
y apenas tocó en el suelo
con las plantas, cuando dijo
á Pedro: vamonos presto,
no sea que se alborote
el barrio con el estruendo,
y con paso acelerado
de alli se ausentaron, yendo
Pedro delante guiando,
y ella le iba siguiendo</Unicode>
            </TextEquiv>
        </TextRegion>
    </Page>
</PcGts>
