1644 2440
281 182 333 234 8
197 248 740 284 Entró en casa de don Juan;
190 296 717 332 y halló de que era incierto
195 346 656 380 lo que don Luis le dijo:
190 394 711 431 pero estubo oyendo atento
197 443 688 479 de penitencia á Violante,
200 490 752 528 y así, que la hubo absuelto,
189 539 652 579 entraron los ofendidos,
193 590 609 625 y sacando los aceros
192 637 724 672 de la opresion de la baina,
196 686 650 725 furiosamente con ellos,
191 734 690 772 dando á su yerro castigo,
191 783 695 821 en el cristal de su pecho,
198 832 688 869 para que saliese el alma,
199 882 739 917 catorce puertas le abrieron.
200 929 644 967 Y en fin ya desposeido
197 979 620 1015 de los vitales alientos
195 1028 685 1066 el cuerpo, piden al Cura
195 1076 691 1115 con todo encarecimiento,
194 1125 654 1163 les ayudase á encubrir
198 1174 648 1211 el delito, concediendo,
197 1223 716 1260 de que en la iglesia le den
192 1273 701 1313 sepultura, y por respetos
200 1321 736 1366 humanos, luego al instante
200 1370 733 1415 que les dió consentimiento
204 1418 601 1462 al cadáver sepultura
195 1467 646 1510 en una bóveda dieron.
194 1515 631 1556 Y cuando al amanecer
197 1563 707 1608 fué el sacristan acudiendo
200 1613 635 1655 á su obligacion, halló
196 1660 809 1705 manchas de sangre en el suelo.
196 1710 749 1755 Al previsor fué á dar cuenta
198 1759 739 1803 de esta ñovedad, y el clero
199 1809 570 1852 á la Justicia seglar
197 1856 689 1901 envió á ávisar corriendo,
201 1900 818 1952 y á las puertas de la Iglesia
199 1956 809 1996 se juntan á un mismo tiempo,
207 2004 628 2049 y de la bóveda sacan
203 2052 747 2094 de doña Violante el cuerpo,
213 2100 817 2147 que en traje de hombre vestida,
929 240 1486 278 quien es, está desmintiendo.
928 290 1424 327 En fin vieron las heridas,
923 339 1411 379 y quien es reconocieron,
927 387 1431 430 y por las gotas de sangre,
929 435 1487 474 que al llevarla fué vertiendo,
923 482 1445 522 supieron muy bien la casa
929 531 1415 570 á donde estaban los reos,
927 578 1427 619 y á don Juan y á don Luis
927 626 1459 668 los prendieron, y sabiendo
919 676 1429 716 de Pedro la infame venta,
921 724 1443 766 tambien lo llevaron preso,
923 774 1409 817 y en la cárcel del Obispo
923 823 1446 861 sucedió al cura lo mesmo.
927 870 1401 912 Y al cuarto dia don Juan
926 917 1511 961 lo echan libre, y prosiguiendo
919 971 1387 1010 en los autos de justicia,
919 1017 1411 1059 al cabo de año y medio
925 1066 1502 1108 de prision, dieron al cura
931 1117 1397 1158 por castigo de su yerro,
935 1166 1379 1205 que no celebrara Misa,
931 1211 1409 1254 ni Epístola ni Evangelio
936 1261 1395 1303 cante, y en un hospital
936 1311 1462 1350 está á los pobres sirviendo,
920 1361 1331 1401 rodeado de miserias,
935 1411 1379 1450 para ganar su sustento,
931 1456 1457 1500 y á los diez y nueve meses
927 1507 1421 1548 se feneció aqueste pleito,
927 1555 1408 1595 con que quedó don Luis
925 1601 1419 1644 libre, y sacaron á Pedro
928 1652 1447 1693 de la cárcel por las calles,
927 1700 1409 1741 sacudiéndole doscientos
927 1748 1395 1791 azotes, y por diez años
928 1797 1515 1838 despues fué á bogar un remo.
923 1844 1443 1887 Aquí pueden los amantes
931 1897 1437 1936 tomar algun escarmiento,
935 1942 1415 1985 y consideren, que amor
930 1995 1486 2034 hace á los que aman ciegos,
933 2044 1444 2087 y que por seguir el gusto,
933 2092 1441 2133 caen antes en el despeño.
788 2194 1021 2234 CARMONA.
430 2239 1365 2287 Imprenta y libreria de don José María Moreno.
