1737 2508
900 49 921 204 7
205 179 628 220 Gen. Esa será la seña.
198 233 717 272 Nig. Y nstedes al instantito
250 286 753 326 corriendo saldrán á fuera?
201 339 667 380 Los dos. Sin detenernos.
207 392 532 432 Nig. Pues vayan,
246 446 716 484 sin tener la menor pena
249 498 782 539 y hablen cuanto les dé gana
247 551 710 593 hasta que yo diga fuera.
208 606 816 644 Gen. Cuidado que avises, chico.
212 658 775 698 Nig. Primero el dinero venga.
219 713 799 752 Gen. Ahí lo tienes todo en oro.
220 765 803 807 Nig. Entren nstedes, no teman.
389 820 722 858 Abre y los entra.
269 872 777 912 Qué fortuna que he tenido!
265 926 804 966 vean ustedes, con cincuenta
269 979 759 1018 pesos fuertes de ganancia
260 1032 844 1074 á Niquiñaque: de qué procede?
274 1086 749 1128 de nada, de una friolera,
263 1140 770 1180 de un irabajo que no vale
269 1193 804 1233 dos cuartos, por decir fuera.
228 1247 917 1287 Salen dou Genaro y Martin por
224 1300 908 1342 la puerta izquierda tropezaudo por
495 1353 665 1394 la prisa.
236 1408 768 1448 Los dos. El padre, el padre.
233 1461 530 1500 Nig. Por dónde
283 1514 576 1555 viene el padre?
240 1569 714 1611 Mart. Aquesta es buena!
287 1623 775 1664 pues no avisastes diciendo
282 1678 418 1717 fuera?
244 1729 713 1773 Nig. Miren qué pamema!
285 1782 837 1826 Yo estaba hablando conmigo
285 1836 745 1880 sin que por aviso fuera.
249 1887 921 1936 Mart. Por salir pronto me he hecho
301 1943 773 1987 un chichon en la cabeza.
254 1995 832 2041 Gen. Ye por correr me he dado
292 2049 818 2095 un trastazo en esta pierna.
259 2104 638 2150 Nig. Vaya, adentro.
259 2159 697 2204 Los dos. Pues cuidado.
263 2201 1487 2256 Nig. Ya que entrais á hablar con ellas vinagre, galones de oro.
307 2266 738 2311 el cuidado es, proceder
969 172 1433 214 en un todo con modestia
935 225 1452 266 Gen. Pues de nosotros podia
977 280 1441 319 pensarse de otramanera?
932 333 1527 372 Mart. Ademas de esto, las niñas
974 386 1508 427 son muy honestas doncellas,
976 439 1351 481 recatadas, virtuosas
973 494 1499 537 y con estremo muy buenas.
938 546 1406 588 Nig. Muy buenas: parece
979 599 1564 644 que hablan Vs. por esperiencia.
935 653 1529 696 Mart. Nesotros no, mas la vista
988 706 1544 747 no crea que engañarse pueda.
942 760 1531 800 Nig. No puede? pues cuando vá
984 813 1485 852 alguno á comprar manteca
991 867 1498 906 de Flandes, prueba de una
985 920 1563 960 y do otra, hasta que encuentra
983 974 1446 1013 una buena que le gusta:
998 1027 1566 1065 por qué asegura que es buena?
944 1078 1561 1122 Mart. Solo porque la ha probado
945 1131 1589 1175 Nig. Pues aplique usted la cuenta.
991 1189 1457 1230 A la muger y al caballo,
995 1241 1455 1282 al que le lleva la rienda,
1001 1295 1437 1335 conoce sus intenciones,
1003 1346 1497 1390 los demas no las penetran.
968 1400 1515 1442 Gen. Me gusta tu genio toma
1001 1454 1499 1493 diez duros por la agudeza.
956 1507 1404 1550 Mart. Toma otros diez.
968 1559 1311 1605 Nig. Vaya, entren
1003 1613 1497 1663 y prosigan con su arenga,
966 1667 1319 1713 Los dos. Está bien.
1127 1718 1485 1762 Los entra á los dos
963 1772 1627 1818 Nig. He encontrado un buen oficio;
1018 1826 1553 1872 cuando uno menos lo piensa
1017 1882 1491 1924 le dá la fortuna un gusto
1024 1935 1491 1978 completo: yo con setenta
1026 1988 1486 2029 pesos fuertes bien podré
1016 2041 1586 2085 comerciar: pondré una tienda
1023 2096 1445 2136 de carbon, aceite, sal,
1025 2148 1499 2192 pajuelas, medias de seda,
1012 2256 1524 2300 Al mes doblo la ganancia,
