1737 2508
866 112 912 158 5
175 169 681 208 Gen. Que la viña de tu amo
221 222 762 264 está ardiendo, sin que pueda
213 276 679 316 apagar nadie el incendio.
167 329 837 372 Nig. Ay Dios que infausta tragedia!
209 381 759 426 San Anton sea con nosotros.
179 436 849 478 Mart. Anda corriendo, qué esperas?
178 488 816 531 Nig. Voy volando: y arde mucho?
183 542 751 584 Gen. Un dolor es ver las cepas
216 595 694 639 arder, sin haber un alma
217 647 724 693 que cortar el fuego pueda.
179 701 795 748 Nig. Jesús, Jesus, qué desgracia!
224 752 735 800 voy... una pregunta suelta.
184 806 459 850 Gen. Vaya, dí.
171 860 769 906 Nig. Y usted ha visto el fuego?
183 915 786 961 Gen. Por mis ojos, y no quedan
215 968 725 1010 mas que seis cepas ú ocho
229 1023 679 1064 en la viña, que no sean
224 1076 663 1116 arrasadas del incendio.
184 1130 868 1173 Nig. Pues si hay de aquí allá tres leguas
226 1182 722 1225 todo estará hecho cenizas
236 1237 864 1281 cuando yo llegue, y no es cuenta
235 1293 714 1333 que tome yo un tabardillo
227 1342 613 1386 y nada remedie; sea
229 1395 616 1439 lo que Dios quisiere.
196 1448 456 1491 Gen. Hombre,
592 1455 866 1497 Aparte los dos.
231 1504 740 1547 mal nos salió nuestra idea:
229 1557 715 1600 mejor es lo que pensamos
224 1610 688 1652 antes en darle cuarenta
229 1661 685 1706 ó cincuenta pesos, pues
229 1716 725 1762 el dinero es llave maestra
226 1770 667 1814 hasta de los corazones.
189 1823 782 1868 Mart. Bien decís: vamos, y sea
233 1878 868 1922 pronto, antes que venga el viejo.
199 1929 807 1976 Gen. Pues entablemos la arenga.
235 1983 701 2026 Díme, hombre, bastarán
235 2037 815 2082 veinte y cuatro, serán treinta?
193 2092 755 2134 Nig. Si serán palos, Dios mio!
188 2147 838 2188 Mart. No serán treinta, cincuenta
190 2198 563 2238 Nig. San Sinforiano
679 2207 872 2245 (y fuertes.
240 2258 701 2295 permita no sea Palencia.
887 174 1490 217 Mart. oyeme aqui, Niquiñaque;
944 228 1405 270 todo cuanto de la huerta
939 282 1414 324 y de la viña hemos dicho
940 335 1354 379 ha sido todo pamema,
947 387 1393 432 por hacerte que de casa
946 442 1412 484 por un buen rato salieras
951 495 1407 540 para hablar nosotros dos
951 549 1532 595 con las muchachas; mas piensa
951 604 1432 649 nuestro buen juicio ahora
942 657 1415 700 regalarte, porque puedas
945 710 1524 756 comprarte un vestido; con que
949 763 1449 810 si consientes que con Pepa
945 819 1313 861 y con Margarita, yo
948 873 1456 916 y mi amo, aquí á la puerta
950 926 1408 972 dos palabritas hablemos,
947 980 1350 1022 estando de centinela
954 1034 1436 1077 tú, por si su padre viene;
946 1086 1440 1129 hemos de darte cincuenta
950 1142 1374 1181 pesos fuertes cabalitos.
901 1196 1512 1237 Nig. Conque quieren á la puerta
943 1250 1409 1290 hablar solo dos palabras
956 1304 1436 1343 con Margarita y con Pepa
957 1357 1420 1395 y darme cincuenta duros
953 1408 1450 1451 por esta condescendencia?
907 1463 1065 1504 Gen. Sí.
908 1517 1280 1557 Nig. Me convengo.
947 1571 1430 1613 A Dios houra montañesa,
950 1626 1437 1665 ya se la llevo el demonio
955 1678 1602 1720 en cuanto olió las pesetas. (tienes?
917 1736 1591 1772 Gen. Vaya, hombre, en que te de-
912 1781 1530 1816 Nig. Ya voy corriendo á traerlas.
959 1830 1455 1872 Ah, muchacha! Margarita.
911 1883 1597 1928 A Saca á Margarita en brazos por la
1093 1934 1418 1979 puerta izquierda.
947 1987 1374 2031 Don Genaro aquí está.
1114 2041 1402 2084 Vá por la otra.
914 2094 1459 2140 Marg. Querido Genaro mio...
921 2148 1486 2193 Gen. Qué de fatigas me cuesta
963 2202 1285 2242 verte y hablarte!
1023 2257 1484 2299 Saca Niquiñaque á Pepa.
