1737 2508
857 231 883 267 3
170 288 657 325 porque don Fernando está
172 334 599 370 idolatrando tu hechizo.
171 378 627 413 Es noble, muy poderoso,
171 421 623 457 como ya le he referido;
170 463 711 499 te hara dueñá de su hacienda
166 508 644 543 te idr, s descanso y alivio:
175 552 652 587 esto ha de ser por fuerza,
173 596 636 631 si no quieres por cariño.
179 640 637 674 Y remitiéndose al llanto,
176 683 646 718 hechos sus ojos dos rios,
175 727 629 761 desabrochando palabras,
172 769 667 805 resueltamente le ha dicho:
176 813 726 848 Padre y señor, don Fernando
173 856 653 892 nunca fué del gusto mio.
171 899 711 941 ¿Qué importa que sea noble?
175 944 676 985 ¿Qué implica que sea rico?
180 987 652 1022 si nunca han congeniado
177 1031 695 1066 sus conceptos con los mios.
189 1075 740 1111 Que don Fernando sea noble.
184 1118 749 1154 tambien lo soy yo, padre mio;
188 1161 765 1197 que sea dueño de su haciíenda,
182 1206 672 1241 yo soy la que me cautivo;
180 1250 666 1284 la que por fuerza se casa,
189 1294 600 1328 por interes de lo rico
187 1336 677 1371 no es muger, sino esclava
191 1379 727 1414 que se vende en el guarismo
185 1423 631 1458 de la ambiciosa codicia:
187 1466 643 1502 esto, señor, es muy fijo.
185 1510 685 1546 En cuanto á tomar es ado,
187 1554 623 1589 esto de darme marido,
189 1597 765 1633 no ha de ser al gusto vuestro,
192 1641 725 1676 que ha de ser al gusto mio.
188 1683 707 1719 Y pues es fuerza os declaro
193 1728 689 1764 como á padre mi designio,
191 1773 680 1807 yo tengo puesto mi afecto,
195 1816 581 1851 el corazon y sentido,
196 1859 685 1896 por mandato de mi amor
199 1903 709 1939 en don Jacinto del Castillo;
199 1947 721 1982 con él tengo esposo á gusto,
203 1989 742 2024 pues como al alma le estimo.
205 2033 716 2068 Viéndola el padre resuelta;
205 2077 633 2111 furioso, ensoberbecido,
207 2121 618 2156 asiola por los cabellos,
207 2163 734 2198 que eran hebras de oro fino,
202 2207 750 2242 dándola galpes, y arrastrando
208 2251 746 2288 la metió en su cuarto mismo:
210 2295 691 2331 con un puñal en la mano
207 2339 689 2374 en viva rabia encendido,
210 2384 631 2418 amenazóla de muerte,
888 280 1427 317 diciendo: haz lo que te digo,
884 326 1224 360 ó la vida rendirás
892 368 1359 404 al golpe de este cuchillo.
1391 409 1488 441 pecho
895 411 1358 447 Viendo Leoner que en su
888 455 1373 492 moraba el de don Jacinto.
887 498 1355 536 y que es fuerza peligrase
895 544 1309 578 en semejante conflicto,
899 589 1359 623 con un cauteloso engaño,
897 632 1330 666 dijo padre y señor mio,
898 674 1359 711 ya me resuelvo á que sea
893 716 1385 754 don Fcrnando esposo mio.
896 760 1407 798 Con esto el padre, abrazola
897 804 1324 841 contento y agradecido,
904 845 1390 885 dejándole: cuando al cabo
908 890 1315 928 de cuatro dias ó cinco
908 935 1301 972 escribió doña Leonor
903 978 1357 1015 un papel á don Jacinto.
903 1023 1358 1059 diciendo lo que la pasa,
902 1066 1351 1102 que la sacase al proviso:
907 1110 1398 1146 mas no fue tan en secreto,
912 1152 1415 1190 que lo cogió don Francisco:
909 1197 1340 1232 hallóla tan inconstante,
912 1240 1364 1276 segun por los contenido.
905 1284 1393 1318 Volvió otra vez indignado
908 1326 1358 1362 y á doña Leonor la dijo:
907 1370 1357 1406 mira infame, este pape.
910 1414 1408 1450 que envias á don Jacinto.
907 1457 1373 1494 Encerróla, y dispusieron.
909 1502 1471 1537 que con Fernando al proviso,
914 1546 1270 1582 el vicario la casase
911 1589 1319 1625 por evitar un peligro,
916 1629 1398 1668 que en andando el dinero
913 1673 1395 1711 todo se halla convencido
917 1719 1331 1756 Quisiera escribir aquí
917 1765 1350 1799 las lágrimas y suspiros
924 1805 1409 1842 los sollosos y los lamentos,
922 1852 1363 1886 los pesares y los gritos,
919 1894 1392 1930 que la triste dama hacia,
922 1933 1471 1972 muy bien lo dice ello mismo,
918 1981 1366 2016 Si el disimular su pena
923 2027 1388 2060 no la fuera tan preciso,
927 2070 1305 2102 reventara de dolor;
930 2112 1345 2148 mas volvióse basilisco,
923 2155 1449 2191 cual vivora, cual serpiente,
928 2200 1414 2235 que con su veneno mismo
924 2244 1349 2278 antepone su venganza
930 2287 1421 2322 destruyendo á su enemigo,
938 2329 1347 2366 Tuvo lugar y escribió
928 2375 1420 2411 diciendole á don Jacinto:
