1765 2512
828 143 880 297 2
175 270 786 304 pues no hay hombre que la mire
184 314 654 346 que no se quede rendido.
180 358 650 392 En la casa de sus padres,
182 402 564 434 con el recato devido
180 444 604 478 se crió, y apenas tuvo
184 489 716 522 los quince abriles cumplidos
180 533 694 564 cuando amor tiró una flecha
180 575 658 608 quedando herida del tiro,
179 620 738 652 que la muger que es hermosa
180 663 658 696 trae la desgracia consigo;
178 707 660 739 pues bastó llamarse Rosa,
185 750 641 783 que pocas rosas he visto
184 794 687 826 que no mueran deshojadas
175 838 610 870 á manos del precipicio,
173 881 680 915 La causa fué un caballero,
180 925 624 958 don Jacintó del Castillo,
182 968 622 1002 tan galan como bizarro,
186 1012 640 1045 valiente como entendido
175 1056 607 1088 Este dió en galantearla
173 1101 598 1133 con fiestas y regocijos;
180 1143 600 1175 la dama le corresponde
179 1188 588 1220 con amorosos cariños,
175 1230 647 1262 que enamorada y rendida
182 1274 602 1307 estaba de don Jacinto,
178 1316 645 1352 y con palabras de esposa
172 1362 580 1393 á su amante satisfizo.
176 1405 690 1439 Todas las noches se hablan
180 1450 662 1485 por un balcon que testigo,
175 1494 656 1527 era de sus muchas penas
173 1538 674 1572 y como amantes tan finos,
180 1580 610 1613 descansan uno con otro
182 1626 610 1658 repitiendo mil cariños.
180 1669 608 1701 Dejemos en este estado
176 1713 534 1746 á Leonor y Jacinto,
175 1757 646 1791 gozándo en los coloquios
186 1801 658 1833 que el amor trae consigo;
175 1845 657 1880 y paso, pues, á dar cuenta
175 1887 647 1924 y digo que don Francisco
183 1932 701 1965 que era padre de esta dama,
183 1975 637 2010 ya tenia otros designios,
177 2019 713 2054 y era darsela á un caballero,
183 2063 757 2096 que era muy rico, y su amigo,
184 2106 724 2140 don Fernando de Contreras,
184 2149 660 2184 que enamorado y rendido
188 2196 608 2228 de la singular belleza,
177 2240 571 2273 y encantado prodigio
179 2284 612 2316 del hechizo de Leonor,
183 2327 592 2360 determinóse y le dijo:
179 2372 642 2408 señor don Francisco, yo,
901 269 1321 301 como hombre, solicito
906 313 1386 346 alcanzar, favores vuestros,
900 357 1360 390 si merecen que lo activo
896 401 1304 433 de la bellísima mano,
897 444 1420 476 de Leonor que tanto estimo;
900 487 1420 520 con el renombre de esposa,
897 532 1354 562 suplicándolo os lo pido.
900 574 1440 606 Y don Francisco, que estaba
902 619 1368 651 deseando aquello mismo,
904 663 1362 695 al momento se la ofrece,
903 705 1299 740 prometiéndole de fijo
909 749 1375 780 con ella dos mil ducados
902 794 1326 825 en plata y en oro fino.
903 837 1441 868 Quedóse asi; y don Fernando
902 879 1324 913 contento y agradecido;
903 925 1320 957 alegres se despidieron,
902 967 1436 999 y al momento don Francisco
896 1011 1332 1044 se partió para su casa,
898 1055 1354 1086 dándolas cuenta y aviso
900 1098 1348 1132 á su muger y á su hija,
906 1143 1324 1174 muy alegremente dijo.
898 1186 1312 1221 ¿no sabes tu, Leonor,
896 1230 1300 1265 hija del corazon mio,
906 1274 1326 1304 como te tengo casada,
910 1318 1358 1348 que sera tu gusto y mio,
912 1361 1444 1392 con don Fernando Contreras,
906 1404 1428 1436 hombre rico y bien nacido?
906 1448 1408 1479 Es noble, afable y discreto,
905 1492 1460 1524 como tú, Leonor lo has visto:
904 1536 1363 1567 solo aguardo tu repuesta
899 1580 1349 1611 para darsela al proviso.
900 1623 1312 1654 Y Leonor, como tenia
906 1667 1344 1699 las potencias y sentidos,
906 1710 1328 1741 el corazon vida y alma
900 1754 1408 1786 en su amante don Jacinto,
900 1798 1418 1829 fué á responder y no pudo,
901 1840 1407 1873 que la fuerza de un delirio
910 1885 1408 1917 la traspuso en un desmayo,
904 1927 1395 1960 envuelta en un parasismo:
903 1971 1403 2005 Aqui el coral de sus labios
895 2015 1360 2048 eran de jazmin los visos,
908 2059 1374 2092 las rosas de sus megíllas
900 2101 1425 2136 en nieve se han convertido.
895 2147 1484 2180 A penas vuelta en su acuerdo,
904 2191 1374 2222 á Leonor, su padre vido,
906 2234 1332 2266 volviendo segunda vez
900 2277 1421 2311 á tratar de lo que ha dicho:
897 2323 1300 2356 acaba, Leonor acaba,
903 2368 1397 2400 responde á lo que te digo,
