1765 2512
703 195 783 348 6
92 328 554 364 de que la arábiga lengua
91 372 541 406 le enseñasen al proviso:
92 415 565 452 tan buena cuenta le daba,
89 460 514 494 cuidadoso y discursivo,
95 502 559 538 que ya Zaida se abrazaba
91 546 515 580 en amores del cautivo.
96 590 535 624 Se quejaba una mañana
97 634 537 668 á sus solas don Jacinto;
99 678 513 711 pensando nadie le oia,
93 721 497 756 aquetas palabras dijo.
95 765 519 799 Sagrada Vírgen Maria,
101 807 540 842 Madre del Verbo Divino
100 852 546 886 ten de mi misericordia;
96 894 529 932 y si á tu santo servício
101 939 629 973 conviene el que yo padezca,
107 982 589 1016 padesca que, es gusto mio;
99 1026 597 1060 lluevan sobre mi trabajos,
101 1069 595 1107 y los mas fuertes martirios
109 1113 598 1150 que ha inventado la herejía
101 1156 549 1193 pues lo tengo merecido.
105 1199 648 1236 Zaida que escuchando estaba
107 1244 553 1280 los lamentos de Jacinto,
106 1288 638 1324 entró con semblante alegre,
109 1333 559 1366 diciendo: cristiano mio,
111 1376 630 1415 ¿que tienes que asi te quejas
105 1419 505 1455 lloroso y enternecido
115 1463 614 1499 que puedes al duro bronce
108 1507 590 1542 ablandar con tus suspiros?
118 1551 607 1586 Con humildad la responde:
110 1594 604 1629 estoy pensando en el libro
119 1638 569 1673 de mis trágicos, sucesos,
115 1681 598 1717 y en pensandole me aflijo.
157 1723 649 1759 ¿Serás casado en tu tierra?
155 1768 623 1802 Nunca, señora lo he sido.
132 1811 659 1846 —¿Tendrás amor en España?
157 1855 691 1889 Es verdad que lo he tenido,
125 1900 567 1934 pero ahora no lo tengo,
115 1943 609 1982 porque los conceptos mios
121 1989 523 2021 estan todos en Argel;
123 2031 612 2064 este es el dolor que gímo.
124 2075 588 2108 Y Zaida muy vergonzosa
128 2120 556 2152 le dice: mira, cautivo,
123 2162 547 2196 si tú olvidas á tu Dios
128 2206 560 2240 y sigues la ley que sigo
121 2250 560 2284 de mi profeta Mahoma,
127 2294 539 2327 tú te casarás conmigo.
128 2339 604 2373 gozarás muchas riquezas,
134 2382 632 2414 y tendrás muchos cautivos;
137 2426 699 2460 esto has de haeer, no lo dudes
807 316 1273 351 esto te está bien, Jacinto.
804 361 1352 395 El cual respondió muy triste,
809 405 1342 438 formando un grande suspiro:
811 447 1353 483 ¿cómo quieres que yo olvide
811 491 1325 526 á un Dios de gracia infinito
813 534 1367 569 á un Dios que por su bondad
813 576 1297 614 quiso por su amor divino
815 621 1281 657 redimirme con su sangre
807 664 1287 704 por librarme del abismo?
811 709 1267 748 ¿Cómo puedo ser ingrato
809 751 1343 788 á quien tanto bien me hizo?
813 797 1325 831 Calla, infame, no prosigas,
819 840 1395 876 que á no hacer lo que te digo,
814 883 1177 918 con la vida pagarás
822 927 1320 962 la vergüenza que reprimo.
821 971 1233 1006 Deja, cristiano, tu ley,
818 1013 1271 1050 accede á lo que te digo,
823 1058 1337 1093 que el que sigue á Mahoma
819 1103 1207 1138 goza bienes infinitos;
823 1146 1223 1180 sí no lo quieres hacer
824 1189 1280 1224 tendrás el mayor castigo
828 1234 1353 1268 que se haya visto en Argel,
830 1277 1242 1310 y replicó don Jacinto:
828 1322 1202 1355 no dejaré yo mi ley,
823 1362 1291 1399 esto fuera un barbarismo
831 1406 1295 1442 aunque mil vidas tuviera
831 1448 1307 1487 que rendirle en sacrificio:
832 1492 1361 1530 la ley de Dios resplandesca,
833 1537 1347 1573 que Mahoma es un maldito;
831 1580 1279 1617 siguele que irá tu alma
833 1625 1285 1661 á los profundos abismos.
841 1669 1327 1704 Con esto, Zaida indignada,
839 1712 1293 1747 salió fuera dando gritos:
835 1754 1291 1794 ¡ah de mis soldados, ola!
843 1799 1397 1835 ¡ah de mi guardia y ministros!
839 1842 1309 1878 venir prendan al instante
837 1887 1291 1922 á este cristiano atrevido,
843 1930 1331 1966 que quiso soberbio ó loco
848 1976 1282 2010 violentar el honor mio,
841 2016 1371 2053 tome mi hermano venganza
841 2061 1343 2098 de aqueste infame cautivo,
847 2105 1399 2142 que no es razon que se quede
847 2151 1291 2184 esta maldad sin castigo.
837 2195 1270 2229 A las voces acudieron,
838 2237 1311 2273 y prenden á don Jacinto,
845 2281 1336 2316 sin hacerle mas probanza
845 2325 1303 2362 que lo que la turca dijo,
848 2368 1295 2406 le sentencian á quemar
845 2409 1371 2451 por blasfemo y por lascivo,
