1737 2508
584 646 1413 688 SEGUNDA PARTE.
303 775 1691 810 en que se da cuenta como se embarcaron para Venecia D. Jacinto
295 825 1681 864 del Castillo y doña Leonor de la Rosa, y en la mitad del mar fue-
301 879 1683 916 ron apresados par unos corsarios berberiscos, que dieron con ellos
345 933 1646 968 en la ciudad de Argel, donde los condenaron á ser quemados
675 986 1309 1021 vivos por la fé de Jesucristo.
354 1102 736 1136 Ya dije en la primer parte
304 1147 740 1179 como va por el camino
304 1191 756 1225 don Jacinto con Leonor,
298 1234 791 1268 ambos del amor rendidos.
303 1277 672 1310 Apenas el claro dia
304 1320 716 1355 daba luz á los nacidos,
300 1364 739 1398 del camino se apartaron
294 1406 807 1444 y entre unos asperos riscos
297 1451 775 1486 de una frondosa montaña
297 1495 710 1528 se quedan escondidos.
291 1540 758 1573 Pidió Leonor en merced
300 1583 724 1615 la conceda don Jacinto
296 1625 694 1659 guardase la castidad,
294 1668 753 1704 hasta que el cielo divino
293 1714 707 1746 les eche su bendicion:
294 1755 732 1793 esto, señor, os suplíco,
293 1799 748 1835 porque quiero me seais
295 1844 713 1877 no galan, sino marido:
296 1887 759 1924 y como hombre discreto,
294 1931 752 1967 lo concedió don Jacinto,
290 1975 762 2009 que los generosos pechos
288 2016 800 2053 saben vencerse á si mismo.
283 2062 808 2097 Llegó la noche y caminan:
282 2102 748 2139 y de la suerte que digo
288 2148 718 2184 llegaron hasta Bayona,
285 2192 900 2234 que es puerto de mar muy rico,
290 2235 804 2271 al tiempo que un mercader
287 2278 626 2314 salia con su navio
279 2321 716 2360 á la ciudad de Venecia,
286 2365 790 2404 con que ajustó don Jacinto
1019 1101 1490 1135 el viaje y se embarcaron
1019 1147 1490 1182 con contento y regocijo,
1015 1190 1414 1224 haciendose á la vela,
1019 1236 1516 1269 surcando el mar cristalíno;
1019 1278 1440 1311 pero trajo la desgracia
1019 1322 1408 1357 dos navios argelinos,
1020 1366 1526 1400 los cercan por todas partes,
1024 1410 1508 1445 con que apresan el navio,
1013 1452 1489 1488 y despues de aprisionados
1020 1497 1498 1533 con cadenas y con grillos,
1018 1539 1508 1576 dieron en Argel con ellos,
1043 1585 1542 1619 á pregon fueron vendidos.
1019 1629 1411 1662 A Jacinto y á Leonor
1016 1670 1602 1709 los compró un moro muy rico,
1020 1716 1526 1750 el cual los presentó á Zaida
1017 1760 1521 1794 por la estimacion que hizo:
1011 1802 1558 1838 es del rey de Argel hermana
1012 1846 1541 1881 hermosa como el sol mismo
1012 1891 1498 1925 la cual contenta y alegre
1015 1935 1458 1968 recibió los dos cautivos.
1005 1976 1524 2017 Estimó mucho el presente,
1007 2019 1454 2055 y así que la turca vido
1008 2064 1400 2101 la belleza de Leonor,
1007 2108 1502 2147 lo bien dispuesta y el brio,
1004 2153 1478 2188 la hizo dama de estrado:
999 2193 1462 2230 y viendo de don Jacinto
1007 2241 1378 2274 lo galan y lo bizarro;
1008 2283 1490 2323 lo discreto y lo entendido,
1003 2327 1441 2364 le hízo su mayordomo.
1011 2372 1482 2412 Tambien juntamente hizo
