1765 2512
904 221 929 257 4
219 262 604 298 sesposo mio y señor,
214 307 670 342 dueño del alma querido,
214 351 762 387 hoy mi padre de por fuerza,
219 396 677 428 ¡con harto dolor lo digo
214 439 672 472 ¡con qué pena lo refiero
220 483 726 514 y con que llanto lo escribo!
219 526 738 558 hoy me ha casado jay de mi!
216 569 690 604 hoy te perdí, dueño mio;
211 612 648 646 de pesar, de esta pena,
211 656 638 688 las lágrimas hilo a hilo
214 699 714 735 de mis ojos se desprenden;
208 743 692 777 remediarlo no he podido,
205 788 685 819 ¿Yo casada sin mi gusto?
210 829 672 863 reviento solo en decirlo:
207 875 717 909 ¿yo verme con otro dueño?
205 918 722 950 ¿yo en brazos de mi enemig
209 960 713 994 Ea, mueran los que causan
208 1003 664 1038 tus disgustos y los mios:
202 1046 698 1084 para esta noche te espero;
212 1088 674 1126 vendrás bien apercibido,
208 1133 654 1168 que una criada avisada
208 1175 728 1213 te entrará en el cuarto mio,
204 1219 760 1258 Muera, muera don Fernando.
208 1265 754 1301 pues mi padré lo ha querido,
200 1309 596 1344 y nos iremos los dos,
210 1352 699 1388 que en otro reino distinto
199 1394 634 1431 nos casaremos despues,
200 1439 658 1474 que ya tengo prevenidos
198 1481 686 1519 muchos doblones y joyas,
195 1524 678 1561 muchas sortijas y anillos.
196 1567 676 1605 Esto, señor, te encaresco.
202 1611 723 1651 no haya falta en lo que digo
196 1653 680 1692 Todo aquel dia se estuvo
197 1698 686 1738 el padre con los padrinos
196 1741 629 1777 trazando para la noche
198 1785 608 1823 mil fiestas y regocijos,
188 1831 572 1866 y la cautelosa dama,
191 1872 546 1907 al inocente marido
195 1917 690 1956 para encubrir su ponzoña,
187 1958 652 1997 mostraba amor y cariño.
203 2000 684 2043 Vino la noche, y con ella
185 2044 637 2084 á la puerta don Jacinto
193 2088 672 2133 bien prevenido de armas,
188 2131 582 2169 y la criada al proviso
192 2176 666 2217 le ha tomado de la mano
186 2221 720 2261 y en un cuarto lo ha metido
188 2263 634 2305 sin que nadie reparara,
181 2308 684 2349 y alli se quedó escondido.
180 2352 716 2395 Llegó en fin la media noche
934 266 1382 308 se terminó el regocijo,,
934 313 1351 344 y todos los convidados
936 355 1406 389 a sus casas se habian ido.
940 398 1446 434 Entró Leonor en su cuarto,
944 442 1412 476 halló en el á don Jacinto,
937 483 1362 518 y allí trataron el como
932 528 1424 561 han de lograr su designio.
940 573 1478 604 Entró despues don Fernando
934 614 1370 647 despojandose el vestido,
933 660 1538 692 pensando hallarse en los brazos
938 700 1438 735 de Leonor que tanto quiso
932 743 1530 782 se halló en brazos de la muerte,
932 788 1394 822 porque salió don Jacinto
931 835 1429 866 y con dos recias puñaladas
934 874 1436 912 abrió al alma dos postigos,
929 919 1393 952 y revolcado en su sangre
928 963 1344 995 se quedo cadáver frio.
935 1007 1435 1040 Acuden los dos consuegros
927 1050 1318 1084 al alboroto y ruido,
934 1093 1356 1127 al soplo de dos pistolas
927 1137 1416 1172 las dos vidas han perdido:
927 1182 1353 1214 y saliendose del cuarto
927 1226 1410 1258 encontró Leonor á un tio
923 1269 1368 1302 diciendo viles traidores
923 1314 1365 1345 pagareis vuestro delito.
924 1357 1394 1390 Asió á Leonor de la ropa,
928 1399 1366 1432 y ella con baronil brio
924 1442 1376 1476 de un fuerte carabinazo
921 1487 1382 1521 el corazon le ha partido;
918 1530 1337 1565 y saliendose á la calle,
924 1572 1392 1608 allí montaron muy listos
926 1616 1302 1650 en un ligero caballo
920 1660 1330 1694 que tenian prevenido.
924 1703 1366 1739 Al estruendo y alboroto,
918 1746 1286 1780 toda la justicia vino
920 1790 1348 1824 solisitando prenderlos:
922 1835 1410 1869 mas don Jacinto atrevido,
922 1877 1410 1913 con dos fuertes trabucazos
919 1921 1375 1956 derribo cuatro ministros
924 1965 1418 2002 con que franqueó la calle,
913 2007 1344 2045 y saliendose al camino,
911 2051 1396 2090 dejan de correr y vuelan,
915 2095 1344 2131 huyendo de su peligro.
920 2138 1342 2175 Y en la segunda parte,
904 2183 1378 2220 segun consta por escrito,
911 2226 1397 2262 diré como se embarcaron
912 2272 1356 2306 y como fueron cautivos,
908 2316 1384 2350 y la muerte que tuvieron
912 2358 1416 2394 doña Leonor y don Jacinto.
