1737 2508
907 148 975 302 7
278 275 698 308 Dejemos en la prision
280 320 694 352 entre cadenas y grillos
275 364 722 395 á don Jacinto y pasemos
277 407 766 439 á la dama que es preciso
279 451 705 483 por que en este mismo tiempo
279 495 712 526 está el moro encendido
279 538 696 570 en amores de Leonor,
280 579 735 614 y que estaba tan perdido
279 625 755 658 trazando por mil maneras
280 669 746 701 el rendirla á su apetito.
276 713 778 747 Persuadióla muchas veces,
273 756 760 788 mostrandose amante fino;
277 799 696 833 pero la discreta dama
283 844 780 875 nunca dió á su amor oido:
275 887 740 922 un dia la cogió á solas,
284 931 754 965 que la desgracia lo quiso,
284 975 734 1009 encerróla en un retrete,
281 1014 720 1052 y estas palabras la dijo;
282 1061 678 1096 hermosisima Leonor,
285 1106 730 1140 rémora de mis sentidos,
282 1149 744 1186 ¿asi desprecias á un rey,
279 1193 691 1226 señor de tal poderio?
285 1236 774 1271 Reniega de Dios, reniega,
287 1279 795 1314 que haciendo lo que te digo
293 1324 758 1358 tendras reinos y vasallos,
293 1366 736 1401 joyas, diamantes, záfiros
286 1410 774 1446 pues siendo tu amante un rey,
292 1453 754 1488 todo está á tus servicios:
283 1498 783 1533 y pues te tengo en parage
290 1542 742 1574 que por imposible miro
289 1584 726 1621 de mi te puedes librar,
285 1628 770 1665 he de hacer el gusto mio,
292 1671 840 1709 sin que tus fuerzas te valgan,
295 1716 797 1751 ní te aprovechen los gritos:
291 1759 762 1795 esto ha de ser por fuerza
290 1803 760 1839 si no quieres por cariño;
287 1845 782 1881 y advierte de que soy rey,
292 1891 742 1923 en mis gustos tan altivo
287 1934 906 1969 que á no hacer lo que te mando
285 1977 702 2010 seré tu fiero enemigo:
283 2021 730 2056 ¿que respondes, Leonor?
287 2063 724 2099 y ella suspirando dijo:
295 2108 756 2146 Eso es cansarse en vano,
291 2149 687 2186 y lo tengo á desvario,
289 2195 768 2231 el pedirme que reniegue
287 2238 800 2275 del Señor que el cielo hizo.
289 2283 846 2320 En cuanto a querer lograrme,
296 2327 787 2362 esto, señor, bien lo afirmo
296 2373 850 2408 que ha de ser muy imposible
996 276 1424 308 el alcanzarlo conmigo.
995 320 1456 352 Confieso que eres mi rey,
997 363 1404 395 y como rey señor mio,
1000 407 1454 439 la vida podrás quitarme,
1003 451 1522 483 pero no el honor que estimo.
1001 494 1487 526 Viendo el moro de Leonor
994 539 1476 571 la dureza con lo esquivo,
996 581 1422 614 fué á asirla y sugetarla,
997 625 1458 659 y ella viendo su peligro,
991 668 1455 702 sacó al moro de la cinta
1000 712 1426 747 el alfange damasquino;
1003 756 1440 789 prosigue el moro en su intento,
995 799 1503 834 y ella resuelta le ha dicho:
1003 843 1422 879 asi defiendo mi honor,
999 888 1494 925 aun de los reyes lascivos;
996 931 1394 964 y con un fiero revés
1004 975 1525 1012 le dejó un braza en un hilo.
1005 1018 1488 1057 Viendola el moro resuelta,
1003 1058 1427 1098 y viendose mal herido,
999 1105 1481 1142 comenzó á llamar á voces
1002 1148 1506 1187 á su guardia, y luego vino.
1006 1192 1474 1231 A esta homicida cristiana
1000 1239 1486 1275 prendedla, soldados mios,
1000 1281 1476 1316 y haced que rinda la vida
1001 1323 1444 1361 entre erueles martirios:
1000 1368 1514 1407 pues es su intento matarme
1012 1410 1508 1451 con el mismo alfange mio!
1007 1456 1496 1497 como en la mano le tiene,
1008 1498 1472 1537 la comprueban el delito.
1011 1541 1496 1583 Ven al rey que está mortal
1011 1585 1444 1625 y con su sangre teñido,
1001 1628 1496 1670 prendiéronla y la llevaron
1006 1672 1468 1712 a donde está don Jacinto.
1002 1714 1469 1756 De que se vieron los dos
1010 1760 1526 1803 ambos llorando hilo á hilo,
1001 1803 1444 1843 Jacinto llora á Leonor,
1009 1847 1468 1890 y Leonor llora á Jacinto,
1009 1891 1496 1933 diciendo: esposo del alma,
1007 1933 1497 1978 ya se cumple el gusto mio,
1007 1978 1572 2021 ya estoy condenada á muerte,
1009 2021 1494 2063 pues voy á morir contigo,
1005 2064 1523 2108 y esto por guardar mi honor
1014 2113 1532 2154 del rey, que lograrme quiso,
1005 2154 1411 2194 y por que no renegué
1007 2204 1431 2238 de la ley de Jesucristo,
1008 2246 1436 2280 Esta es la postrera ves
1013 2291 1629 2332 que hemos de hablar dueño mio,
1009 2337 1480 2373 ya no nos veremos mas,
1008 2381 1532 2417 pues nos espera el suplicio,
