1752 2480
91 165 472 203 con tu loco desvaro,
98 213 511 251 que tu cofazon es mio,
95 261 525 300 no te baloiera á querer.
194 332 484 373 9
143 397 623 437 Atre, fuego, mar y tierra;
93 444 565 485 habtad, si teneis sentidos:
94 492 666 534 decid: ¿donde está mi amante?
97 542 615 583 ¿dónde lo hallaré escondido?
133 591 668 631 Dentro de mi pecho encierra
93 643 498 679 el dolor, mas lo perdí,
88 691 546 727 amor firme me da guerra
98 736 566 775 ya se han vuelto contra mí
93 783 559 823 aire, fuego, mar, y tierra.
129 833 655 871 ¿Ya mis gustos son perdidos,
94 882 546 919 vivo con ansias mortales,
92 931 510 968 paré terribles gemidos;
88 980 520 1015 aves, peces y animales,
95 1028 565 1063 hablad, si teneis sentidos:
148 1075 618 1114 Yo no sosiego un instante,
85 1124 596 1162 se me arrancan las entrañas
98 1172 564 1209 del dolor mas penetrante,
94 1221 549 1258 riscos, valles y montañas
89 1269 628 1305 decid, dónde está mi amante?
136 1318 662 1354 Pues yo ya lo habré perdido,
97 1366 664 1402 que este es mi mayor tormento,
91 1414 548 1451 siendo mi dueño querido,
88 1464 576 1501 mundo, cielo y elementos,
815 159 1330 197 dónde lo hallarè escondido?,
1108 227 1172 261 10.
863 291 1308 327 Serás dueña de mi vida
808 340 1212 377 si sabes corresponder,
819 388 1240 424 pero temo tu mudanza,
820 437 1258 471 porque al fin eres mujer.
863 484 1295 521 Puedes estar persuadida
811 532 1296 570 de que soy tu fino amante;
820 582 1238 618 tú dices ser mi querida,
809 629 1291 665 mientras me seas constante
816 675 1236 713 serús dueño de mí vida.
865 725 1231 763 Quisiera darte á leer
820 775 1186 811 escritos del corazon,
811 819 1325 858 bien sé yo que habias de ver
812 871 1212 905 lo firme de mi aficion
847 917 1216 956 sabes corresponder.
867 967 1327 1006 Que tenga en ti confianza
813 1015 1210 1052 me aconseja tu favor,
819 1065 1254 1099 yo tengo plena probanza
824 1112 1238 1148 de lo firme de tu amor,
817 1159 1236 1196 pero temo tu mudanza.
863 1208 1379 1245 Por mas que llegue á querer
811 1257 1250 1293 en tí no me he de cegar
818 1305 1296 1345 por si me has de aborrecer,
820 1354 1264 1393 que es muy fácil olvidar,
818 1403 1260 1442 porque al fin eres mujer.
688 1801 836 1956 FIN.
581 2253 939 2289 CARMONA:—1858.
198 2299 1313 2335 Imp. de D. José M. Moreno, calle Juan de la Cabra, n.°, 4.
