1765 2512
275 91 674 132 en estando yo gustoso
272 139 760 182 todo el mundo está pagado.
320 190 680 232 Mi fina fé te asegura
268 234 686 279 de nunca mas olvidarfe,
258 283 680 326 pero por mi desventura
256 331 782 374 si alguna vez llego á hablarte,
258 379 792 423 todo el mundo nos murmura.
304 427 770 470 De que yo te he idolatrado
248 475 716 516 se vé por cosa muy clara.
256 521 764 565 vida y alma te he entregado,
251 568 688 614 y hay sugeto que repara
248 619 704 662 que te sientas á mi lado.
286 666 723 709 Yo te quiero sin rebozo,
238 718 622 756 y sin recelo de nada,
240 764 760 805 ponme el semblante amoroso,
252 809 648 854 jamás estés disgustada
243 857 640 902 en estando yo gustoso.
282 905 810 954 Ya sabes que te he estimado,
236 952 634 998 á ti y á nadie mas no:
233 1003 642 1048 de nada te dé cuidado,
232 1052 738 1093 porque en queriendo los dos
235 1099 742 1143 todo el mundo está pagado.
527 1175 577 1211 3.
279 1235 732 1280 Todo el resto de mi vida
232 1283 636 1324 yo te tengo de querer:
234 1332 600 1372 dificulto el olvidarte
230 1380 639 1423 porque no sé aborrecer
276 1428 818 1468 Ha sido mortal herida
221 1471 812 1517 que has dado á mi corazon
232 1524 792 1594 en dudar que eres querida;
226 1572 586 1614 será firme mi pasion
231 1621 665 1666 todo el resto de mi vida.
267 1656 822 1712 Firme mi amor ha de ser
224 1719 646 1762 á costa de mis desvelos:
220 1766 766 1814 mudanza en mi no ha de haber,
224 1814 724 1860 aunque me atormenten zelos
214 1860 587 1903 yo te tengo de querer.
262 1909 712 1956 Muy fino seré en amarte,
218 1961 588 2003 y te puedo asegurar,
219 2011 645 2049 que jamás he de faltarte
215 2055 706 2104 pues llegándome á enterrar,
211 2104 588 2146 dificulto el olvidarte.
252 2153 666 2200 Será eterno mi querer,
211 2201 724 2248 sin que la muerte lo impida:
982 100 1350 146 si mudas de parecer
984 147 1416 203 sabré yo perder la vida,
981 197 1392 248 porque no sé aborrecer.
1275 277 1329 314 4.
1032 327 1508 389 Ten paciencia, dueño mio,
977 377 1448 432 que ya vendrá la ocasion,
984 427 1466 479 que en tus amorosos brazos
974 475 1356 521 descanse mi corazon.
1022 525 1506 577 Lograr vuestro bien confio,
970 572 1456 621 porque no ha de ser eterno
966 620 1430 672 hado que nos trata impío,
967 668 1374 716 él perderá su gobierno;
971 716 1435 766 ten paciencia, dueño, mio.
1012 764 1434 815 Un volcan es tu pasion,
936 814 1384 858 y es un vesubio la mia:
960 860 1314 904 ten ánimo, corazon,
958 908 1428 957 no desmayes, prenda mia,
962 962 1432 1004 que ya vendrá la ocasion.
1008 1007 1459 1053 Ya despues de mis acasos
949 1053 1403 1101 no espero mayor ventura
953 1102 1444 1152 que es disfrutar tus regazos,
955 1150 1351 1197 enlazando mi ventura
956 1199 1374 1242 en tus amorosos brazos.
1000 1247 1420 1294 Despues de la salvacion
942 1299 1372 1341 no espero mayor laurel,
954 1344 1408 1391 mas gloria ni mas blason,
929 1391 1366 1435 que sobre tu pecho fiel
949 1444 1507 1482 descanse mi corazon.
1231 1519 1275 1553 5.
992 1581 1536 1626 Dime, dama, si me quieres,
948 1632 1433 1673 por Dios descubre tu pecho,
946 1681 1442 1719 que no quiero en este mundo
943 1722 1509 1767 gastar tiempo sin procecho
995 1775 1418 1817 Me adulan los pareceres
939 1823 1386 1866 de tu pecho de diamante,
938 1877 1410 1911 de gusto, gozo y placeres,
946 1922 1284 1957 para pasar adelante
932 1961 1566 2004 dime, dama, si me quieres
985 2007 1572 2054 Ya sabes que yo sospecho
936 2068 1382 2104 de verte con otro hablar,
929 2108 1522 2150 y si en lance tan estrecho
936 2164 1350 2203 gustas de verme penar,
935 2212 1444 2252 por Dios descubre tu pecho.
