1737 2508
436 128 910 178 Es mí querer tan profundo
390 176 817 221 que si me olvidas sabré
394 226 921 277 clamar á Dios, en quien fundo
383 274 879 314 mi dicha, con que haré ver
388 321 915 373 que no quiero en este mundo,
427 370 908 423 Si otro quiere tu derecho,
380 417 880 468 aunque seas la mas querida,
390 464 898 519 dimelo pues, pecho á pecho,
389 513 864 564 que no quiero en esta vida
379 564 891 612 gastar tiempo sin provecho,
681 633 721 673 6.
437 697 977 748 Ya me has vuelto las espaldas
375 742 840 792 porque tienes nuevo amor
379 795 861 843 bien puedes corresponderle,
375 842 761 889 pues lo merece mejor.
425 894 991 943 Sobre alfombras de esmeraldas
381 941 783 986 un galan enternecido,
376 991 883 1037 al pié de unas verdes palmas
376 1039 838 1082 con ansias dice á Cupido:
375 1085 909 1133 ya me has vuelto las espaldas.
416 1136 818 1182 De tu desden el favor
372 1182 822 1230 me penetró toda el alma,
370 1230 742 1276 olvidando á tu rigor,
366 1279 912 1329 mi vida, se encuentra en calma,
366 1326 976 1376 porque tienes nuevo amor.
404 1374 797 1421 Me alegrára conocerle
364 1424 783 1469 para envidiarle la dicha,
355 1472 749 1519 y pues deseas tenerle,
356 1519 827 1569 mientras lloro mi desdicha
352 1566 834 1616 bien puedes corresponderle.
409 1617 933 1668 Oh qué pena!¡ ¡oh qué rigor!
351 1664 883 1716 ¡qué suerte! ¡qué desventura.
343 1711 808 1760 por mí se acabe el horror,
338 1760 772 1806 él goce de tu hermosura
331 1807 737 1855 pues lo merece mejor.
381 1947 735 1992 Señora ya te olvidé
328 1996 807 2045 á lo hecho no hay remedio,
329 2044 707 2086 arrepentido no estoy,
322 2090 799 2141 busca quien te dé consuelo.
371 2144 823 2191 Siempre constante te amé
320 2190 742 2241 con muy fina voluntad,
318 2239 628 2285 y fino te idolatré;
1127 138 1542 185 pero al ver tu falsedad,
1119 187 1470 228 señora ya te olvidé.
1172 237 1672 282 Llegaste á mostrarme tédio,
1127 285 1482 323 procuré desenojarte,
1124 332 1651 375 mas viendo no hallaba medio,
1115 380 1540 424 ya me resolví á dejarte,
1121 428 1610 470 á lo hecho no hay remedio.
1161 474 1571 519 Por bien empleado doy
1120 524 1580 568 de tu vista el ausentarme,
1118 574 1575 617 y aunque sepa desde hoy
1115 623 1670 666 que el no verte ha de matarme,
1116 671 1565 726 arrepentído no estoy
1168 722 1572 762 Ya falleció mi desvelo,
1111 769 1497 807 ya mi cuidado murió,
1113 815 1580 858 ya no quiero mas tu cielo,
1105 861 1524 902 y pues que te olvidé yo
1103 909 1582 951 busca quien te dé consuelo.
1402 984 1456 1020 8.
1147 1051 1592 1091 Si fueras la reina Ester
1097 1097 1581 1142 y á su hermosura llegáras,
1093 1143 1460 1188 por tu fálso proceder,
1099 1193 1508 1237 si de rey me coronáras
1089 1243 1513 1286 no te volviera á querer,
1144 1297 1645 1346 Muy tarde fuí en conocer
1092 1342 1691 1414 tu traicion por mi desgracia;..
1087 1392 1679 1459 todo lo he llegado á yer,. .....
1095 1438 1687 1510 no volverás á mi gracia:...
1090 1482 1525 1529 si fueras la reina Ester.
1143 1534 1627 1580 Y si el mundo eternizáras
1081 1579 1544 1628 é hicieras favores plenos,
1083 1628 1519 1673 á mi no me conquistáras
1087 1678 1521 1724 si fueras la diosa Venus,
1073 1724 1563 1773 y á su hermosura llegáras.
1127 1774 1502 1818 Si me pudiera volver
1075 1821 1437 1863 basilisco ponzoñoso,
1069 1869 1456 1911 leon sangriento, cruel
1072 1917 1545 1961 te diera la muerte ansioso
1061 1963 1466 2008 por tu falso proceder.
1115 2015 1495 2056 Si de plata fabricáras
1061 2061 1525 2107 un palacio y nuevo reino,
1063 2110 1483 2155 y dentro me colocáras,
1060 2160 1471 2201 lo tuviera por infierno
1064 2208 1483 2249 side rey me coronáras.
1107 2257 1669 2306 Aunque me intentas vencer 4.
