1752 2480
1198 101 1480 255 (Número 331.)
366 1393 1517 1429 TROBOS DISCRETOS Y DIVERTIDOS,
244 1478 1622 1517 PARA ENTRETENER A LOS CURIOSOS Y CANTAR LOS GALANES
292 1524 1586 1560 á sus queridas damas, y especialmente los que se sienten agraviados por
730 1567 1140 1601 no ser correspondidos.
343 1681 759 1714 TROBO PRIMERO.
287 1750 737 1781 El que corteja y no sabe
251 1798 728 1833 la cuerda que ha de tirar,
248 1846 717 1880 por buen sacristan que sea
247 1895 634 1931 no llegará á repicar.
291 1945 803 1978 Nadie en el mundo se alabe
239 1993 635 2026 ni quiera ser disoluto,
249 2041 802 2076 porque es muy cierto y se sabe
245 2090 655 2123 que nunca cogerá fruto
248 2138 819 2195 el que corteja y no sabe.
256 2186 833 2243 VEl que quiera cortejar
249 2233 843 2294 en este mundo tirano,
238 2283 678 2318 no se detenga en gastar,
248 2336 701 2370 ya se le vendrá á la mano
969 1655 1449 1691 la cuerda que ha de tirar.
1017 1704 1465 1741 El que corteja á una fea
971 1752 1383 1788 bien se puede preparar,
976 1800 1478 1838 que ellas tienen mucha idea,
968 1848 1428 1885 al fin le vendrá á engañar
969 1897 1473 1932 por buen sacristan que sea.
1015 1945 1470 1983 El que pretende alcanzar
972 1992 1377 2029 debe ser su pretension
968 2041 1498 2078 bolsa abierta antes de hablar;
964 2089 1512 2126 mas como no haga esta accion
964 2138 1366 2173 no llegará á repicar.
1258 2206 1310 2244 2.
1010 2273 1545 2312 Todo el mundo nos murmura
1050 2325 1420 2365 te sientas á mi lado,
