1737 2508
1346 217 1616 254 (Número 16.)
610 1086 1412 1125 RELACION
416 1242 1630 1279 DEL JITANO DE CARTAGENA.
643 1371 1408 1408 Muy buenas noches tengan, mis señores,
612 1419 1364 1453 aquí si que hay muchachas como flores,
613 1461 1224 1497 y mancebos gallardos y famosos,
616 1506 1192 1540 discretos, entendidos y briosos;
603 1548 1362 1586 y pues que aquí he llegado con victoria,
610 1594 1334 1628 les tengo de dar cuenta de mi historia,
612 1636 1342 1674 que metido entre tanta gente honrada,
608 1680 1280 1715 nunca podrá el Gitano perder nada.
657 1724 1292 1760 En un barranco junto á Cartagena
608 1768 1288 1805 nací, un dia despues en hora-buena,
609 1812 1272 1849 en mártes fué por fin el dia aciago,
607 1855 1364 1894 junto á un Calar que llaman el del Pago.
612 1900 1234 1936 Fué mi padre Simon el Sevillano,
610 1945 1232 1979 conocido en España por su mano,
610 1987 1222 2023 porque otra ligereza para hurtar
605 2030 1322 2071 en todo el mundo se ha podido hallar.
608 2074 1231 2112 Fué mi madre Violante la famosa
618 2118 1256 2158 que tenia un color como una rosa;
610 2163 1144 2196 y sabía trescientas oraciones
612 2207 1277 2245 conque nos libertó de mil prisiones.
610 2250 1214 2286 Haciendo cierto dia una cazuela
610 2295 1280 2333 con un cuarto trasero de mi abuela,
616 2339 1279 2374 estandome mi madre dando el pecho
605 2383 1341 2422 llegaron seis ministros y en lo estrecho
608 2426 1274 2466 del barranco, nos prenden á porfia,
