1765 2512
489 240 1017 275 solamente por una niñería;
498 284 1179 320 que haber hurtado cuatro pollinejos
500 328 1192 363 diez mil ducados, siete mulos viejos,
495 372 1223 407 y á los mismos á quien se hizo el robo,
499 416 1147 450 matarlos para hecharlos en adobo;
503 461 1323 494 que heran dos hombres mozos, y un anciano,
501 503 1109 539 y con ellos un fraile franciscano;
504 547 1130 582 de los cuales hicimos mil fritadas,
502 590 1108 626 longanizas, morcillas rellenadas;
491 636 1084 670 y los despojos fueron repartidos
496 679 1130 711 entre todos los gitanos conocidos,
504 723 1170 757 y el viejo anciano todo asado y frito
496 766 1120 799 lo repartimos como pan bendito;
493 810 1192 848 solo los mozos fué lo que guardamos,
500 853 1126 889 y poco á poco nos los jaluchamos,
496 898 1168 934 que cuando nos vinieron á prender,
503 942 1199 976 ya de aquellos nada habia que comer
495 984 1206 1020 Luego al punto con sogas bien atados,
495 1028 1230 1065 los seis ministros y otros diez soldados,
491 1073 1155 1108 á todos nos llevaron con gran pena
495 1117 1106 1152 á la carcel mayor de Cartagena,
500 1160 1036 1193 donde de cadenas y de grillos
496 1203 1154 1241 nos cargaron aquellos ministrillos,
503 1246 1085 1281 y con risa y festejo los ladrones
498 1291 1054 1325 me decian á mi estas razones;
499 1337 1173 1370 ¡Pobre Baltazarillo, y que temprano
502 1380 1125 1414 te cogió la desdicha por la mano!
494 1422 1121 1458 y mi madre metida entre cadenas,
498 1467 1190 1505 arrullándome causaba dos mil penas.
496 1509 1170 1550 Mas quiso la fortuna, que mi madre,
499 1554 1186 1593 hablando de sus cosas con mi padre,
500 1598 1150 1635 se acordó de unos polvos que tenia
495 1642 1034 1675 dijo dos oraciones que sabía,
504 1686 1184 1722 y en cosa de dos horas, poco menos,
494 1730 1210 1767 nos hallamos en Ronda todos buenos.
495 1773 1110 1808 Contentos y gustosos discurrimos
498 1819 1134 1854 ir á Villa-Martin y allá nos fuimos;
499 1863 1168 1896 y en la feria mi madre enamorando
504 1907 1206 1943 a diez, ó doce, que se fué encontrando,
504 1949 1106 1985 con su maña y ardid, á la ligera,
500 1995 1082 2026 sin peso les dejó la faltriquera;
496 2037 1154 2073 mientras mi padre por el otro lado
500 2081 1036 2114 diez caballos habia afianzado;
502 2125 1174 2160 mas fué cosa de ver con la presteza
498 2169 1090 2202 que vino la justicia á toda prieza
500 2215 1166 2246 á prender á mi padre y yo barrunto,
508 2257 1260 2292 que antes que ellos llegaran, con un unto
503 2303 1239 2335 que mi madre le dió, de Angelo Agudo:
506 2345 1154 2380 convertido quedo en perro lanudo,
500 2389 1140 2424 los diez caballos en esteras viejas,
495 2437 1093 2469 y mi madre en conejo sin orejas
