1737 2508
548 218 1181 257 yo me quedé por amo del cortijo;
551 261 1103 301 llegó el correjidor, y me dijo;
549 305 1181 344 ha visto usted pasar unos gitanos?
546 348 1212 389 yo dije; Dios me libre de sus manos
553 390 1332 432 que en estos llanos hay mas de doscientos
555 435 1306 476 y me han hurtado á mi cuatro jumentos.
547 480 1199 520 Dijo el corregidor pues á buscallos,
559 522 1288 564 que han de pagar doblados los caballos.
551 567 1261 608 Al punto que se fueron; nos chalamos,
555 612 1241 652 y al punto en Granada nos entramos,
554 656 1279 695 pues mi madre con un espejo que tenia,
558 700 1118 739 y ciertas oraciones que decia,
555 743 1111 783 dispuso la jornada de manera,
559 786 1249 826 que en un salto acabamos la carrera,
555 830 1241 870 mas no salió barata esta entruchada,
558 873 1341 914 porque al punto que entramos en Granada
565 917 1219 959 nos cercaron catorce, y con cuidado
559 962 1192 1001 pidiendo el testimonio del ganado;
558 1006 1206 1044 y viendo que mi padre no lo daba
551 1050 1163 1089 y que muy amarillo se quedaba,
559 1094 1261 1133 al instante entre cuatro lo agarraron,
556 1139 1189 1176 y á la cárcel de córte lo llevaron;
560 1182 1149 1220 en un potro lo ponen ó caballo,
561 1224 1275 1265 porque se tardó un poco en declarallo;
561 1268 1249 1308 y agarrando el ramar Pedro Montane,
571 1313 1257 1353 le hizo cantar; á bien decir, de plano.
565 1356 1204 1396 No se como de llanto no rebiento!
569 1399 1243 1441 duélanse ustedes de mi sentimiento;
567 1445 1113 1484 pues al tercer dia lo sacaron,
568 1489 1247 1527 porque asi que cantó lo sentenciaron
568 1530 1182 1572 á doscientos (no se como lo diga)
571 1575 1169 1615 dando en el reves de la barriga.
569 1619 1198 1660 ¡Ah buen Simon hijo de un padre honrado,
563 1662 1337 1703 hombre de bien, á lo que yo he pensado:
576 1706 1221 1746 pues en sesenta años que ha vivido
577 1750 1223 1791 cuatro jubones de estos ha vestido.
579 1795 1253 1836 Quien contará la pena, de mi mama,
573 1839 1303 1877 que en doce dias no se acostó en cama
571 1883 1223 1922 con cuidados y penas, tan de veras,
577 1926 1191 1965 por quitarle diez años de galeras;
576 1971 1242 2010 y lo ordenó, enviando en la comida
579 2015 1151 2053 una hebra de hilo bien torcida,
574 2056 1369 2097 que atada á el brazo, luego al punto mismo
575 2102 1197 2140 le causó perlesia y rehumatismo,
581 2146 1133 2184 viruelas, sabañones y diviesos,
576 2191 1251 2230 garrotillo, almorranas, sobrehuesos;
579 2234 1193 2273 de suerte que hilaba tan delgado,
578 2278 1301 2316 que á la calle lo hecharon de contado.
587 2321 1281 2360 Qué contritos que salimos de Granada,
577 2365 1248 2404 sin tener que comer, ni beber nada!
571 2413 1265 2452 En llegando á la fuente del Cristiano,
