1765 2512
552 215 1188 252 estaba ya mi padre bueno y sano,
550 262 1208 295 y enderezando la proa á Churriana,
554 303 1350 341 porque tiene mi madre allá una hermana,
554 346 1158 381 al irnos á otro dia, en el camino
554 390 1236 427 á uno de Gabia hurtamos un pollino.
554 434 1134 471 Tuvo su amo de ello la noticia,
551 483 1147 515 y siguiendo los pasos con codicia
544 524 1194 560 aunque el pobre venia sin aliento,
543 568 1256 602 nos dió de palos y llevose su jumento.
547 612 1214 647 No bastando las trazas de mi madre,
541 655 1240 692 solo de un palo que le dió á mi padre,
546 700 1118 734 la cabeza le hizo una granada;
539 745 1175 781 y yo no me quedé sin llevar nada,
554 789 1370 823 que no fue el hombre escaso en repartillos,
548 832 1278 866 pues á mí me dió tan solo tres palillos,
546 876 1262 912 que con el uno un brazo me quebraba,
550 921 1106 953 con otro la cabeza me rajaba,
543 965 1165 998 y tirándome el otro con blandura,
544 1007 1198 1042 seis huesos me sacó de coyuntura;
539 1051 1238 1087 de seis costillas me hizo una docena,
548 1095 1258 1130 y aun lo que me dió mas grande pena,
539 1140 1314 1175 fué, que pegando á mi madre con la vara,
538 1181 1150 1219 de arriba abajo le cruzó la cara;
539 1226 1073 1259 pero yo le tiré un tigeretazo,
547 1270 1212 1302 que si le alcanzo le lastimo un brazo.
551 1314 1240 1347 Vino el corregidor, y nos prendieron,
543 1357 1249 1389 y al instante á Granada nos volvieron.
540 1400 1214 1433 Descubriose el secreto de mi madre,
533 1445 1276 1478 por un soplon que se lo oyó á mi padre
544 1488 1260 1523 y sin poder remediarlo, en conclusion,
540 1532 1188 1564 tiró de ella la horrible inquisicion:
528 1575 1196 1609 por ser la vez primera la obisparon,
533 1619 1147 1652 y con mitra en el auto la sacaron
536 1664 1262 1697 luego á diez años de cárcel sentenciada
530 1707 1104 1740 ha salido la pobre desdichada,
534 1750 1270 1784 y á mi padre la harán, sino me engaño,
529 1795 1211 1831 pegar un salto en vago aqueste año;
537 1839 1335 1873 y lo que mas siento, si antes no me muero
531 1883 1162 1914 es que lo he de ver hecho dinero.
528 1925 1158 1959 Señores den por Dios su limosnita,
531 1970 1169 2003 para que le haga decir una misita;
540 2013 1178 2047 asi los libre Dios de dos mil males,
534 2056 1134 2090 de sarna y amorranas garrafales;
529 2101 1255 2136 que con esto; y un victor de sus manos
532 2144 1194 2180 quedarán muy gustosos los gitanos,
522 2188 1168 2221 pidiéndoles perdon á manos llenas
527 2233 1152 2266 Baltasar, el ladron de Cartagena.
869 2337 1002 2373 FIN.
274 2412 1587 2453 CARMONA:—Imp. de D. J. M. Moreno, calle Juan de la Cabra núm. 4.
