1765 2512
279 265 797 313 por las jembras salerosas,
286 312 792 361 cambiáme rosas por rosas
285 364 721 414 y por una te doy mil.
339 410 775 453 Vamos, yèvate esa flor
273 458 757 517 y memorias á tu amo...
432 508 672 549 son de olor!
269 553 755 604 á cuartito vale el ramo!
333 649 827 697 Benditas sean las matitas
286 698 753 755 que tales rosas criaron!
1005 245 1519 290 quiosté alelies! sacabaron,
1003 293 1481 339 yo lo siento; haiga salú.
1046 341 1515 383 De veintisinco colores!
1003 389 1497 439 que bonitas son! agüela,
995 435 1529 484 aqui hay violetas, espuela
1011 484 1553 530 de galan... de too, churrú.
1050 531 1547 579 Que es tarde y jase calor
1001 580 1561 634 y naide acude ar reclamo...
1145 632 1397 671 son de olor!
995 679 1503 724 á cuartito vale el ramo!
452 834 1518 1020 EL PRESIDARIO.
639 1016 1371 1193 CANCION.
346 1228 795 1270 Con caenas y grilletes
301 1280 753 1321 vamos pasando la via,
308 1326 759 1371 nunca me farta alegria
309 1374 857 1418 siempre me sobra un chulé.
357 1421 887 1463 Naide me isputa er barato,
307 1469 854 1516 á tos los jumos le humiyo,
323 1520 841 1568 que soy er rey en presiyo,
319 1568 799 1615 por mi fuersa y mi poé.
372 1610 963 1659 Soy un moso... no me alabo...
472 1665 719 1703 Je! mi cabo!
323 1714 779 1757 alla voy, aguarde usté.
369 1756 959 1804 Siempre una mosa me quiere,
329 1809 757 1858 y naide me la camela,
325 1854 879 1906 que er cuerpo de la Currela
328 1904 863 1951 es de mangue... chachipé.
383 1952 919 1998 Aunque me den la lisencia,
331 2003 818 2051 y me abran los serrojos,
333 2047 914 2097 uo soy libre, que en sus ojos
335 2100 751 2145 tengo yó el estarivé.
379 2145 985 2192 Tiene una sall.., no la alabo...
484 2198 738 2237 Jé! mi cabo!
335 2247 793 2296 allá voy; aguarde usté.
1066 1203 1587 1252 Aquí estogpor injustisias
1024 1252 1571 1300 de arguasiles y escribanos;
1025 1300 1575 1350 por siertos juegos é manos
1029 1351 1451 1401 que no los jase Raté.
1081 1395 1619 1444 Pero, amigo fuí muy tonto
1035 1442 1613 1494 mo entendi bien los registros
1032 1489 1644 1543 en nasion donde hay ministros
1038 1541 1551 1591 mas choris no debe habé.
1090 1590 1635 1639 Mas todo es moco de pabo,
1181 1640 1438 1682 Jé! mi cabo!
1035 1687 1545 1735 aqui estoy; aguarde usté.
1102 1736 1543 1783 Si yego á tomá soleta,
1046 1785 1535 1831 hé de robá por millones,
1049 1834 1553 1880 y asi me ajorro prisiones,
1054 1868 1656 1929 y hombre é provecho seré.
1102 1925 1691 1980 Que er que tiene güenas uñas
1054 1979 1555 2025 en estos tiempos escapa,
1053 2025 1605 2080 y puée yegá jasta á... Papa
1057 2080 1433 2122 como aviyele lové.
1105 2121 1696 2169 Manque no valga un ochavo...
1210 2174 1457 2215 Jé! mi cabo!
1045 2219 1525 2272 alla voy; aguarde usté.
