<?xml version="1.0" encoding="UTF-8" standalone="yes"?>
<PcGts xmlns="http://schema.primaresearch.org/PAGE/gts/pagecontent/2013-07-15" xmlns:xsi="http://www.w3.org/2001/XMLSchema-instance" xsi:schemaLocation="http://schema.primaresearch.org/PAGE/gts/pagecontent/2013-07-15 http://schema.primaresearch.org/PAGE/gts/pagecontent/2013-07-15/pagecontent.xsd">
    <Metadata>
        <Creator>prov=University of Rostock/Institute of Mathematics/CITlab|PLANET AI GmbH/Gundram Leifert/gundram.leifert@planet-ai.de:name=Pliegos de Cordel (XIXe) - v4(htr_id=27283)::::v=2.6.7
prov=University of Rostock/Institute of Mathematics/CITlab|PLANET AI GmbH/Tobias Gruening/tobias.gruening@planet-ai.de:name=de.uros.citlab.module.baseline2polygon.B2PSeamMultiOriented:v=2.6.7
prov=University of Rostock/Institute of Mathematics/CITlab|PLANET AI GmbH/Tobias Gruening/tobias.gruening@planet-ai.de:name=/net_tf/LA73_249_0mod360.pb:de.uros.citlab.segmentation.CITlab_LA_ML:v=2.6.7
Transkribus</Creator>
        <Created>2020-11-09T10:43:22.12+01:00</Created>
        <LastChange>2020-11-10T14:36:21.449+01:00</LastChange>
        <Comments>
                Measurement unit: pixel
                PrimaryLanguage: 
                Producer: Transkribus
            </Comments>
        <TranskribusMetadata docId="525371" pageId="22317938" pageNr="68" tsid="48491836" status="DONE" userId="66244" imgUrl="https://files.transkribus.eu/Get?id=JILZKTPJVHCOTTZVQYEROSPG&amp;fileType=view" xmlUrl="https://files.transkribus.eu/Get?id=WIGAJTJNBOENRTCXKRXTVACZ" imageId="17387461"/>
    </Metadata>
    <Page imageFilename="Moreno_101_4.jpg" imageWidth="1684" imageHeight="2408">
        <PrintSpace>
            <Coords points="95,1 1479,1 1479,2380 95,2380"/>
        </PrintSpace>
        <ReadingOrder>
            <OrderedGroup id="ro_1606755296225" caption="Regions reading order">
                <RegionRefIndexed index="0" regionRef="r_1_1"/>
                <RegionRefIndexed index="1" regionRef="r_2_1"/>
                <RegionRefIndexed index="2" regionRef="r_3_1"/>
                <RegionRefIndexed index="3" regionRef="r_4_1"/>
                <RegionRefIndexed index="4" regionRef="r_5_1"/>
                <RegionRefIndexed index="5" regionRef="r_6_1"/>
            </OrderedGroup>
        </ReadingOrder>
        <TextRegion orientation="0.0" type="paragraph" id="r_1_1" custom="readingOrder {index:0;}">
            <Coords points="115,252 718,252 718,1061 115,1061"/>
            <TextLine id="r_1_1l1" custom="readingOrder {index:0;}">
                <Coords points="136,293 161,293 187,294 213,294 239,294 265,294 291,295 317,295 343,295 369,296 394,296 420,296 446,297 472,297 498,298 524,298 550,299 576,300 602,300 602,269 576,269 550,268 524,267 498,267 472,266 446,266 420,265 394,265 369,265 343,264 317,264 291,264 265,263 239,263 213,263 187,263 161,262 136,262"/>
                <Baseline points="136,283 161,283 187,284 213,284 239,284 265,284 291,285 317,285 343,285 369,286 394,286 420,286 446,287 472,287 498,288 524,288 550,289 576,290 602,290"/>
                <TextEquiv>
                    <Unicode>Cristo dijo así al mortal,</Unicode>
                </TextEquiv>
            </TextLine>
            <TextLine id="r_1_1l2" custom="readingOrder {index:1;}">
                <Coords points="132,339 157,340 182,340 207,341 232,341 257,341 282,341 307,341 332,341 358,341 383,340 408,340 433,340 458,341 483,341 508,342 533,343 559,344 559,313 533,312 508,311 483,310 458,310 433,309 408,309 383,309 358,310 332,310 307,310 282,310 257,310 232,310 207,310 182,309 157,309 132,308"/>
                <Baseline points="132,329 157,330 182,330 207,331 232,331 257,331 282,331 307,331 332,331 358,331 383,330 408,330 433,330 458,331 483,331 508,332 533,333 559,334"/>
                <TextEquiv>
                    <Unicode>tú que pasas, miramé.</Unicode>
                </TextEquiv>
            </TextLine>
            <TextLine id="r_1_1l3" custom="readingOrder {index:2;}">
                <Coords points="165,432 191,432 218,432 245,432 272,432 299,432 325,432 352,431 379,431 406,431 433,431 459,432 486,432 513,432 540,432 567,433 593,434 620,434 647,435 674,436 701,438 701,407 674,405 647,404 620,403 593,403 567,402 540,401 513,401 486,401 459,401 433,400 406,400 379,400 352,400 325,401 299,401 272,401 245,401 218,401 191,401 165,401"/>
                <Baseline points="165,422 191,422 218,422 245,422 272,422 299,422 325,422 352,421 379,421 406,421 433,421 459,422 486,422 513,422 540,422 567,423 593,424 620,424 647,425 674,426 701,428"/>
                <TextEquiv>
                    <Unicode>La noche del prendimiento,</Unicode>
                </TextEquiv>
            </TextLine>
            <TextLine id="r_1_1l4" custom="readingOrder {index:3;}">
                <Coords points="116,477 142,476 168,476 195,476 221,476 247,475 274,475 300,475 326,475 353,475 379,476 405,476 432,476 458,476 484,476 511,477 537,477 563,478 590,478 590,448 563,448 537,447 511,447 484,446 458,446 432,446 405,446 379,446 353,445 326,445 300,445 274,445 247,445 221,446 195,446 168,446 142,446 116,447"/>
                <Baseline points="116,467 142,466 168,466 195,466 221,466 247,465 274,465 300,465 326,465 353,465 379,466 405,466 432,466 458,466 484,466 511,467 537,467 563,468 590,468"/>
                <TextEquiv>
                    <Unicode>los berdugos inhumanos</Unicode>
                </TextEquiv>
            </TextLine>
            <TextLine id="r_1_1l5" custom="readingOrder {index:4;}">
                <Coords points="127,520 152,519 178,518 203,518 229,517 254,517 280,517 305,518 331,518 356,518 382,519 407,519 433,520 458,520 484,521 509,521 535,522 560,522 586,522 612,522 612,492 586,492 560,492 535,492 509,491 484,491 458,490 433,490 407,489 382,489 356,488 331,488 305,488 280,487 254,487 229,487 203,488 178,488 152,489 127,490"/>
                <Baseline points="127,510 152,509 178,508 203,508 229,507 254,507 280,507 305,508 331,508 356,508 382,509 407,509 433,510 458,510 484,511 509,511 535,512 560,512 586,512 612,512"/>
                <TextEquiv>
                    <Unicode>se arrojaron como alanos</Unicode>
                </TextEquiv>
            </TextLine>
            <TextLine id="r_1_1l6" custom="readingOrder {index:5;}">
                <Coords points="120,564 146,563 172,563 198,563 224,563 250,562 276,562 302,562 328,562 354,562 380,563 406,563 432,563 458,563 484,564 510,564 536,565 562,566 588,566 588,535 562,535 536,534 510,533 484,533 458,532 432,532 406,532 380,532 354,531 328,531 302,531 276,531 250,531 224,532 198,532 172,532 146,532 120,533"/>
                <Baseline points="120,554 146,553 172,553 198,553 224,553 250,552 276,552 302,552 328,552 354,552 380,553 406,553 432,553 458,553 484,554 510,554 536,555 562,556 588,556"/>
                <TextEquiv>
                    <Unicode>á mi Sacrosanto cuerpo,</Unicode>
                </TextEquiv>
            </TextLine>
            <TextLine id="r_1_1l7" custom="readingOrder {index:6;}">
                <Coords points="120,609 149,608 179,608 208,607 238,607 268,606 297,606 327,606 356,606 386,606 416,607 445,607 475,608 504,608 534,609 564,609 593,610 623,611 652,611 682,612 712,612 712,581 682,581 652,580 623,580 593,579 564,578 534,578 504,577 475,577 445,576 416,576 386,575 356,575 327,575 297,575 268,575 238,576 208,576 179,577 149,577 120,578"/>
                <Baseline points="120,599 149,598 179,598 208,597 238,597 268,596 297,596 327,596 356,596 386,596 416,597 445,597 475,598 504,598 534,599 564,599 593,600 623,601 652,601 682,602 712,602"/>
                <TextEquiv>
                    <Unicode>quedó herido y tan sangriento,</Unicode>
                </TextEquiv>
            </TextLine>
            <TextLine id="r_1_1l8" custom="readingOrder {index:7;}">
                <Coords points="123,652 148,652 174,652 200,651 226,651 251,651 277,651 303,651 329,651 355,651 380,651 406,651 432,651 458,651 484,652 509,652 535,653 561,653 587,654 613,655 613,624 587,623 561,622 535,622 509,621 484,621 458,620 432,620 406,620 380,620 355,620 329,620 303,620 277,620 251,620 226,620 200,620 174,621 148,621 123,621"/>
                <Baseline points="123,642 148,642 174,642 200,641 226,641 251,641 277,641 303,641 329,641 355,641 380,641 406,641 432,641 458,641 484,642 509,642 535,643 561,643 587,644 613,645"/>
                <TextEquiv>
                    <Unicode>que mis carnes delicadas</Unicode>
                </TextEquiv>
            </TextLine>
            <TextLine id="r_1_1l9" custom="readingOrder {index:8;}">
                <Coords points="116,695 142,695 168,695 195,694 221,694 247,694 274,694 300,694 326,694 353,694 379,694 405,695 432,695 458,696 484,696 511,697 537,697 564,698 564,667 537,666 511,666 484,665 458,665 432,664 405,664 379,663 353,663 326,663 300,663 274,663 247,663 221,663 195,663 168,664 142,664 116,664"/>
                <Baseline points="116,685 142,685 168,685 195,684 221,684 247,684 274,684 300,684 326,684 353,684 379,684 405,685 432,685 458,686 484,686 511,687 537,687 564,688"/>
                <TextEquiv>
                    <Unicode>allí fneron destrozadas</Unicode>
                </TextEquiv>
            </TextLine>
            <TextLine id="r_1_1l10" custom="readingOrder {index:9;}">
                <Coords points="115,743 140,742 166,741 192,740 218,740 244,739 270,739 296,739 322,739 348,739 373,739 399,739 425,739 451,739 477,740 503,740 529,740 555,740 581,740 581,710 555,710 529,710 503,710 477,710 451,709 425,709 399,709 373,709 348,709 322,709 296,709 270,709 244,709 218,710 192,710 166,711 140,712 115,713"/>
                <Baseline points="115,733 140,732 166,731 192,730 218,730 244,729 270,729 296,729 322,729 348,729 373,729 399,729 425,729 451,729 477,730 503,730 529,730 555,730 581,730"/>
                <TextEquiv>
                    <Unicode>por los ingratos crueles</Unicode>
                </TextEquiv>
            </TextLine>
            <TextLine id="r_1_1l11" custom="readingOrder {index:10;}">
                <Coords points="124,782 149,782 175,782 200,782 226,782 252,782 277,782 303,782 328,783 354,783 380,783 405,783 431,783 456,784 482,784 508,785 533,785 559,786 584,787 610,788 636,788 636,758 610,758 584,757 559,756 533,755 508,755 482,754 456,754 431,753 405,753 380,753 354,753 328,753 303,752 277,752 252,752 226,752 200,752 175,752 149,752 124,752"/>
                <Baseline points="124,772 149,772 175,772 200,772 226,772 252,772 277,772 303,772 328,773 354,773 380,773 405,773 431,773 456,774 482,774 508,775 533,775 559,776 584,777 610,778 636,778"/>
                <TextEquiv>
                    <Unicode>y si tú amor me tu vieres,</Unicode>
                </TextEquiv>
            </TextLine>
            <TextLine id="r_1_1l12" custom="readingOrder {index:11;}">
                <Coords points="122,827 150,827 178,828 207,828 235,828 264,828 292,828 320,828 349,828 377,828 406,828 434,828 462,828 491,828 519,828 548,828 576,829 604,829 633,830 661,830 690,831 690,801 661,800 633,800 604,799 576,799 548,798 519,798 491,798 462,798 434,798 406,798 377,798 349,798 320,798 292,798 264,798 235,798 207,798 178,798 150,797 122,797"/>
                <Baseline points="122,817 150,817 178,818 207,818 235,818 264,818 292,818 320,818 349,818 377,818 406,818 434,818 462,818 491,818 519,818 548,818 576,819 604,819 633,820 661,820 690,821"/>
                <TextEquiv>
                    <Unicode>detente un poco en mis llagas.</Unicode>
                </TextEquiv>
            </TextLine>
            <TextLine id="r_1_1l13" custom="readingOrder {index:12;}">
                <Coords points="160,923 185,923 211,923 237,924 262,924 288,923 314,923 339,923 365,923 391,923 416,923 442,923 468,923 493,923 519,923 545,924 570,925 596,926 622,927 648,928 648,897 622,896 596,895 570,894 545,893 519,892 493,892 468,892 442,892 416,892 391,892 365,892 339,892 314,892 288,892 262,893 237,893 211,892 185,892 160,892"/>
                <Baseline points="160,913 185,913 211,913 237,914 262,914 288,913 314,913 339,913 365,913 391,913 416,913 442,913 468,913 493,913 519,913 545,914 570,915 596,916 622,917 648,918"/>
                <TextEquiv>
                    <Unicode>En la calle de Amargura,</Unicode>
                </TextEquiv>
            </TextLine>
            <TextLine id="r_1_1l14" custom="readingOrder {index:13;}">
                <Coords points="117,968 142,968 168,967 194,967 220,967 246,967 272,966 298,966 324,966 350,966 375,966 401,966 427,966 453,966 479,967 505,967 531,967 557,968 583,969 609,970 609,939 583,938 557,937 531,936 505,936 479,936 453,935 427,935 401,935 375,935 350,935 324,935 298,935 272,935 246,936 220,936 194,936 168,936 142,937 117,937"/>
                <Baseline points="117,958 142,958 168,957 194,957 220,957 246,957 272,956 298,956 324,956 350,956 375,956 401,956 427,956 453,956 479,957 505,957 531,957 557,958 583,959 609,960"/>
                <TextEquiv>
                    <Unicode>la que es Madre de la luz,</Unicode>
                </TextEquiv>
            </TextLine>
            <TextLine id="r_1_1l15" custom="readingOrder {index:14;}">
                <Coords points="115,1010 140,1010 165,1010 191,1010 216,1010 241,1010 267,1009 292,1009 317,1009 343,1009 368,1009 394,1009 419,1009 444,1009 470,1010 495,1010 520,1010 546,1010 571,1010 597,1010 597,979 571,979 546,979 520,979 495,979 470,979 444,978 419,978 394,978 368,978 343,978 317,978 292,978 267,978 241,979 216,979 191,979 165,979 140,979 115,979"/>
                <Baseline points="115,1000 140,1000 165,1000 191,1000 216,1000 241,1000 267,999 292,999 317,999 343,999 368,999 394,999 419,999 444,999 470,1000 495,1000 520,1000 546,1000 571,1000 597,1000"/>
                <TextEquiv>
                    <Unicode>vino á encontrar á Jesús</Unicode>
                </TextEquiv>
            </TextLine>
            <TextLine id="r_1_1l16" custom="readingOrder {index:15;}">
                <Coords points="124,1055 149,1055 174,1056 200,1056 225,1056 251,1056 276,1056 301,1056 327,1056 352,1056 378,1055 403,1055 428,1055 454,1055 479,1056 505,1056 530,1056 555,1056 581,1057 606,1057 632,1058 632,1027 606,1026 581,1026 555,1025 530,1025 505,1025 479,1025 454,1024 428,1024 403,1024 378,1024 352,1025 327,1025 301,1025 276,1025 251,1025 225,1025 200,1025 174,1025 149,1024 124,1024"/>
                <Baseline points="124,1045 149,1045 174,1046 200,1046 225,1046 251,1046 276,1046 301,1046 327,1046 352,1046 378,1045 403,1045 428,1045 454,1045 479,1046 505,1046 530,1046 555,1046 581,1047 606,1047 632,1048"/>
                <TextEquiv>
                    <Unicode>con la Cruz pesada y dura,</Unicode>
                </TextEquiv>
            </TextLine>
            <TextEquiv>
                <Unicode>Cristo dijo así al mortal,
tú que pasas, miramé.
La noche del prendimiento,
los berdugos inhumanos
se arrojaron como alanos
á mi Sacrosanto cuerpo,
quedó herido y tan sangriento,
que mis carnes delicadas
allí fneron destrozadas
por los ingratos crueles
y si tú amor me tu vieres,
detente un poco en mis llagas.
En la calle de Amargura,
la que es Madre de la luz,
vino á encontrar á Jesús
con la Cruz pesada y dura,</Unicode>
            </TextEquiv>
        </TextRegion>
        <TextRegion orientation="0.0" type="paragraph" id="r_2_1" custom="readingOrder {index:1;}">
            <Coords points="853,261 1397,261 1397,1019 853,1019"/>
            <TextLine id="r_2_1l1" custom="readingOrder {index:0;}">
                <Coords points="856,301 882,301 909,301 936,301 963,301 990,301 1016,302 1043,302 1070,302 1097,303 1124,303 1150,304 1177,304 1204,305 1231,305 1258,305 1284,306 1311,306 1338,307 1365,307 1392,307 1392,277 1365,277 1338,277 1311,276 1284,276 1258,275 1231,275 1204,275 1177,274 1150,274 1124,273 1097,273 1070,272 1043,272 1016,272 990,271 963,271 936,271 909,271 882,271 856,271"/>
                <Baseline points="856,291 882,291 909,291 936,291 963,291 990,291 1016,292 1043,292 1070,292 1097,293 1124,293 1150,294 1177,294 1204,295 1231,295 1258,295 1284,296 1311,296 1338,297 1365,297 1392,297"/>
                <TextEquiv>
                    <Unicode>la Virgen con gran ternura,</Unicode>
                </TextEquiv>
            </TextLine>
            <TextLine id="r_2_1l2" custom="readingOrder {index:1;}">
                <Coords points="862,342 887,343 912,345 938,346 963,346 988,347 1014,347 1039,347 1064,347 1090,347 1115,347 1141,347 1166,347 1191,347 1217,348 1242,348 1267,349 1293,350 1318,352 1344,353 1344,323 1318,322 1293,320 1267,319 1242,318 1217,318 1191,317 1166,317 1141,317 1115,317 1090,317 1064,317 1039,317 1014,317 988,317 963,316 938,316 912,315 887,313 862,312"/>
                <Baseline points="862,332 887,333 912,335 938,336 963,336 988,337 1014,337 1039,337 1064,337 1090,337 1115,337 1141,337 1166,337 1191,337 1217,338 1242,338 1267,339 1293,340 1318,342 1344,343"/>
                <TextEquiv>
                    <Unicode>fué con su hijo abrazada,</Unicode>
                </TextEquiv>
            </TextLine>
            <TextLine id="r_2_1l3" custom="readingOrder {index:2;}">
                <Coords points="858,388 884,388 911,388 937,388 964,388 991,389 1017,389 1044,390 1070,390 1097,391 1124,391 1150,392 1177,393 1203,393 1230,394 1257,394 1283,395 1310,395 1336,395 1363,396 1390,396 1390,366 1363,366 1336,365 1310,365 1283,365 1257,364 1230,364 1203,363 1177,363 1150,362 1124,361 1097,361 1070,360 1044,360 1017,359 991,359 964,358 937,358 911,358 884,358 858,358"/>
                <Baseline points="858,378 884,378 911,378 937,378 964,378 991,379 1017,379 1044,380 1070,380 1097,381 1124,381 1150,382 1177,383 1203,383 1230,384 1257,384 1283,385 1310,385 1336,385 1363,386 1390,386"/>
                <TextEquiv>
                    <Unicode>viendo á la Madre eclipsada,</Unicode>
                </TextEquiv>
            </TextLine>
            <TextLine id="r_2_1l4" custom="readingOrder {index:3;}">
                <Coords points="860,431 886,431 912,432 939,432 965,432 992,433 1018,433 1044,433 1071,434 1097,434 1124,435 1150,435 1176,437 1203,438 1229,439 1256,441 1256,411 1229,409 1203,408 1176,407 1150,405 1124,405 1097,404 1071,404 1044,403 1018,403 992,403 965,402 939,402 912,402 886,401 860,401"/>
                <Baseline points="860,421 886,421 912,422 939,422 965,422 992,423 1018,423 1044,423 1071,424 1097,424 1124,425 1150,425 1176,427 1203,428 1229,429 1256,431"/>
                <TextEquiv>
                    <Unicode>dijo Jesus con dolor,</Unicode>
                </TextEquiv>
            </TextLine>
            <TextLine id="r_2_1l5" custom="readingOrder {index:4;}">
                <Coords points="860,475 886,476 913,477 939,477 966,477 992,478 1019,478 1045,479 1072,479 1098,479 1125,480 1151,481 1178,481 1204,482 1231,483 1257,484 1284,485 1284,455 1257,454 1231,453 1204,452 1178,451 1151,451 1125,450 1098,449 1072,449 1045,449 1019,448 992,448 966,447 939,447 913,447 886,446 860,445"/>
                <Baseline points="860,465 886,466 913,467 939,467 966,467 992,468 1019,468 1045,469 1072,469 1098,469 1125,470 1151,471 1178,471 1204,472 1231,473 1257,474 1284,475"/>
                <TextEquiv>
                    <Unicode>detente aqui pecador,</Unicode>
                </TextEquiv>
            </TextLine>
            <TextLine id="r_2_1l6" custom="readingOrder {index:5;}">
                <Coords points="859,525 885,524 911,523 937,522 963,522 989,522 1015,522 1041,522 1067,523 1093,523 1119,524 1145,524 1171,525 1197,525 1223,526 1249,526 1275,526 1301,526 1327,526 1353,526 1353,496 1327,496 1301,496 1275,496 1249,496 1223,496 1197,495 1171,495 1145,494 1119,494 1093,493 1067,493 1041,492 1015,492 989,492 963,492 937,492 911,493 885,494 859,495"/>
                <Baseline points="859,515 885,514 911,513 937,512 963,512 989,512 1015,512 1041,512 1067,513 1093,513 1119,514 1145,514 1171,515 1197,515 1223,516 1249,516 1275,516 1301,516 1327,516 1353,516"/>
                <TextEquiv>
                    <Unicode>y verás que mal me pagas.</Unicode>
                </TextEquiv>
            </TextLine>
            <TextLine id="r_2_1l7" custom="readingOrder {index:6;}">
                <Coords points="904,615 929,615 954,616 980,616 1005,616 1030,617 1056,617 1081,617 1107,617 1132,618 1157,618 1183,618 1208,618 1234,619 1259,619 1284,619 1310,619 1335,619 1361,620 1361,590 1335,589 1310,589 1284,589 1259,589 1234,589 1208,588 1183,588 1157,588 1132,588 1107,587 1081,587 1056,587 1030,587 1005,586 980,586 954,586 929,585 904,585"/>
                <Baseline points="904,605 929,605 954,606 980,606 1005,606 1030,607 1056,607 1081,607 1107,607 1132,608 1157,608 1183,608 1208,608 1234,609 1259,609 1284,609 1310,609 1335,609 1361,610"/>
                <TextEquiv>
                    <Unicode>San Juan y la Magdalena</Unicode>
                </TextEquiv>
            </TextLine>
            <TextLine id="r_2_1l8" custom="readingOrder {index:7;}">
                <Coords points="855,662 880,661 905,661 930,660 955,660 980,660 1005,660 1030,659 1055,659 1080,659 1105,660 1130,660 1155,660 1180,660 1205,661 1230,661 1255,662 1280,662 1305,663 1330,664 1330,634 1305,633 1280,632 1255,632 1230,631 1205,631 1180,630 1155,630 1130,630 1105,630 1080,629 1055,629 1030,629 1005,630 980,630 955,630 930,630 905,631 880,631 855,632"/>
                <Baseline points="855,652 880,651 905,651 930,650 955,650 980,650 1005,650 1030,649 1055,649 1080,649 1105,650 1130,650 1155,650 1180,650 1205,651 1230,651 1255,652 1280,652 1305,653 1330,654"/>
                <TextEquiv>
                    <Unicode>al monte Calvario fueron,</Unicode>
                </TextEquiv>
            </TextLine>
            <TextLine id="r_2_1l9" custom="readingOrder {index:8;}">
                <Coords points="859,708 884,707 909,705 934,705 959,704 984,704 1009,704 1035,704 1060,704 1085,704 1110,705 1135,705 1160,705 1186,705 1211,706 1236,706 1261,706 1286,706 1311,706 1337,705 1337,675 1311,676 1286,676 1261,676 1236,676 1211,676 1186,675 1160,675 1135,675 1110,675 1085,674 1060,674 1035,674 1009,674 984,674 959,674 934,675 909,675 884,677 859,678"/>
                <Baseline points="859,698 884,697 909,695 934,695 959,694 984,694 1009,694 1035,694 1060,694 1085,694 1110,695 1135,695 1160,695 1186,695 1211,696 1236,696 1261,696 1286,696 1311,696 1337,695"/>
                <TextEquiv>
                    <Unicode>y con la Vírgen subieron</Unicode>
                </TextEquiv>
            </TextLine>
            <TextLine id="r_2_1l10" custom="readingOrder {index:9;}">
                <Coords points="859,748 884,748 910,748 935,748 961,748 987,748 1012,748 1038,748 1063,748 1089,749 1115,749 1140,749 1166,749 1191,750 1217,750 1243,751 1268,751 1294,751 1320,751 1320,721 1294,721 1268,721 1243,721 1217,720 1191,720 1166,719 1140,719 1115,719 1089,719 1063,718 1038,718 1012,718 987,718 961,718 935,718 910,718 884,718 859,718"/>
                <Baseline points="859,738 884,738 910,738 935,738 961,738 987,738 1012,738 1038,738 1063,738 1089,739 1115,739 1140,739 1166,739 1191,740 1217,740 1243,741 1268,741 1294,741 1320,741"/>
                <TextEquiv>
                    <Unicode>á consolarla en su pena,</Unicode>
                </TextEquiv>
            </TextLine>
            <TextLine id="r_2_1l11" custom="readingOrder {index:10;}">
                <Coords points="860,792 886,792 912,792 938,791 964,791 990,791 1016,791 1042,792 1068,792 1094,792 1120,793 1146,793 1172,793 1198,794 1224,794 1250,794 1276,795 1302,795 1328,795 1354,795 1381,795 1381,765 1354,765 1328,765 1302,765 1276,765 1250,764 1224,764 1198,764 1172,763 1146,763 1120,763 1094,762 1068,762 1042,762 1016,761 990,761 964,761 938,761 912,762 886,762 860,762"/>
                <Baseline points="860,782 886,782 912,782 938,781 964,781 990,781 1016,781 1042,782 1068,782 1094,782 1120,783 1146,783 1172,783 1198,784 1224,784 1250,784 1276,785 1302,785 1328,785 1354,785 1381,785"/>
                <TextEquiv>
                    <Unicode>y el rey de bondad suprema</Unicode>
                </TextEquiv>
            </TextLine>
            <TextLine id="r_2_1l12" custom="readingOrder {index:11;}">
                <Coords points="862,835 888,835 915,836 942,836 968,836 995,836 1022,836 1049,836 1075,836 1102,836 1129,837 1155,837 1182,838 1209,840 1236,841 1236,811 1209,810 1182,808 1155,807 1129,807 1102,806 1075,806 1049,806 1022,806 995,806 968,806 942,806 915,806 888,805 862,805"/>
                <Baseline points="862,825 888,825 915,826 942,826 968,826 995,826 1022,826 1049,826 1075,826 1102,826 1129,827 1155,827 1182,828 1209,830 1236,831"/>
                <TextEquiv>
                    <Unicode>asi que clavado fué,</Unicode>
                </TextEquiv>
            </TextLine>
            <TextLine id="r_2_1l13" custom="readingOrder {index:12;}">
                <Coords points="856,879 882,879 908,880 934,880 960,880 987,880 1013,880 1039,880 1065,880 1092,880 1118,881 1144,881 1170,881 1197,882 1223,883 1249,884 1275,885 1302,886 1302,856 1275,855 1249,854 1223,853 1197,852 1170,851 1144,851 1118,851 1092,850 1065,850 1039,850 1013,850 987,850 960,850 934,850 908,850 882,849 856,849"/>
                <Baseline points="856,869 882,869 908,870 934,870 960,870 987,870 1013,870 1039,870 1065,870 1092,870 1118,871 1144,871 1170,871 1197,872 1223,873 1249,874 1275,875 1302,876"/>
                <TextEquiv>
                    <Unicode>esclamó con grande fé,</Unicode>
                </TextEquiv>
            </TextLine>
            <TextLine id="r_2_1l14" custom="readingOrder {index:13;}">
                <Coords points="857,922 882,923 908,923 934,924 959,924 985,924 1011,924 1037,924 1062,924 1088,925 1114,925 1139,925 1165,925 1191,926 1217,926 1242,927 1268,928 1294,928 1320,929 1320,899 1294,898 1268,898 1242,897 1217,896 1191,896 1165,895 1139,895 1114,895 1088,895 1062,894 1037,894 1011,894 985,894 959,894 934,894 908,893 882,893 857,892"/>
                <Baseline points="857,912 882,913 908,913 934,914 959,914 985,914 1011,914 1037,914 1062,914 1088,915 1114,915 1139,915 1165,915 1191,916 1217,916 1242,917 1268,918 1294,918 1320,919"/>
                <TextEquiv>
                    <Unicode>dijo al inmenso Criador,</Unicode>
                </TextEquiv>
            </TextLine>
            <TextLine id="r_2_1l15" custom="readingOrder {index:14;}">
                <Coords points="857,968 883,968 909,968 936,968 962,968 989,968 1015,968 1042,968 1068,968 1095,969 1121,969 1148,969 1174,969 1201,970 1227,970 1254,971 1254,941 1227,940 1201,940 1174,939 1148,939 1121,939 1095,939 1068,938 1042,938 1015,938 989,938 962,938 936,938 909,938 883,938 857,938"/>
                <Baseline points="857,958 883,958 909,958 936,958 962,958 989,958 1015,958 1042,958 1068,958 1095,959 1121,959 1148,959 1174,959 1201,960 1227,960 1254,961"/>
                <TextEquiv>
                    <Unicode>ten presente pecador</Unicode>
                </TextEquiv>
            </TextLine>
            <TextLine id="r_2_1l16" custom="readingOrder {index:15;}">
                <Coords points="859,1012 884,1012 909,1012 934,1012 959,1012 985,1012 1010,1012 1035,1012 1060,1013 1086,1013 1111,1013 1136,1014 1161,1014 1187,1015 1212,1015 1237,1015 1262,1016 1288,1017 1288,987 1262,986 1237,985 1212,985 1187,985 1161,984 1136,984 1111,983 1086,983 1060,983 1035,982 1010,982 985,982 959,982 934,982 909,982 884,982 859,982"/>
                <Baseline points="859,1002 884,1002 909,1002 934,1002 959,1002 985,1002 1010,1002 1035,1002 1060,1003 1086,1003 1111,1003 1136,1004 1161,1004 1187,1005 1212,1005 1237,1005 1262,1006 1288,1007"/>
                <TextEquiv>
                    <Unicode>la sangre que derramé.</Unicode>
                </TextEquiv>
            </TextLine>
            <TextEquiv>
                <Unicode>la Virgen con gran ternura,
fué con su hijo abrazada,
viendo á la Madre eclipsada,
dijo Jesus con dolor,
detente aqui pecador,
y verás que mal me pagas.
San Juan y la Magdalena
al monte Calvario fueron,
y con la Vírgen subieron
á consolarla en su pena,
y el rey de bondad suprema
asi que clavado fué,
esclamó con grande fé,
dijo al inmenso Criador,
ten presente pecador
la sangre que derramé.</Unicode>
            </TextEquiv>
        </TextRegion>
        <TextRegion orientation="0.0" type="paragraph" id="r_3_1" custom="readingOrder {index:2;}">
            <Coords points="560,1112 1088,1112 1088,1294 560,1294"/>
            <TextLine id="r_3_1l1" custom="readingOrder {index:0;}">
                <Coords points="596,1157 621,1157 646,1156 671,1156 696,1156 721,1155 746,1155 771,1155 797,1155 822,1155 847,1155 872,1155 897,1156 922,1156 947,1156 972,1156 998,1157 998,1127 972,1126 947,1126 922,1126 897,1126 872,1125 847,1125 822,1125 797,1125 771,1125 746,1125 721,1125 696,1126 671,1126 646,1126 621,1127 596,1127"/>
                <Baseline points="596,1147 621,1147 646,1146 671,1146 696,1146 721,1145 746,1145 771,1145 797,1145 822,1145 847,1145 872,1145 897,1146 922,1146 947,1146 972,1146 998,1147"/>
                <TextEquiv>
                    <Unicode>Al morir Jesus dejó</Unicode>
                </TextEquiv>
            </TextLine>
            <TextLine id="r_3_1l2" custom="readingOrder {index:1;}">
                <Coords points="561,1200 586,1200 612,1199 638,1199 664,1199 690,1199 716,1199 742,1199 768,1199 794,1199 820,1200 846,1200 872,1200 898,1201 924,1201 950,1201 976,1202 1002,1203 1028,1203 1054,1204 1054,1173 1028,1172 1002,1172 976,1171 950,1170 924,1170 898,1170 872,1169 846,1169 820,1169 794,1168 768,1168 742,1168 716,1168 690,1168 664,1168 638,1168 612,1168 586,1169 561,1169"/>
                <Baseline points="561,1190 586,1190 612,1189 638,1189 664,1189 690,1189 716,1189 742,1189 768,1189 794,1189 820,1190 846,1190 872,1190 898,1191 924,1191 950,1191 976,1192 1002,1193 1028,1193 1054,1194"/>
                <TextEquiv>
                    <Unicode>al pie de la Cruz escrito,</Unicode>
                </TextEquiv>
            </TextLine>
            <TextLine id="r_3_1l3" custom="readingOrder {index:2;}">
                <Coords points="564,1243 590,1243 616,1244 642,1244 668,1244 695,1244 721,1244 747,1244 773,1244 800,1244 826,1244 852,1244 878,1244 905,1245 931,1245 957,1246 983,1248 1010,1249 1010,1218 983,1217 957,1215 931,1214 905,1214 878,1213 852,1213 826,1213 800,1213 773,1213 747,1213 721,1213 695,1213 668,1213 642,1213 616,1213 590,1212 564,1212"/>
                <Baseline points="564,1233 590,1233 616,1234 642,1234 668,1234 695,1234 721,1234 747,1234 773,1234 800,1234 826,1234 852,1234 878,1234 905,1235 931,1235 957,1236 983,1238 1010,1239"/>
                <TextEquiv>
                    <Unicode>Rey soy para perdonar,</Unicode>
                </TextEquiv>
            </TextLine>
            <TextLine id="r_3_1l4" custom="readingOrder {index:3;}">
                <Coords points="559,1293 585,1291 611,1291 637,1289 664,1288 690,1288 716,1287 743,1287 769,1287 795,1288 822,1288 848,1288 874,1289 900,1289 927,1290 953,1291 979,1291 1006,1292 1032,1292 1058,1292 1085,1292 1085,1261 1058,1261 1032,1261 1006,1261 979,1260 953,1260 927,1259 900,1258 874,1258 848,1257 822,1257 795,1257 769,1256 743,1256 716,1256 690,1257 664,1257 637,1258 611,1260 585,1260 559,1262"/>
                <Baseline points="559,1283 585,1281 611,1281 637,1279 664,1278 690,1278 716,1277 743,1277 769,1277 795,1278 822,1278 848,1278 874,1279 900,1279 927,1280 953,1281 979,1281 1006,1282 1032,1282 1058,1282 1085,1282"/>
                <TextEquiv>
                    <Unicode>y á los hombres me remito.</Unicode>
                </TextEquiv>
            </TextLine>
            <TextEquiv>
                <Unicode>Al morir Jesus dejó
al pie de la Cruz escrito,
Rey soy para perdonar,
y á los hombres me remito.</Unicode>
            </TextEquiv>
        </TextRegion>
        <TextRegion orientation="0.0" type="paragraph" id="r_4_1" custom="readingOrder {index:3;}">
            <Coords points="103,1347 693,1347 693,2277 103,2277"/>
            <TextLine id="r_4_1l1" custom="readingOrder {index:0;}">
                <Coords points="145,1386 171,1388 197,1389 224,1390 250,1391 277,1392 303,1392 330,1392 356,1391 382,1391 409,1391 435,1390 462,1390 488,1390 515,1390 541,1390 568,1390 568,1359 541,1359 515,1359 488,1359 462,1359 435,1359 409,1360 382,1360 356,1360 330,1361 303,1361 277,1361 250,1360 224,1359 197,1358 171,1357 145,1355"/>
                <Baseline points="145,1376 171,1378 197,1379 224,1380 250,1381 277,1382 303,1382 330,1382 356,1381 382,1381 409,1381 435,1380 462,1380 488,1380 515,1380 541,1380 568,1380"/>
                <TextEquiv>
                    <Unicode>Por salvar al pecador</Unicode>
                </TextEquiv>
            </TextLine>
            <TextLine id="r_4_1l2" custom="readingOrder {index:1;}">
                <Coords points="116,1434 141,1434 167,1434 192,1434 218,1434 244,1434 269,1434 295,1434 321,1434 346,1434 372,1434 398,1434 423,1434 449,1434 475,1434 500,1434 526,1434 552,1435 552,1405 526,1404 500,1404 475,1404 449,1404 423,1404 398,1404 372,1404 346,1404 321,1404 295,1404 269,1404 244,1404 218,1404 192,1404 167,1404 141,1404 116,1404"/>
                <Baseline points="116,1424 141,1424 167,1424 192,1424 218,1424 244,1424 269,1424 295,1424 321,1424 346,1424 372,1424 398,1424 423,1424 449,1424 475,1424 500,1424 526,1424 552,1425"/>
                <TextEquiv>
                    <Unicode>y libranos del infierno,</Unicode>
                </TextEquiv>
            </TextLine>
            <TextLine id="r_4_1l3" custom="readingOrder {index:2;}">
                <Coords points="109,1474 134,1475 160,1476 185,1477 211,1477 236,1478 262,1478 287,1478 313,1478 338,1478 364,1478 390,1477 415,1477 441,1477 466,1477 492,1477 517,1477 543,1477 568,1477 594,1478 620,1479 620,1449 594,1448 568,1447 543,1447 517,1447 492,1447 466,1447 441,1447 415,1447 390,1447 364,1448 338,1448 313,1448 287,1448 262,1448 236,1448 211,1447 185,1447 160,1446 134,1445 109,1444"/>
                <Baseline points="109,1464 134,1465 160,1466 185,1467 211,1467 236,1468 262,1468 287,1468 313,1468 338,1468 364,1468 390,1467 415,1467 441,1467 466,1467 492,1467 517,1467 543,1467 568,1467 594,1468 620,1469"/>
                <TextEquiv>
                    <Unicode>vino el Redentor Supremo</Unicode>
                </TextEquiv>
            </TextLine>
            <TextLine id="r_4_1l4" custom="readingOrder {index:3;}">
                <Coords points="112,1518 137,1520 163,1521 189,1522 214,1522 240,1523 266,1523 291,1523 317,1523 343,1522 369,1522 394,1522 420,1521 446,1521 471,1521 497,1521 523,1521 548,1522 574,1523 600,1523 626,1525 626,1494 600,1492 574,1492 548,1491 523,1490 497,1490 471,1490 446,1490 420,1490 394,1491 369,1491 343,1491 317,1492 291,1492 266,1492 240,1492 214,1491 189,1491 163,1490 137,1489 112,1487"/>
                <Baseline points="112,1508 137,1510 163,1511 189,1512 214,1512 240,1513 266,1513 291,1513 317,1513 343,1512 369,1512 394,1512 420,1511 446,1511 471,1511 497,1511 523,1511 548,1512 574,1513 600,1513 626,1515"/>
                <TextEquiv>
                    <Unicode>al mundo con sumo amor,</Unicode>
                </TextEquiv>
            </TextLine>
            <TextLine id="r_4_1l5" custom="readingOrder {index:4;}">
                <Coords points="108,1563 133,1564 159,1565 184,1566 210,1566 235,1566 261,1566 286,1566 312,1566 337,1566 363,1566 388,1566 414,1565 439,1565 465,1565 490,1565 516,1565 541,1566 567,1566 592,1567 618,1568 618,1537 592,1536 567,1535 541,1535 516,1534 490,1534 465,1534 439,1534 414,1534 388,1535 363,1535 337,1535 312,1535 286,1535 261,1535 235,1535 210,1535 184,1535 159,1534 133,1533 108,1532"/>
                <Baseline points="108,1553 133,1554 159,1555 184,1556 210,1556 235,1556 261,1556 286,1556 312,1556 337,1556 363,1556 388,1556 414,1555 439,1555 465,1555 490,1555 516,1555 541,1556 567,1556 592,1557 618,1558"/>
                <TextEquiv>
                    <Unicode>dia veinte y tres con rigor</Unicode>
                </TextEquiv>
            </TextLine>
            <TextLine id="r_4_1l6" custom="readingOrder {index:5;}">
                <Coords points="112,1607 138,1608 164,1609 190,1610 216,1610 242,1610 268,1610 294,1610 320,1610 346,1609 372,1609 398,1609 424,1609 450,1610 476,1610 502,1612 528,1613 528,1583 502,1582 476,1580 450,1580 424,1579 398,1579 372,1579 346,1579 320,1580 294,1580 268,1580 242,1580 216,1580 190,1580 164,1579 138,1578 112,1577"/>
                <Baseline points="112,1597 138,1598 164,1599 190,1600 216,1600 242,1600 268,1600 294,1600 320,1600 346,1599 372,1599 398,1599 424,1599 450,1600 476,1600 502,1602 528,1603"/>
                <TextEquiv>
                    <Unicode>humildemente sufrió,</Unicode>
                </TextEquiv>
            </TextLine>
            <TextLine id="r_4_1l7" custom="readingOrder {index:6;}">
                <Coords points="106,1651 131,1652 157,1653 183,1653 209,1654 234,1654 260,1654 286,1653 312,1653 337,1653 363,1653 389,1653 415,1652 440,1652 466,1653 492,1653 518,1653 544,1654 544,1624 518,1623 492,1623 466,1623 440,1622 415,1622 389,1623 363,1623 337,1623 312,1623 286,1623 260,1624 234,1624 209,1624 183,1623 157,1623 131,1622 106,1621"/>
                <Baseline points="106,1641 131,1642 157,1643 183,1643 209,1644 234,1644 260,1644 286,1643 312,1643 337,1643 363,1643 389,1643 415,1642 440,1642 466,1643 492,1643 518,1643 544,1644"/>
                <TextEquiv>
                    <Unicode>que de su cuerpo sudó</Unicode>
                </TextEquiv>
            </TextLine>
            <TextLine id="r_4_1l8" custom="readingOrder {index:7;}">
                <Coords points="111,1696 137,1696 164,1696 191,1696 218,1696 245,1696 272,1696 298,1696 325,1696 352,1696 379,1696 406,1696 433,1696 460,1696 486,1696 513,1697 540,1697 567,1698 594,1699 621,1700 648,1701 648,1671 621,1670 594,1669 567,1668 540,1667 513,1667 486,1666 460,1666 433,1666 406,1666 379,1666 352,1666 325,1666 298,1666 272,1666 245,1666 218,1666 191,1666 164,1666 137,1666 111,1666"/>
                <Baseline points="111,1686 137,1686 164,1686 191,1686 218,1686 245,1686 272,1686 298,1686 325,1686 352,1686 379,1686 406,1686 433,1686 460,1686 486,1686 513,1687 540,1687 567,1688 594,1689 621,1690 648,1691"/>
                <TextEquiv>
                    <Unicode>sangre en copiosos raudales,</Unicode>
                </TextEquiv>
            </TextLine>
            <TextLine id="r_4_1l9" custom="readingOrder {index:8;}">
                <Coords points="104,1739 130,1739 157,1740 183,1740 210,1740 236,1740 263,1741 289,1741 316,1741 342,1741 369,1741 395,1741 422,1741 448,1741 475,1741 501,1741 528,1741 528,1710 501,1710 475,1710 448,1710 422,1710 395,1710 369,1710 342,1710 316,1710 289,1710 263,1710 236,1709 210,1709 183,1709 157,1709 130,1708 104,1708"/>
                <Baseline points="104,1729 130,1729 157,1730 183,1730 210,1730 236,1730 263,1731 289,1731 316,1731 342,1731 369,1731 395,1731 422,1731 448,1731 475,1731 501,1731 528,1731"/>
                <TextEquiv>
                    <Unicode>todas aquestas señales</Unicode>
                </TextEquiv>
            </TextLine>
            <TextLine id="r_4_1l10" custom="readingOrder {index:9;}">
                <Coords points="104,1783 129,1784 154,1785 179,1785 204,1785 229,1786 254,1786 279,1786 304,1786 329,1785 354,1785 379,1785 404,1785 429,1785 454,1786 479,1786 504,1786 504,1755 479,1755 454,1755 429,1754 404,1754 379,1754 354,1754 329,1754 304,1755 279,1755 254,1755 229,1755 204,1754 179,1754 154,1754 129,1753 104,1752"/>
                <Baseline points="104,1773 129,1774 154,1775 179,1775 204,1775 229,1776 254,1776 279,1776 304,1776 329,1775 354,1775 379,1775 404,1775 429,1775 454,1776 479,1776 504,1776"/>
                <TextEquiv>
                    <Unicode>al morir Jesus dejó.</Unicode>
                </TextEquiv>
            </TextLine>
            <TextLine id="r_4_1l11" custom="readingOrder {index:10;}">
                <Coords points="147,1876 174,1876 201,1877 228,1877 256,1878 283,1878 310,1878 337,1878 365,1877 392,1877 419,1877 446,1877 474,1877 501,1877 528,1877 555,1877 583,1878 610,1879 637,1879 664,1881 692,1882 692,1851 664,1850 637,1848 610,1848 583,1847 555,1846 528,1846 501,1846 474,1846 446,1846 419,1846 392,1846 365,1846 337,1847 310,1847 283,1847 256,1847 228,1846 201,1846 174,1845 147,1845"/>
                <Baseline points="147,1866 174,1866 201,1867 228,1867 256,1868 283,1868 310,1868 337,1868 365,1867 392,1867 419,1867 446,1867 474,1867 501,1867 528,1867 555,1867 583,1868 610,1869 637,1869 664,1871 692,1872"/>
                <TextEquiv>
                    <Unicode>La magestad pura, inmensa,</Unicode>
                </TextEquiv>
            </TextLine>
            <TextLine id="r_4_1l12" custom="readingOrder {index:11;}">
                <Coords points="104,1921 130,1921 156,1921 182,1921 208,1921 234,1921 260,1921 286,1921 312,1921 338,1921 365,1920 391,1920 417,1920 443,1920 469,1921 495,1921 521,1921 547,1922 573,1922 599,1923 626,1924 626,1893 599,1892 573,1891 547,1891 521,1890 495,1890 469,1890 443,1889 417,1889 391,1889 365,1889 338,1890 312,1890 286,1890 260,1890 234,1890 208,1890 182,1890 156,1890 130,1890 104,1890"/>
                <Baseline points="104,1911 130,1911 156,1911 182,1911 208,1911 234,1911 260,1911 286,1911 312,1911 338,1911 365,1910 391,1910 417,1910 443,1910 469,1911 495,1911 521,1911 547,1912 573,1912 599,1913 626,1914"/>
                <TextEquiv>
                    <Unicode>sufrió con ansias muy finas,</Unicode>
                </TextEquiv>
            </TextLine>
            <TextLine id="r_4_1l13" custom="readingOrder {index:12;}">
                <Coords points="105,1965 130,1965 156,1966 182,1966 207,1966 233,1966 259,1965 285,1965 310,1965 336,1965 362,1965 388,1965 413,1964 439,1964 465,1964 491,1965 516,1965 542,1965 568,1966 594,1966 594,1936 568,1936 542,1935 516,1935 491,1935 465,1934 439,1934 413,1934 388,1935 362,1935 336,1935 310,1935 285,1935 259,1935 233,1936 207,1936 182,1936 156,1936 130,1935 105,1935"/>
                <Baseline points="105,1955 130,1955 156,1956 182,1956 207,1956 233,1956 259,1955 285,1955 310,1955 336,1955 362,1955 388,1955 413,1954 439,1954 465,1954 491,1955 516,1955 542,1955 568,1956 594,1956"/>
                <TextEquiv>
                    <Unicode>que setenta y dos espinas</Unicode>
                </TextEquiv>
            </TextLine>
            <TextLine id="r_4_1l14" custom="readingOrder {index:13;}">
                <Coords points="104,2009 129,2009 154,2009 179,2009 204,2008 229,2008 254,2008 279,2008 304,2008 329,2008 354,2008 379,2008 404,2009 429,2009 454,2009 479,2009 504,2010 530,2010 530,1979 504,1979 479,1978 454,1978 429,1978 404,1978 379,1977 354,1977 329,1977 304,1977 279,1977 254,1977 229,1977 204,1977 179,1978 154,1978 129,1978 104,1978"/>
                <Baseline points="104,1999 129,1999 154,1999 179,1999 204,1998 229,1998 254,1998 279,1998 304,1998 329,1998 354,1998 379,1998 404,1999 429,1999 454,1999 479,1999 504,2000 530,2000"/>
                <TextEquiv>
                    <Unicode>traspasaran su cabeza,</Unicode>
                </TextEquiv>
            </TextLine>
            <TextLine id="r_4_1l15" custom="readingOrder {index:14;}">
                <Coords points="108,2051 133,2052 158,2052 184,2053 209,2053 234,2053 260,2053 285,2053 310,2053 336,2053 361,2052 387,2052 412,2052 437,2052 463,2053 488,2053 513,2053 539,2054 564,2055 590,2056 590,2026 564,2025 539,2024 513,2023 488,2023 463,2023 437,2022 412,2022 387,2022 361,2022 336,2023 310,2023 285,2023 260,2023 234,2023 209,2023 184,2023 158,2022 133,2022 108,2021"/>
                <Baseline points="108,2041 133,2042 158,2042 184,2043 209,2043 234,2043 260,2043 285,2043 310,2043 336,2043 361,2042 387,2042 412,2042 437,2042 463,2043 488,2043 513,2043 539,2044 564,2045 590,2046"/>
                <TextEquiv>
                    <Unicode>Longino con gran fiereza,</Unicode>
                </TextEquiv>
            </TextLine>
            <TextLine id="r_4_1l16" custom="readingOrder {index:15;}">
                <Coords points="106,2095 131,2096 157,2096 182,2097 208,2097 234,2097 259,2097 285,2097 311,2097 336,2097 362,2097 387,2096 413,2096 439,2096 464,2097 490,2097 516,2097 516,2066 490,2066 464,2066 439,2065 413,2065 387,2065 362,2066 336,2066 311,2066 285,2066 259,2066 234,2066 208,2066 182,2066 157,2065 131,2065 106,2064"/>
                <Baseline points="106,2085 131,2086 157,2086 182,2087 208,2087 234,2087 259,2087 285,2087 311,2087 336,2087 362,2087 387,2086 413,2086 439,2086 464,2087 490,2087 516,2087"/>
                <TextEquiv>
                    <Unicode>acometió en el delito</Unicode>
                </TextEquiv>
            </TextLine>
            <TextLine id="r_4_1l17" custom="readingOrder {index:16;}">
                <Coords points="107,2139 132,2140 158,2141 184,2141 209,2141 235,2141 261,2141 286,2141 312,2140 338,2140 364,2140 389,2140 415,2140 441,2140 466,2140 492,2140 518,2141 544,2142 544,2112 518,2111 492,2110 466,2110 441,2110 415,2110 389,2110 364,2110 338,2110 312,2110 286,2111 261,2111 235,2111 209,2111 184,2111 158,2111 132,2110 107,2109"/>
                <Baseline points="107,2129 132,2130 158,2131 184,2131 209,2131 235,2131 261,2131 286,2131 312,2130 338,2130 364,2130 389,2130 415,2130 441,2130 466,2130 492,2130 518,2131 544,2132"/>
                <TextEquiv>
                    <Unicode>por un costado bendito</Unicode>
                </TextEquiv>
            </TextLine>
            <TextLine id="r_4_1l18" custom="readingOrder {index:17;}">
                <Coords points="112,2183 137,2183 163,2184 189,2184 214,2184 240,2184 266,2184 292,2183 317,2183 343,2183 369,2184 394,2184 420,2184 446,2185 472,2186 472,2156 446,2155 420,2154 394,2154 369,2154 343,2153 317,2153 292,2153 266,2154 240,2154 214,2154 189,2154 163,2154 137,2153 112,2153"/>
                <Baseline points="112,2173 137,2173 163,2174 189,2174 214,2174 240,2174 266,2174 292,2173 317,2173 343,2173 369,2174 394,2174 420,2174 446,2175 472,2176"/>
                <TextEquiv>
                    <Unicode>una lanza atravesó,</Unicode>
                </TextEquiv>
            </TextLine>
            <TextLine id="r_4_1l19" custom="readingOrder {index:18;}">
                <Coords points="103,2229 129,2229 155,2228 181,2228 207,2228 234,2228 260,2228 286,2228 312,2228 339,2228 365,2228 391,2228 417,2228 444,2228 470,2228 496,2229 522,2229 549,2229 549,2198 522,2198 496,2198 470,2197 444,2197 417,2197 391,2197 365,2197 339,2197 312,2197 286,2197 260,2197 234,2197 207,2197 181,2197 155,2197 129,2198 103,2198"/>
                <Baseline points="103,2219 129,2219 155,2218 181,2218 207,2218 234,2218 260,2218 286,2218 312,2218 339,2218 365,2218 391,2218 417,2218 444,2218 470,2218 496,2219 522,2219 549,2219"/>
                <TextEquiv>
                    <Unicode>y allí el perdon alcanzó</Unicode>
                </TextEquiv>
            </TextLine>
            <TextLine id="r_4_1l20" custom="readingOrder {index:19;}">
                <Coords points="109,2272 134,2272 159,2273 184,2273 209,2273 234,2273 259,2273 284,2273 309,2273 334,2273 359,2273 384,2273 409,2273 434,2273 459,2273 484,2274 509,2274 534,2275 559,2276 584,2277 584,2246 559,2245 534,2244 509,2243 484,2243 459,2242 434,2242 409,2242 384,2242 359,2242 334,2242 309,2242 284,2242 259,2242 234,2242 209,2242 184,2242 159,2242 134,2241 109,2241"/>
                <Baseline points="109,2262 134,2262 159,2263 184,2263 209,2263 234,2263 259,2263 284,2263 309,2263 334,2263 359,2263 384,2263 409,2263 434,2263 459,2263 484,2264 509,2264 534,2265 559,2266 584,2267"/>
                <TextEquiv>
                    <Unicode>al pié de la Cruz escrito,</Unicode>
                </TextEquiv>
            </TextLine>
            <TextEquiv>
                <Unicode>Por salvar al pecador
y libranos del infierno,
vino el Redentor Supremo
al mundo con sumo amor,
dia veinte y tres con rigor
humildemente sufrió,
que de su cuerpo sudó
sangre en copiosos raudales,
todas aquestas señales
al morir Jesus dejó.
La magestad pura, inmensa,
sufrió con ansias muy finas,
que setenta y dos espinas
traspasaran su cabeza,
Longino con gran fiereza,
acometió en el delito
por un costado bendito
una lanza atravesó,
y allí el perdon alcanzó
al pié de la Cruz escrito,</Unicode>
            </TextEquiv>
        </TextRegion>
        <TextRegion orientation="0.0" type="paragraph" id="r_5_1" custom="readingOrder {index:4;}">
            <Coords points="750,1349 1415,1349 1415,2283 750,2283"/>
            <TextLine id="r_5_1l1" custom="readingOrder {index:0;}">
                <Coords points="888,1391 913,1391 939,1391 965,1391 991,1391 1017,1391 1043,1391 1069,1391 1095,1391 1121,1391 1147,1391 1173,1392 1199,1392 1225,1393 1251,1395 1277,1396 1277,1365 1251,1364 1225,1362 1199,1361 1173,1361 1147,1360 1121,1360 1095,1360 1069,1360 1043,1360 1017,1360 991,1360 965,1360 939,1360 913,1360 888,1360"/>
                <Baseline points="888,1381 913,1381 939,1381 965,1381 991,1381 1017,1381 1043,1381 1069,1381 1095,1381 1121,1381 1147,1381 1173,1382 1199,1382 1225,1383 1251,1385 1277,1386"/>
                <TextEquiv>
                    <Unicode>Dice el Eterno Jesus</Unicode>
                </TextEquiv>
            </TextLine>
            <TextLine id="r_5_1l2" custom="readingOrder {index:1;}">
                <Coords points="841,1434 867,1435 893,1435 919,1435 946,1436 972,1436 998,1436 1025,1436 1051,1435 1077,1435 1103,1436 1130,1436 1156,1436 1182,1436 1209,1437 1235,1438 1261,1439 1288,1442 1288,1411 1261,1408 1235,1407 1209,1406 1182,1405 1156,1405 1130,1405 1103,1405 1077,1404 1051,1404 1025,1405 998,1405 972,1405 946,1405 919,1404 893,1404 867,1404 841,1403"/>
                <Baseline points="841,1424 867,1425 893,1425 919,1425 946,1426 972,1426 998,1426 1025,1426 1051,1425 1077,1425 1103,1426 1130,1426 1156,1426 1182,1426 1209,1427 1235,1428 1261,1429 1288,1432"/>
                <TextEquiv>
                    <Unicode>por boca de San Mateo,</Unicode>
                </TextEquiv>
            </TextLine>
            <TextLine id="r_5_1l3" custom="readingOrder {index:2;}">
                <Coords points="843,1478 868,1479 893,1479 918,1479 943,1480 968,1480 993,1480 1018,1479 1043,1479 1069,1479 1094,1479 1119,1479 1144,1479 1169,1480 1194,1480 1219,1481 1244,1482 1270,1483 1270,1452 1244,1451 1219,1450 1194,1449 1169,1449 1144,1448 1119,1448 1094,1448 1069,1448 1043,1448 1018,1448 993,1449 968,1449 943,1449 918,1448 893,1448 868,1448 843,1447"/>
                <Baseline points="843,1468 868,1469 893,1469 918,1469 943,1470 968,1470 993,1470 1018,1469 1043,1469 1069,1469 1094,1469 1119,1469 1144,1469 1169,1470 1194,1470 1219,1471 1244,1472 1270,1473"/>
                <TextEquiv>
                    <Unicode>por tí pecador me veo</Unicode>
                </TextEquiv>
            </TextLine>
            <TextLine id="r_5_1l4" custom="readingOrder {index:3;}">
                <Coords points="839,1522 864,1522 889,1523 915,1523 940,1524 965,1524 991,1524 1016,1523 1042,1523 1067,1523 1092,1523 1118,1523 1143,1524 1169,1524 1194,1524 1219,1525 1245,1527 1270,1529 1296,1530 1296,1499 1270,1498 1245,1496 1219,1494 1194,1493 1169,1493 1143,1493 1118,1492 1092,1492 1067,1492 1042,1492 1016,1492 991,1493 965,1493 940,1493 915,1492 889,1492 864,1491 839,1491"/>
                <Baseline points="839,1512 864,1512 889,1513 915,1513 940,1514 965,1514 991,1514 1016,1513 1042,1513 1067,1513 1092,1513 1118,1513 1143,1514 1169,1514 1194,1514 1219,1515 1245,1517 1270,1519 1296,1520"/>
                <TextEquiv>
                    <Unicode>enclavado en esta Cruz,</Unicode>
                </TextEquiv>
            </TextLine>
            <TextLine id="r_5_1l5" custom="readingOrder {index:4;}">
                <Coords points="841,1565 866,1566 891,1567 917,1567 942,1567 968,1568 993,1568 1018,1567 1044,1567 1069,1567 1095,1567 1120,1567 1145,1567 1171,1568 1196,1568 1222,1569 1222,1538 1196,1537 1171,1537 1145,1536 1120,1536 1095,1536 1069,1536 1044,1536 1018,1536 993,1537 968,1537 942,1536 917,1536 891,1536 866,1535 841,1534"/>
                <Baseline points="841,1555 866,1556 891,1557 917,1557 942,1557 968,1558 993,1558 1018,1557 1044,1557 1069,1557 1095,1557 1120,1557 1145,1557 1171,1558 1196,1558 1222,1559"/>
                <TextEquiv>
                    <Unicode>y si imitas á mi luz</Unicode>
                </TextEquiv>
            </TextLine>
            <TextLine id="r_5_1l6" custom="readingOrder {index:5;}">
                <Coords points="842,1611 867,1611 892,1612 918,1612 943,1612 968,1611 994,1611 1019,1611 1044,1611 1070,1611 1095,1611 1121,1611 1146,1611 1171,1612 1197,1612 1222,1613 1247,1613 1273,1614 1298,1616 1324,1617 1324,1586 1298,1585 1273,1583 1247,1582 1222,1582 1197,1581 1171,1581 1146,1580 1121,1580 1095,1580 1070,1580 1044,1580 1019,1580 994,1580 968,1580 943,1581 918,1581 892,1581 867,1580 842,1580"/>
                <Baseline points="842,1601 867,1601 892,1602 918,1602 943,1602 968,1601 994,1601 1019,1601 1044,1601 1070,1601 1095,1601 1121,1601 1146,1601 1171,1602 1197,1602 1222,1603 1247,1603 1273,1604 1298,1606 1324,1607"/>
                <TextEquiv>
                    <Unicode>y amantes quieres buscar,</Unicode>
                </TextEquiv>
            </TextLine>
            <TextLine id="r_5_1l7" custom="readingOrder {index:6;}">
                <Coords points="838,1653 864,1654 891,1655 917,1656 944,1656 970,1656 997,1656 1023,1656 1050,1656 1076,1656 1103,1656 1129,1656 1156,1656 1182,1657 1209,1658 1236,1659 1236,1628 1209,1627 1182,1626 1156,1625 1129,1625 1103,1625 1076,1625 1050,1625 1023,1625 997,1625 970,1625 944,1625 917,1625 891,1624 864,1623 838,1622"/>
                <Baseline points="838,1643 864,1644 891,1645 917,1646 944,1646 970,1646 997,1646 1023,1646 1050,1646 1076,1646 1103,1646 1129,1646 1156,1646 1182,1647 1209,1648 1236,1649"/>
                <TextEquiv>
                    <Unicode>deja, deja, de pecar,</Unicode>
                </TextEquiv>
            </TextLine>
            <TextLine id="r_5_1l8" custom="readingOrder {index:7;}">
                <Coords points="836,1701 861,1700 887,1700 912,1699 938,1699 963,1699 989,1699 1014,1698 1040,1698 1066,1698 1091,1699 1117,1699 1142,1699 1168,1700 1193,1700 1219,1701 1244,1703 1270,1704 1296,1705 1296,1675 1270,1674 1244,1673 1219,1671 1193,1670 1168,1670 1142,1669 1117,1669 1091,1669 1066,1668 1040,1668 1014,1668 989,1669 963,1669 938,1669 912,1669 887,1670 861,1670 836,1671"/>
                <Baseline points="836,1691 861,1690 887,1690 912,1689 938,1689 963,1689 989,1689 1014,1688 1040,1688 1066,1688 1091,1689 1117,1689 1142,1689 1168,1690 1193,1690 1219,1691 1244,1693 1270,1694 1296,1695"/>
                <TextEquiv>
                    <Unicode>pecador vente conmigo,</Unicode>
                </TextEquiv>
            </TextLine>
            <TextLine id="r_5_1l9" custom="readingOrder {index:8;}">
                <Coords points="836,1745 864,1744 893,1744 922,1743 951,1743 980,1743 1009,1743 1038,1743 1067,1744 1096,1744 1125,1745 1153,1745 1182,1745 1211,1746 1240,1746 1269,1746 1298,1747 1327,1747 1356,1747 1385,1747 1414,1746 1414,1716 1385,1717 1356,1717 1327,1717 1298,1717 1269,1716 1240,1716 1211,1716 1182,1715 1153,1715 1125,1715 1096,1714 1067,1714 1038,1713 1009,1713 980,1713 951,1713 922,1713 893,1714 864,1714 836,1715"/>
                <Baseline points="836,1735 864,1734 893,1734 922,1733 951,1733 980,1733 1009,1733 1038,1733 1067,1734 1096,1734 1125,1735 1153,1735 1182,1735 1211,1736 1240,1736 1269,1736 1298,1737 1327,1737 1356,1737 1385,1737 1414,1736"/>
                <TextEquiv>
                    <Unicode>que aunque soy Juez y testigo</Unicode>
                </TextEquiv>
            </TextLine>
            <TextLine id="r_5_1l10" custom="readingOrder {index:9;}">
                <Coords points="834,1787 859,1788 884,1788 910,1788 935,1789 960,1789 986,1789 1011,1789 1037,1788 1062,1788 1087,1788 1113,1788 1138,1788 1164,1788 1189,1788 1214,1788 1240,1789 1265,1789 1291,1790 1291,1760 1265,1759 1240,1759 1214,1758 1189,1758 1164,1758 1138,1758 1113,1758 1087,1758 1062,1758 1037,1758 1011,1759 986,1759 960,1759 935,1759 910,1758 884,1758 859,1758 834,1757"/>
                <Baseline points="834,1777 859,1778 884,1778 910,1778 935,1779 960,1779 986,1779 1011,1779 1037,1778 1062,1778 1087,1778 1113,1778 1138,1778 1164,1778 1189,1778 1214,1778 1240,1779 1265,1779 1291,1780"/>
                <TextEquiv>
                    <Unicode>Rey soy para perdonar.</Unicode>
                </TextEquiv>
            </TextLine>
            <TextLine id="r_5_1l11" custom="readingOrder {index:10;}">
                <Coords points="882,1880 908,1881 934,1881 960,1881 986,1881 1012,1881 1038,1881 1064,1881 1090,1881 1117,1881 1143,1881 1169,1881 1195,1881 1221,1881 1247,1882 1273,1882 1299,1883 1326,1883 1326,1852 1299,1852 1273,1851 1247,1851 1221,1850 1195,1850 1169,1850 1143,1850 1117,1850 1090,1850 1064,1850 1038,1850 1012,1850 986,1850 960,1850 934,1850 908,1850 882,1849"/>
                <Baseline points="882,1870 908,1871 934,1871 960,1871 986,1871 1012,1871 1038,1871 1064,1871 1090,1871 1117,1871 1143,1871 1169,1871 1195,1871 1221,1871 1247,1872 1273,1872 1299,1873 1326,1873"/>
                <TextEquiv>
                    <Unicode>Si mi le y siguiendo vas</Unicode>
                </TextEquiv>
            </TextLine>
            <TextLine id="r_5_1l12" custom="readingOrder {index:11;}">
                <Coords points="833,1924 858,1925 884,1925 910,1926 936,1926 962,1925 987,1925 1013,1925 1039,1925 1065,1924 1091,1924 1116,1924 1142,1925 1168,1925 1194,1927 1220,1928 1246,1930 1246,1900 1220,1898 1194,1897 1168,1895 1142,1895 1116,1894 1091,1894 1065,1894 1039,1895 1013,1895 987,1895 962,1895 936,1896 910,1896 884,1895 858,1895 833,1894"/>
                <Baseline points="833,1914 858,1915 884,1915 910,1916 936,1916 962,1915 987,1915 1013,1915 1039,1915 1065,1914 1091,1914 1116,1914 1142,1915 1168,1915 1194,1917 1220,1918 1246,1920"/>
                <TextEquiv>
                    <Unicode>con contrito corazon,</Unicode>
                </TextEquiv>
            </TextLine>
            <TextLine id="r_5_1l13" custom="readingOrder {index:12;}">
                <Coords points="832,1967 858,1968 884,1968 911,1968 937,1968 963,1968 990,1968 1016,1968 1042,1968 1069,1968 1095,1968 1121,1968 1148,1969 1174,1969 1200,1969 1227,1970 1253,1970 1280,1971 1280,1941 1253,1940 1227,1940 1200,1939 1174,1939 1148,1939 1121,1938 1095,1938 1069,1938 1042,1938 1016,1938 990,1938 963,1938 937,1938 911,1938 884,1938 858,1938 832,1937"/>
                <Baseline points="832,1957 858,1958 884,1958 911,1958 937,1958 963,1958 990,1958 1016,1958 1042,1958 1069,1958 1095,1958 1121,1958 1148,1959 1174,1959 1200,1959 1227,1960 1253,1960 1280,1961"/>
                <TextEquiv>
                    <Unicode>eternamente el perdon</Unicode>
                </TextEquiv>
            </TextLine>
            <TextLine id="r_5_1l14" custom="readingOrder {index:13;}">
                <Coords points="836,2011 861,2012 887,2013 913,2013 939,2014 965,2014 991,2014 1017,2013 1043,2013 1069,2013 1094,2013 1120,2012 1146,2012 1172,2013 1198,2013 1224,2014 1250,2015 1276,2016 1302,2018 1302,1987 1276,1985 1250,1984 1224,1983 1198,1982 1172,1982 1146,1981 1120,1981 1094,1982 1069,1982 1043,1982 1017,1982 991,1983 965,1983 939,1983 913,1982 887,1982 861,1981 836,1980"/>
                <Baseline points="836,2001 861,2002 887,2003 913,2003 939,2004 965,2004 991,2004 1017,2003 1043,2003 1069,2003 1094,2003 1120,2002 1146,2002 1172,2003 1198,2003 1224,2004 1250,2005 1276,2006 1302,2008"/>
                <TextEquiv>
                    <Unicode>de tus pecados tendrás,</Unicode>
                </TextEquiv>
            </TextLine>
            <TextLine id="r_5_1l15" custom="readingOrder {index:14;}">
                <Coords points="828,2056 853,2056 879,2056 904,2056 930,2056 955,2056 981,2056 1006,2056 1032,2056 1057,2056 1083,2056 1108,2056 1134,2057 1159,2057 1185,2057 1210,2058 1236,2058 1262,2059 1262,2028 1236,2027 1210,2027 1185,2026 1159,2026 1134,2026 1108,2025 1083,2025 1057,2025 1032,2025 1006,2025 981,2025 955,2025 930,2025 904,2025 879,2025 853,2025 828,2025"/>
                <Baseline points="828,2046 853,2046 879,2046 904,2046 930,2046 955,2046 981,2046 1006,2046 1032,2046 1057,2046 1083,2046 1108,2046 1134,2047 1159,2047 1185,2047 1210,2048 1236,2048 1262,2049"/>
                <TextEquiv>
                    <Unicode>no me acordaré jamás </Unicode>
                </TextEquiv>
            </TextLine>
            <TextLine id="r_5_1l16" custom="readingOrder {index:15;}">
                <Coords points="836,2099 861,2100 886,2100 911,2101 936,2101 961,2101 986,2101 1011,2101 1036,2101 1061,2100 1086,2100 1111,2100 1136,2100 1161,2101 1186,2101 1211,2103 1236,2104 1262,2105 1262,2074 1236,2073 1211,2072 1186,2070 1161,2070 1136,2069 1111,2069 1086,2069 1061,2069 1036,2070 1011,2070 986,2070 961,2070 936,2070 911,2070 886,2069 861,2069 836,2068"/>
                <Baseline points="836,2089 861,2090 886,2090 911,2091 936,2091 961,2091 986,2091 1011,2091 1036,2091 1061,2090 1086,2090 1111,2090 1136,2090 1161,2091 1186,2091 1211,2093 1236,2094 1262,2095"/>
                <TextEquiv>
                    <Unicode>de tus culpas y delitos,</Unicode>
                </TextEquiv>
            </TextLine>
            <TextLine id="r_5_1l17" custom="readingOrder {index:16;}">
                <Coords points="830,2142 855,2143 880,2144 905,2144 930,2145 956,2145 981,2145 1006,2145 1031,2144 1057,2144 1082,2144 1107,2144 1132,2144 1157,2145 1183,2145 1208,2146 1233,2147 1258,2150 1284,2151 1284,2121 1258,2120 1233,2117 1208,2116 1183,2115 1157,2115 1132,2114 1107,2114 1082,2114 1057,2114 1031,2114 1006,2115 981,2115 956,2115 930,2115 905,2114 880,2114 855,2113 830,2112"/>
                <Baseline points="830,2132 855,2133 880,2134 905,2134 930,2135 956,2135 981,2135 1006,2135 1031,2134 1057,2134 1082,2134 1107,2134 1132,2134 1157,2135 1183,2135 1208,2136 1233,2137 1258,2140 1284,2141"/>
                <TextEquiv>
                    <Unicode>y si me buscas contrito,</Unicode>
                </TextEquiv>
            </TextLine>
            <TextLine id="r_5_1l18" custom="readingOrder {index:17;}">
                <Coords points="834,2190 860,2189 886,2189 912,2188 938,2188 964,2188 990,2187 1016,2187 1043,2187 1069,2187 1095,2187 1121,2188 1147,2189 1173,2190 1199,2191 1225,2192 1252,2194 1252,2164 1225,2162 1199,2161 1173,2160 1147,2159 1121,2158 1095,2157 1069,2157 1043,2157 1016,2157 990,2157 964,2158 938,2158 912,2158 886,2159 860,2159 834,2160"/>
                <Baseline points="834,2180 860,2179 886,2179 912,2178 938,2178 964,2178 990,2177 1016,2177 1043,2177 1069,2177 1095,2177 1121,2178 1147,2179 1173,2180 1199,2181 1225,2182 1252,2184"/>
                <TextEquiv>
                    <Unicode>y sales de ese letargo,</Unicode>
                </TextEquiv>
            </TextLine>
            <TextLine id="r_5_1l19" custom="readingOrder {index:18;}">
                <Coords points="834,2234 861,2233 889,2233 917,2233 944,2232 972,2232 1000,2232 1027,2232 1055,2232 1083,2232 1111,2232 1138,2232 1166,2233 1194,2233 1221,2234 1249,2234 1277,2235 1304,2236 1332,2237 1360,2238 1388,2239 1388,2209 1360,2208 1332,2207 1304,2206 1277,2205 1249,2204 1221,2204 1194,2203 1166,2203 1138,2202 1111,2202 1083,2202 1055,2202 1027,2202 1000,2202 972,2202 944,2202 917,2203 889,2203 861,2203 834,2204"/>
                <Baseline points="834,2224 861,2223 889,2223 917,2223 944,2222 972,2222 1000,2222 1027,2222 1055,2222 1083,2222 1111,2222 1138,2222 1166,2223 1194,2223 1221,2224 1249,2224 1277,2225 1304,2226 1332,2227 1360,2228 1388,2229"/>
                <TextEquiv>
                    <Unicode>yo en mis brazos te aguardo,</Unicode>
                </TextEquiv>
            </TextLine>
            <TextLine id="r_5_1l20" custom="readingOrder {index:19;}">
                <Coords points="829,2284 855,2282 881,2281 907,2279 933,2278 959,2277 985,2277 1011,2277 1037,2277 1063,2277 1089,2277 1115,2277 1141,2278 1167,2278 1193,2279 1219,2279 1245,2280 1271,2280 1297,2280 1323,2280 1349,2279 1349,2248 1323,2249 1297,2249 1271,2249 1245,2249 1219,2248 1193,2248 1167,2247 1141,2247 1115,2246 1089,2246 1063,2246 1037,2246 1011,2246 985,2246 959,2246 933,2247 907,2248 881,2250 855,2251 829,2253"/>
                <Baseline points="829,2274 855,2272 881,2271 907,2269 933,2268 959,2267 985,2267 1011,2267 1037,2267 1063,2267 1089,2267 1115,2267 1141,2268 1167,2268 1193,2269 1219,2269 1245,2270 1271,2270 1297,2270 1323,2270 1349,2269"/>
                <TextEquiv>
                    <Unicode>y á los hombres me remito.</Unicode>
                </TextEquiv>
            </TextLine>
            <TextEquiv>
                <Unicode>Dice el Eterno Jesus
por boca de San Mateo,
por tí pecador me veo
enclavado en esta Cruz,
y si imitas á mi luz
y amantes quieres buscar,
deja, deja, de pecar,
pecador vente conmigo,
que aunque soy Juez y testigo
Rey soy para perdonar.
Si mi le y siguiendo vas
con contrito corazon,
eternamente el perdon
de tus pecados tendrás,
no me acordaré jamás 
de tus culpas y delitos,
y si me buscas contrito,
y sales de ese letargo,
yo en mis brazos te aguardo,
y á los hombres me remito.</Unicode>
            </TextEquiv>
        </TextRegion>
        <TextRegion orientation="0.0" type="paragraph" id="r_6_1" custom="readingOrder {index:5;}">
            <Coords points="127,2322 1479,2322 1479,2380 127,2380"/>
            <TextLine id="r_6_1l1" custom="readingOrder {index:0;}">
                <Coords points="133,2407 199,2407 266,2407 333,2407 399,2407 466,2407 533,2407 599,2407 666,2407 733,2407 800,2407 866,2407 933,2407 1000,2407 1066,2407 1133,2407 1200,2407 1266,2407 1333,2407 1400,2407 1467,2407 1467,2270 1400,2270 1333,2269 1266,2268 1200,2268 1133,2267 1066,2266 1000,2266 933,2265 866,2264 800,2264 733,2263 666,2263 599,2262 533,2262 466,2261 399,2261 333,2260 266,2260 199,2260 133,2259"/>
                <Baseline points="133,2359 199,2360 266,2360 333,2360 399,2361 466,2361 533,2362 599,2362 666,2363 733,2363 800,2364 866,2364 933,2365 1000,2366 1066,2366 1133,2367 1200,2368 1266,2368 1333,2369 1400,2370 1467,2370"/>
                <TextEquiv>
                    <Unicode>CARMONA—Imp. de D. José M. Moreno: calle de las Descalzas. </Unicode>
                </TextEquiv>
            </TextLine>
            <TextEquiv>
                <Unicode>CARMONA—Imp. de D. José M. Moreno: calle de las Descalzas. </Unicode>
            </TextEquiv>
        </TextRegion>
    </Page>
</PcGts>
