1765 2512
112 263 570 316 si lo hizo no me pesa,
124 321 650 378 seré contra él un bronce,
130 378 610 432 seré una sierpe atrevida
116 433 596 494 de verdinegros colores,
121 496 583 546 que vonitándo veneno
122 553 580 609 castigaré sus acciones.
132 661 777 718 Se aparecerá el Galan en la
230 721 694 774 Sala, ó teatro y dirá
343 781 566 831 la Dama.
159 891 608 947 Fementido Caballero,
114 949 790 1011 hombre falso entre los hombres,
116 1009 652 1066 saca, cobarde esa espada,
105 1071 718 1126 y aunque soy muger disponte
110 1124 590 1179 á reñir que la victoria
108 1182 588 1238 será mia no lo ignores,
112 1243 648 1297 porque siempre á la razon
111 1301 616 1353 le ayudan otras razones.
112 1360 743 1415 Gal. Detente, rara hermosura,
104 1423 704 1470 piedra imán de admiraciones,
108 1476 666 1528 vuelve el acero á la vaina,
112 1533 634 1585 oculta el dorado estoque;
103 1593 664 1641 que ya me tienen sin vida
100 1649 538 1701 tus eruditas razones.
102 1761 769 1814 Meterá su espada en la baina ir.
102 1819 770 1872 ritada del agravio, hará la Da.
95 1880 782 1933 ma que llora y el Galan le dará
200 1939 685 1988 un pañuelo, con que se
272 1997 616 2049 limpie el rostro.
96 2105 772 2157 Dam. Correrán mis ojos fuentes,
84 2163 626 2217 hasta apagar los ardores,
845 271 1403 315 que en mi generoso pecho
848 327 1492 375 arden por causa de un hombre.
856 384 1488 435 Gal. No llores, bella Princesa,
848 442 1370 492 hermosa Ninfa, no llores,
839 502 1397 547 no robes con tanto imperio
841 559 1292 604 escondidos corazones.
846 616 1388 664 Toma ese blanco lenzuelo,
847 675 1377 721 coge las perlas que corren
838 733 1381 779 por el márgen de tu rostro
842 790 1331 837 á ese Occeano de flores:
837 849 1296 895 O, éme, bella Serrana,
850 906 1394 956 templa tus ardientes voces,
848 963 1334 1011 pirata de la hermosura;
843 1018 1338 1065 de las mugeres el norte,
838 1075 1334 1121 blanco de mi esperanza,
843 1133 1362 1177 que si los hados disponen
836 1191 1430 1240 fortuna, he de ser tu esposo,
837 1246 1362 1293 á pesar de quien me oye.
834 1303 1258 1345 Dam. Tú mi esposo?
838 1357 1384 1405 Ni lo digas ni lo nombres,
836 1417 1516 1464 el que una vez me ha engañado
830 1472 1509 1523 no es bien que otra vez la logre.
828 1530 1404 1578 Mas fácil es que se muden
832 1588 1326 1637 esos empinados montes,
823 1648 1407 1695 y que tiemblen los castillos,
825 1706 1467 1756 que se estremezcan las torres,
833 1767 1359 1809 y que caigan los Planetas
828 1823 1360 1869 de esas Celestes regiones,
832 1881 1384 1928 que el sol oculte sus luces,
822 1938 1362 1987 negando sus resplandores,
823 1999 1273 2042 y tiranizando Esferas,
828 2055 1290 2101 el dia se vuelva noche;
819 2116 1287 2159 y que las olas del mar
824 2173 1380 2222 suspendan su curso móvil,
