1737 2508
224 274 782 319 y abierta la tierra en piras,
224 330 812 377 me oculte en sus panteones.
223 389 692 433 Confusa y maravillada,
218 448 728 493 llena de mil confusiones,
224 506 730 548 vengo á definir la lcausa,
218 566 810 608 que infama sus pundonores:.
220 621 738 666 Pediré al Cielo venganza,
220 680 738 724 á los Astros, á los Orbes,
216 738 692 779 á los Rios, á los Mares,
211 795 762 840 á los Riscos, á los Montes,
209 852 755 897 á los Prados, á las Selvas,
212 910 752 960 á los Mirtos, á las Flores,
215 969 682 1013 Aves, Peces, Animales,
211 1026 703 1073 en cuyas varias colores
211 1083 739 1131 vais publicando la estirpe
210 1139 732 1188 de vuestras generaciones,
212 1196 723 1244 volved por aquesta causa
209 1256 790 1303 mal dirigida de un hombre.
215 1314 755 1359 Gal. Confieso, señora mia.
213 1370 874 1420 que he errado, aquí me perdone
205 1428 651 1477 tu gallarda gentileza,
203 1487 776 1537 supuesto de que eres noble;
211 1544 671 1591 mas fácil es perdonar,
211 1603 748 1650 que seguir ciegos errores.
216 1660 762 1711 Y supuesto que eres Diosa,
208 1718 656 1764 deja varias opiniones.
207 1777 669 1822 Peregrino soy, Señora,
209 1832 793 1877 que al Cielo de vuestra córte
204 1888 606 1931 camino, y caminaré
202 1944 714 1994 ignorante, cie go y torpe,
204 2002 758 2053 hasta hallar seguro puerto,
199 2059 742 2109 y alivio en mis aflicciones.
208 2115 703 2163 Yo soy pelícano amante,
202 2174 723 2223 corta, despedaza y rompe
941 274 1432 317 mí pecho, y verás en él
947 332 1457 376 impresas mis sinrazines.
945 389 1456 433 Obliguente mis querellas,
944 447 1444 492 reprimánte mis pasiones
951 506 1450 551 ablandente mis suspiros,
951 564 1424 609 y suavisente mis voces.
952 623 1611 667 Dam, Ni me rindo á tus caricias
948 681 1545 726 ni me ablando á tus razones,
944 739 1616 783 seré un mármol, seré un bronce,
951 797 1452 841 que ni le ofenda la lima,
950 855 1477 902 ni del martillo los golpes,
940 915 1413 961 y el buríl mas acerado
938 973 1586 1014 no imprime en él sus retoques.
947 1028 1498 1075 Gal No niego, señora mia.
943 1088 1522 1133 que anduve mal por entoces,
939 1147 1504 1190 mas quien confiesa el delito
933 1205 1444 1249 razon es que se perdone.
937 1264 1566 1310 Dam. Eso para Dios se queda,
942 1321 1484 1367 ni lo dudes, ni lo ignores,
939 1381 1385 1425 y no para una muger
941 1439 1433 1482 que vitupera atenciones.
940 1495 1412 1541 Gal. No me ausentaré,
1438 1496 1576 1547 señora,
933 1554 1445 1600 de tu vista sin que logre
933 1611 1487 1658 me dés de esposa la mano
937 1669 1445 1716 sabiendo que eres noble,
934 1728 1368 1772 y con esto quedarán
938 1786 1398 1832 servidos estos señores
942 1844 1430 1890 y agradecidas las damas.
935 1902 1570 1952 que en esa alfombra de flores
928 1960 1334 2006 están para celebrar
936 2020 1500 2068 de este alarde los primores.
979 2125 1566 2173 Se darán las manos, y dirá
1168 2185 1378 2231 la Duma.
