1765 2512
863 297 1341 344 imán de los corazónes:
132 313 748 360 Mucho han podido tus ruegos
874 351 1507 401 Dom. Serás cuidadoso amante?
138 372 699 418 toma mi mano, y responde:
876 405 1513 457 Gal. Y mas amante que adonis
140 430 605 475 estimarás mis finezas?
881 467 1490 518 y en premio de ser tu esposo,
154 487 775 533 Gal. Premiaré tus pundonores.
871 526 1377 574 te consagro adoraciones.
146 544 777 591 Dam. Te parece que soy linda.
871 582 1539 632 Dam. Y en cambio de estas finezas,
146 602 801 649 Gal. Díganlo bien tus dos Soles
871 642 1453 696 ya doy prenio á tus amores,
153 663 655 709 que flecheros de Cupido,
869 699 1409 754 y alivio en tus esperanzas,
149 721 666 763 van rindiendo corazones,
875 756 1477 805 sin que haya contradicciones.
146 776 807 823 Dam. Parece que eres discreto.
877 814 1493 865 Gol. Beso tus plantas, señora,
150 835 791 881 Gal. Soy mas discreto que doce
884 873 1467 925 sacra deidad de esos bosques,
153 892 650 939 Poétas, que del Parnaso
888 931 1475 981 Venus de esos promontorios,
154 950 648 997 bebieron dulces licores.
883 986 1465 1046 y Dafne de aquestos montes
152 1006 828 1055 Dam. Y tu me has querido mucho?
888 1047 1413 1099 á quien le rinden aplauso
158 1067 748 1114 Gal. Diganlo mis atenciones
886 1104 1357 1157 los sonoros Ruiseñores
163 1124 643 1173 pues te serviré, señora,
888 1162 1335 1213 al desterrar el Aurora
167 1182 647 1228 con todas resoluciones,
889 1223 1369 1272 las ámbitos á la noche,
171 1240 630 1287 ciego sigo tus pisadas,
164 1298 656 1343 imán registro tu norte.
1143 1315 1313 1361 Juntos.
168 1354 782 1402 Dam. Quisiste bien á Liserda?
898 1405 1351 1455 Y Juan Garcia Valero
165 1414 824 1459 Gal. Jamás rondé sus balcones,
896 1459 1484 1511 de estos discretos renglones
167 1472 615 1520 que nadie pudo robar
895 1519 1425 1570 un victor pide al Senado,
172 1532 711 1575 el volcan de mis pasiones,
888 1577 1391 1631 si lo merecen sus voces.
165 1593 581 1635 sola tú, bella Diana,
816 1833 945 1910 FIN.
693 2159 1079 2203 CARMONA;—1859.
236 2200 1537 2259 Imprenta de D. José M. Moreno, calle Juan de la Cabra, núm. 4:
