1752 2480
201 1219 1617 1263 RELACION DE LA DOCTRINA CRISTIANA, EN LA QUE SE
413 1268 1406 1311 esplican los Mandamientos de la Ley de Dios.
745 1277 1067 1431 QUINTA PARTE.
197 1469 833 1507 P. La gracia con que acompañas
241 1519 705 1552 tu saber, y lo disereto
237 1564 849 1604 de tus respuestas, me obligan
242 1612 778 1650 á que de los Mandamientos
235 1660 737 1696 de la Ley de Dios te pida
234 1709 823 1745 la esplicacion. R. Agradezco
246 1756 806 1794 el buen concepto que tienes
237 1805 719 1839 dé mi limitacion hecho:
247 1853 702 1890 pregunta y responderé.
196 1902 874 1939 p. Quién impuso estos preceptos?
198 1949 680 1987 R. Cuando los Israelitas,
229 1997 685 2032 libres ya del cautiverio
234 2046 682 2081 de Faraón, caminaban
233 2093 690 2129 los dilatados deciertos
230 2141 696 2177 de la Arabia, quiso Dios
224 2188 682 2226 á darselos, detenerlos
234 2238 664 2274 junto al Monte Sinaí;
232 2287 819 2324 con tal, que ninguno de ellos
233 2336 699 2371 pudiese llegar al Monte.
227 2385 787 2422 Despues todos juntos vieron
968 1472 1500 1511 toda la cumbre del Monte
968 1522 1496 1561 llena de espantoso fuego,
979 1570 1477 1606 que por una nube espesa
970 1616 1478 1655 despedía fuertes truenos,
964 1665 1464 1702 velámpagos asombrosos,
976 1715 1498 1750 y de trompetas estruendo;
980 1762 1556 1804 y aunque no vieron á nadie,
967 1809 1424 1845 una voz todos oyeron,
971 1857 1445 1892 que terrible pronunció
976 1904 1537 1941 de la Ley los diez Preceptos:
975 1954 1530 1989 y además se les dió escritos
968 2001 1576 2037 á Moises que estaba en medio
967 2049 1466 2084 de la nube, y él los trajo
968 2098 1602 2133 en dos Tablas, donde el Pueblo
968 2145 1392 2181 estaba, y los recibió.
916 2194 1420 2229 P. Y tenia algo de nuevo
957 2241 1473 2279 esa Ley, que Dios impuso?
911 2290 1487 2326 R. Nada, porque todos ellos
966 2338 1420 2374 no contienen otra cosa,
961 2388 1549 2425 que una estension ó comento
