1752 2480
158 214 692 258 se les hará cargo de esto:
162 267 663 309 judios, moros y heréges,
153 314 785 358 no son miembros de este cuerpo
153 361 665 405 el que está descomulgado
160 410 690 452 es miembro apartado: pero
155 458 615 499 se puede volver á unir
156 506 734 549 con la Iglesia Santa; aquellos
158 555 673 597 que están en culpa mortal
156 604 783 651 son miémbros podridos, y estos
150 653 683 697 sanan, haciendo una buena
156 702 351 739 confesion.
96 750 554 792 P. Y qué entendemos
160 800 720 843 por comunion de los Santos?
96 850 694 890 R. Lo que creemos en todos
151 898 778 942 es, que hay justos en la tierra,
151 946 731 990 tambien que todos los buenos
152 995 546 1036 católicos participan
143 1042 668 1089 de las misas, de los rezos;
141 1091 672 1137 buenas obras, penitencias,
142 1139 630 1184 limosnas y sacramentos,
148 1190 706 1234 que hicieron todos los fieles,
148 1239 704 1283 que hay en todo el universo;
146 1288 715 1333 como las ramas de un árbol,
136 1336 623 1378 que particípan lo fresco
144 1385 526 1427 del jugo de la raiz,
134 1433 655 1475 ó así como todo el cuerpo
137 1483 672 1526 y sus miembros participan
133 1531 594 1570 la virtud del alimento:
140 1580 649 1621 pues todos los Fieles son
136 1627 670 1671 verdaderamente miembros
133 1675 591 1717 de la Iglesia Militante.
136 1723 759 1771 Pero has de saber que en estos
134 1773 636 1818 hay una distincion, y es
135 1824 770 1870 que aquellos que no son buenos
124 1871 578 1913 no participan del todo,
133 1921 761 1965 por ser como miembros muertos
132 1969 666 2015 si están en cuerpo mortal;
133 2019 575 2058 pero les ayuda á ellos
130 2068 554 2109 para salir de pecado,
125 2117 575 2159 y para bienes eternos.
81 2166 735 2209 P. Qué es perdonde los pecados?
825 223 1509 270 R. Es creer que hay Sacra mentos
888 275 1372 318 para remicion de culpas
875 321 1485 369 el que se halla bien dispuesto.
873 368 1366 410 Esta potestad dió Cristo
880 417 1396 460 á sus Apóstoles, de estos
885 468 1466 511 pasó á los Obispos, á quienes
872 517 1368 556 le comunican por medio
879 566 1444 608 del Orden á los que ordenan
880 614 1382 657 de Sacerdotes mas estos,
880 667 1392 706 para usarla, han de tener
875 712 1418 757 como lo manda el Derecho,
882 760 1305 799 juridicion del Obispo
875 808 1420 851 de aquella Diócesi, escepto
868 856 1380 899 en artículo de la muerte.
824 907 1394 946 P. Y qué es lo que creemos
880 955 1456 998 por resurreccion de la Carne?
823 1006 1439 1045 R. Que todos, malos y buenos
867 1054 1262 1092 hemos de resucitar
868 1102 1426 1141 en aquellos propios cuerpos
869 1149 1440 1194 con que estamos aqui haora,
864 1198 1292 1238 en aquel dia postrero
860 1246 1324 1287 en proporcionada edad
867 1295 1348 1341 y sin ningunos defectos;
867 1345 1360 1388 mas con una diferiencia,
868 1393 1446 1437 que los cuerpos de los buenos
858 1440 1298 1481 resucitarán hermosos
860 1490 1394 1532 los de los malos muy feos.
803 1541 1400 1581 P. Qué es la vida perdurabie?
806 1589 1384 1628 R. Es creer que será eterno
858 1637 1363 1681 el estado de los hombres,
862 1686 1340 1730 en llegando al paradero,
859 1735 1328 1778 despues de resucitados,
860 1782 1352 1824 ó yá de eterno tormento
851 1831 1335 1873 á los malos, ó de gloria
851 1881 1322 1924 eterna para los buenos,
856 1929 1347 1973 á la cual nos lleve Dios,
851 1979 1449 2023 en cumpliendo este destierro.
800 2026 1418 2073 P. Pues para otra vez te cito.
798 2077 1390 2120 R. Yo gustaré mucho de ello.
1093 2100 1179 2254 FIN.
