1752 2480
513 1190 1283 1269 RALACION
417 1292 1428 1376 DE LA DOCTRINA CRISTIANA
476 1430 1374 1511 EN QUE SE ESPLICA
211 1586 1645 1659 La Creacion del Mundo, el pecado de
457 1671 1393 1738 los Angeles y del hombre.
425 1827 1447 1983 CUARTA PARTE.
214 2011 888 2051 P. Dios te dé muy buenas tardes
269 2062 823 2102 y tambien muy buenos dias
277 2110 785 2147 Niño cristiano y discreto.
224 2158 727 2198 R. Y átí te guarde y dé
989 2004 1597 2045 su gracia y despues su Reyno,
940 2052 1619 2092 P. Me dirás quien hizo el Mundo?
937 2100 1502 2142 R. Dios Poderoso y Eterno
990 2154 1454 2191 de tan solo su palabra,
