1664 2432
105 184 680 221 has de huir de todo aquello,
108 230 524 267 que por oidos y ojos,
112 278 619 318 puede servir de tropiezo,
101 324 585 363 y manchar la castidad:.
104 374 625 410 lee siempre libros buenos
97 423 577 457 no Comedias nicoplillas
101 469 675 505 viciosas, que ese es un fuego
107 516 568 554 que consume la virtud:
95 563 606 602 es tambien seguro medio
102 613 590 650 ser muy especial devoto
99 661 614 701 de la Reina de los Cielos,
101 712 530 747 pidiendole su pureza:
99 758 645 794 frecuentar los Sacramentos
93 805 634 842 dignamente, y verás como
99 853 570 891 te libras del cautiverio
99 904 545 942 de la maldita torpeza,
96 951 630 990 que es un pecado muy feo.
43 999 558 1036 P. Del sétimo quiero oir
94 1048 390 1086 la esplicacion.
40 1094 395 1133 R. Dice el Testo
88 1146 540 1184 del sétimo no hurtar;
88 1194 570 1232 esto es tomar lo ageno,
95 1243 681 1277 ó por fuerzas, ó á escondidas
85 1290 609 1325 sin voluntad de su dneño.
31 1338 720 1374 P. Que debo hacer con lo hurtado?
40 1387 662 1423 R. Restituirlo. P. Y yo puedo
83 1435 585 1471 hacerme pago, si alguno
80 1483 682 1520 me es deudor de algun dinero,
90 1531 580 1568 y no me lo paga? R. No.
28 1579 556 1616 P. Y si yo á alguno debo,
81 1629 621 1670 y tengocon que y no pago,
85 1676 666 1714 pecaré? R. Si. P. Y si tengo
86 1723 520 1760 oficio que no sé bien,
89 1771 628 1807 ó aunque lo sepa no quiero
74 1820 590 1857 hacerlo bien, y ocasiono
79 1867 536 1906 algun perjuicio, peco?
34 1916 672 1956 R. Sí, gravemente. P. Y podré
84 1964 575 2003 si la dán por poco precio
81 2013 698 2052 comprar cosa hurtada? R. No,
78 2059 648 2102 que es pecado, P. Ya deseo
837 178 1286 215 oir el octavo. R. Este
834 228 1377 262 nos manda, no levantemos
831 274 1286 311 al prógimo testimonio;
828 322 1279 359 falso, ni calumniemos
836 370 1366 409 por hacerle mal. Tambien
844 419 1370 457 prohibe que murmuremos,
835 467 1344 507 ó publiquemos sus faltas,
823 515 1340 554 si estas están en secreto,
835 564 1392 602 mucho mas si son mentira.
833 611 1378 648 Tambien este Mandamiento
830 660 1394 698 prohibe enredos y chismes,
836 708 1462 745 pues discordias nacen de ellos.
823 755 1376 792 Tambien el decir mentiras
829 802 1352 841 es pecado, pues debemos
831 850 1334 888 decir siempre la verdad.
768 899 1395 938 P Dí el Mandamiento noveno.
765 949 1213 987 R. Este es nó desear
827 996 1341 1036 los placeres deshonestos.
827 1045 1454 1084 Contra él peca el que propone
830 1092 1372 1130 (siendo ilícito) el tenerlos,
815 1141 1386 1178 aunque despues no lo haga,
824 1190 1440 1228 y el que adrede piensa en ello
824 1236 1310 1279 por juguete ó diversion,
815 1284 1265 1326 sin propósito hacerlo.
768 1335 1457 1375 P. Dí el décimo, R. Este prohibe
815 1383 1297 1421 codiciar bienes agenos.
767 1431 1423 1470 P. Pues por qué se nos prohibe
819 1476 1292 1518 tener un simple deseo?
764 1526 1414 1566 R. Porque de el proceden todos
812 1573 1309 1615 los pecados, lo que creo
813 1623 1212 1662 es fásil de conocer.
757 1670 1405 1710 P Quedo, hermano, satisfecho
811 1721 1217 1759 tanto de tu caridad,
816 1769 1330 1804 como de tu buen ingenio,
815 1815 1250 1854 y fiado en la merced,
807 1861 1303 1903 que me haces, apetezco
809 1913 1260 1950 oir mas esplicaciones.
762 1961 1399 1999 R. Siempre pronto á tus deseos
813 2010 1190 2047 y mandatos estaré.
762 2058 1299 2096 P. Dios te dé feliz suceso.
675 2102 795 2256 FIN.
