<?xml version="1.0" encoding="UTF-8" standalone="yes"?>
<PcGts xmlns="http://schema.primaresearch.org/PAGE/gts/pagecontent/2013-07-15" xmlns:xsi="http://www.w3.org/2001/XMLSchema-instance" xsi:schemaLocation="http://schema.primaresearch.org/PAGE/gts/pagecontent/2013-07-15 http://schema.primaresearch.org/PAGE/gts/pagecontent/2013-07-15/pagecontent.xsd">
    <Metadata>
        <Creator>prov=University of Rostock/Institute of Mathematics/CITlab|PLANET AI GmbH/Gundram Leifert/gundram.leifert@planet-ai.de:name=Pliegos de Cordel (XIXe) - v4(htr_id=27283)::::v=2.6.7
prov=University of Rostock/Institute of Mathematics/CITlab|PLANET AI GmbH/Tobias Gruening/tobias.gruening@planet-ai.de:name=de.uros.citlab.module.baseline2polygon.B2PSeamMultiOriented:v=2.6.7
prov=University of Rostock/Institute of Mathematics/CITlab|PLANET AI GmbH/Tobias Gruening/tobias.gruening@planet-ai.de:name=/net_tf/LA73_249_0mod360.pb:de.uros.citlab.segmentation.CITlab_LA_ML:v=2.6.7
Transkribus</Creator>
        <Created>2020-12-04T14:17:23.735+01:00</Created>
        <LastChange>2020-12-18T14:59:16.951+01:00</LastChange>
        <Comments>
                Measurement unit: pixel
                PrimaryLanguage: 
                Producer: Transkribus
            </Comments>
        <TranskribusMetadata docId="525392" pageId="22319393" pageNr="76" tsid="50432437" status="DONE" userId="66244" imgUrl="https://files.transkribus.eu/Get?id=CHWXCMHBNVZIQRDSCUDUTRQP&amp;fileType=view" xmlUrl="https://files.transkribus.eu/Get?id=RHJOYTCQRCYEVKPAXCQRJHKE" imageId="17388908"/>
    </Metadata>
    <Page imageFilename="Moreno_277_28.jpeg" imageWidth="1752" imageHeight="2480">
        <PrintSpace>
            <Coords points="71,0 1751,0 1751,2333 71,2333"/>
        </PrintSpace>
        <ReadingOrder>
            <OrderedGroup id="ro_1608304705284" caption="Regions reading order">
                <RegionRefIndexed index="0" regionRef="r_1_1"/>
                <RegionRefIndexed index="1" regionRef="r_2_1"/>
                <RegionRefIndexed index="2" regionRef="region_1607089577421_4129"/>
            </OrderedGroup>
        </ReadingOrder>
        <TextRegion orientation="0.0" type="paragraph" id="r_1_1" custom="readingOrder {index:0;}">
            <Coords points="71,181 776,181 776,1503 71,1503"/>
            <TextLine id="r_1_1l1" custom="readingOrder {index:0;}">
                <Coords points="155,229 181,231 207,232 233,233 259,234 285,234 311,235 337,235 363,236 390,236 416,236 442,236 468,237 494,237 520,237 546,238 572,238 599,239 599,205 572,204 546,204 520,203 494,203 468,203 442,202 416,202 390,202 363,202 337,201 311,201 285,200 259,200 233,199 207,198 181,197 155,195"/>
                <Baseline points="155,218 181,220 207,221 233,222 259,223 285,223 311,224 337,224 363,225 390,225 416,225 442,225 468,226 494,226 520,226 546,227 572,227 599,228"/>
                <TextEquiv>
                    <Unicode>María, que del Eterno</Unicode>
                </TextEquiv>
            </TextLine>
            <TextLine id="r_1_1l2" custom="readingOrder {index:1;}">
                <Coords points="156,278 185,279 214,280 243,281 273,281 302,282 331,282 361,283 390,283 419,284 449,284 478,284 507,285 536,285 566,285 595,286 624,287 654,288 683,289 712,291 742,292 742,258 712,257 683,255 654,254 624,253 595,252 566,251 536,251 507,251 478,250 449,250 419,250 390,249 361,249 331,248 302,248 273,247 243,247 214,246 185,245 156,244"/>
                <Baseline points="156,267 185,268 214,269 243,270 273,270 302,271 331,271 361,272 390,272 419,273 449,273 478,273 507,274 536,274 566,274 595,275 624,276 654,277 683,278 712,280 742,281"/>
                <TextEquiv>
                    <Unicode>Dios eres Madre, haz Señora,</Unicode>
                </TextEquiv>
            </TextLine>
            <TextLine id="r_1_1l3" custom="readingOrder {index:2;}">
                <Coords points="160,326 187,327 214,328 241,329 268,329 295,330 322,330 350,330 377,331 404,331 431,331 458,331 485,332 512,332 540,332 567,333 594,333 621,334 648,335 675,336 703,338 703,304 675,302 648,301 621,300 594,299 567,299 540,298 512,298 485,298 458,297 431,297 404,297 377,297 350,296 322,296 295,296 268,295 241,295 214,294 187,293 160,292"/>
                <Baseline points="160,315 187,316 214,317 241,318 268,318 295,319 322,319 350,319 377,320 404,320 431,320 458,320 485,321 512,321 540,321 567,322 594,322 621,323 648,324 675,325 703,327"/>
                <TextEquiv>
                    <Unicode>que prósperos navegüemos</Unicode>
                </TextEquiv>
            </TextLine>
            <TextLine id="r_1_1l4" custom="readingOrder {index:3;}">
                <Coords points="156,374 182,375 208,376 235,377 261,378 287,378 314,379 340,379 366,379 393,379 419,379 445,379 472,379 498,379 524,380 551,380 577,381 603,383 630,384 656,386 683,389 683,355 656,352 630,350 603,349 577,347 551,346 524,346 498,345 472,345 445,345 419,345 393,345 366,345 340,345 314,345 287,344 261,344 235,343 208,342 182,341 156,340"/>
                <Baseline points="156,363 182,364 208,365 235,366 261,367 287,367 314,368 340,368 366,368 393,368 419,368 445,368 472,368 498,368 524,369 551,369 577,370 603,372 630,373 656,375 683,378"/>
                <TextEquiv>
                    <Unicode>las borrascas de esta vida,</Unicode>
                </TextEquiv>
            </TextLine>
            <TextLine id="r_1_1l5" custom="readingOrder {index:4;}">
                <Coords points="155,423 180,424 206,424 231,425 257,426 283,426 308,426 334,427 360,427 385,427 411,427 436,428 462,428 488,428 513,429 539,429 565,429 590,430 616,431 642,432 642,398 616,397 590,396 565,395 539,395 513,395 488,394 462,394 436,394 411,393 385,393 360,393 334,393 308,392 283,392 257,392 231,391 206,390 180,390 155,389"/>
                <Baseline points="155,412 180,413 206,413 231,414 257,415 283,415 308,415 334,416 360,416 385,416 411,416 436,417 462,417 488,417 513,418 539,418 565,418 590,419 616,420 642,421"/>
                <TextEquiv>
                    <Unicode>y que felices lleguemos</Unicode>
                </TextEquiv>
            </TextLine>
            <TextLine id="r_1_1l6" custom="readingOrder {index:5;}">
                <Coords points="143,471 171,471 199,472 228,473 256,473 284,474 313,474 341,474 369,475 398,475 426,475 455,476 483,476 511,477 540,477 568,478 596,479 625,480 653,482 682,483 682,450 653,449 625,447 596,446 568,445 540,444 511,444 483,443 455,443 426,442 398,442 369,442 341,441 313,441 284,441 256,440 228,440 199,439 171,438 143,438"/>
                <Baseline points="143,460 171,460 199,461 228,462 256,462 284,463 313,463 341,463 369,464 398,464 426,464 455,465 483,465 511,466 540,466 568,467 596,468 625,469 653,471 682,472"/>
                <TextEquiv>
                    <Unicode>á el término de ella: ahora,</Unicode>
                </TextEquiv>
            </TextLine>
            <TextLine id="r_1_1l7" custom="readingOrder {index:6;}">
                <Coords points="143,519 168,519 194,520 220,521 246,521 272,522 298,522 323,523 349,523 375,523 401,524 427,524 453,524 479,525 504,525 530,526 556,526 582,527 608,527 634,528 660,528 660,495 634,495 608,494 582,494 556,493 530,493 504,492 479,492 453,491 427,491 401,491 375,490 349,490 323,490 298,489 272,489 246,488 220,488 194,487 168,486 143,486"/>
                <Baseline points="143,508 168,508 194,509 220,510 246,510 272,511 298,511 323,512 349,512 375,512 401,513 427,513 453,513 479,514 504,514 530,515 556,515 582,516 608,516 634,517 660,517"/>
                <TextEquiv>
                    <Unicode>ó Madre, esperimentemos</Unicode>
                </TextEquiv>
            </TextLine>
            <TextLine id="r_1_1l8" custom="readingOrder {index:7;}">
                <Coords points="148,566 174,567 200,568 226,569 252,570 278,570 304,571 330,571 356,572 382,572 408,572 434,572 460,572 486,573 512,573 538,573 564,574 590,574 616,575 616,541 590,540 564,540 538,539 512,539 486,539 460,538 434,538 408,538 382,538 356,538 330,537 304,537 278,536 252,536 226,535 200,534 174,533 148,532"/>
                <Baseline points="148,555 174,556 200,557 226,558 252,559 278,559 304,560 330,560 356,561 382,561 408,561 434,561 460,561 486,562 512,562 538,562 564,563 590,563 616,564"/>
                <TextEquiv>
                    <Unicode>tu favor, tu patrocinio</Unicode>
                </TextEquiv>
            </TextLine>
            <TextLine id="r_1_1l9" custom="readingOrder {index:8;}">
                <Coords points="146,614 171,616 197,618 223,619 248,619 274,620 300,620 326,620 351,620 377,620 403,620 429,620 454,621 480,621 506,621 532,622 557,622 583,623 609,625 635,627 635,593 609,591 583,589 557,588 532,588 506,587 480,587 454,587 429,586 403,586 377,586 351,586 326,586 300,586 274,586 248,585 223,585 197,584 171,582 146,580"/>
                <Baseline points="146,603 171,605 197,607 223,608 248,608 274,609 300,609 326,609 351,609 377,609 403,609 429,609 454,610 480,610 506,610 532,611 557,611 583,612 609,614 635,616"/>
                <TextEquiv>
                    <Unicode>y tu amparo, rebatíendo</Unicode>
                </TextEquiv>
            </TextLine>
            <TextLine id="r_1_1l10" custom="readingOrder {index:9;}">
                <Coords points="147,663 172,664 198,665 224,666 250,667 276,667 302,668 328,668 354,668 380,668 406,668 432,668 458,668 484,668 510,669 536,669 562,670 588,672 614,673 640,675 640,642 614,640 588,639 562,637 536,636 510,636 484,635 458,635 432,635 406,635 380,635 354,635 328,635 302,635 276,634 250,634 224,633 198,632 172,631 147,630"/>
                <Baseline points="147,652 172,653 198,654 224,655 250,656 276,656 302,657 328,657 354,657 380,657 406,657 432,657 458,657 484,657 510,658 536,658 562,659 588,661 614,662 640,664"/>
                <TextEquiv>
                    <Unicode>los asaltos del Demonio;</Unicode>
                </TextEquiv>
            </TextLine>
            <TextLine id="r_1_1l11" custom="readingOrder {index:10;}">
                <Coords points="149,710 175,712 202,713 229,714 256,715 282,715 309,716 336,717 363,717 389,717 416,718 443,718 470,718 496,718 523,719 550,719 577,719 603,720 630,720 657,721 684,722 684,689 657,688 630,687 603,687 577,686 550,686 523,686 496,685 470,685 443,685 416,685 389,684 363,684 336,684 309,683 282,682 256,682 229,681 202,680 175,679 149,677"/>
                <Baseline points="149,699 175,701 202,702 229,703 256,704 282,704 309,705 336,706 363,706 389,706 416,707 443,707 470,707 496,707 523,708 550,708 577,708 603,709 630,709 657,710 684,711"/>
                <TextEquiv>
                    <Unicode>y en aquel lance tremendo</Unicode>
                </TextEquiv>
            </TextLine>
            <TextLine id="r_1_1l12" custom="readingOrder {index:11;}">
                <Coords points="144,760 173,761 203,762 233,763 263,763 293,764 322,764 352,765 382,765 412,766 442,766 471,766 501,766 531,767 561,767 591,768 620,769 650,769 680,770 710,772 740,773 740,739 710,738 680,736 650,735 620,735 591,734 561,733 531,733 501,732 471,732 442,732 412,732 382,731 352,731 322,730 293,730 263,729 233,729 203,728 173,727 144,726"/>
                <Baseline points="144,749 173,750 203,751 233,752 263,752 293,753 322,753 352,754 382,754 412,755 442,755 471,755 501,755 531,756 561,756 591,757 620,758 650,758 680,759 710,761 740,762"/>
                <TextEquiv>
                    <Unicode>de la muerte, dadnos, Virgen</Unicode>
                </TextEquiv>
            </TextLine>
            <TextLine id="r_1_1l13" custom="readingOrder {index:12;}">
                <Coords points="136,808 165,810 195,811 225,811 255,812 285,813 315,813 345,813 375,813 405,814 435,814 464,814 494,814 524,815 554,815 584,816 614,817 644,818 674,820 704,822 734,824 734,790 704,788 674,786 644,784 614,783 584,782 554,781 524,781 494,780 464,780 435,780 405,780 375,779 345,779 315,779 285,779 255,778 225,777 195,777 165,776 136,774"/>
                <Baseline points="136,797 165,799 195,800 225,800 255,801 285,802 315,802 345,802 375,802 405,803 435,803 464,803 494,803 524,804 554,804 584,805 614,806 644,807 674,809 704,811 734,813"/>
                <TextEquiv>
                    <Unicode>tu luz, tu amparo y consuelo;</Unicode>
                </TextEquiv>
            </TextLine>
            <TextLine id="r_1_1l14" custom="readingOrder {index:13;}">
                <Coords points="137,857 165,858 193,859 222,860 250,860 279,861 307,861 336,861 364,861 393,862 421,862 449,862 478,862 506,863 535,863 563,864 592,865 620,866 649,867 677,868 706,870 706,837 677,835 649,834 620,833 592,832 563,831 535,830 506,830 478,829 449,829 421,829 393,829 364,828 336,828 307,828 279,828 250,827 222,827 193,826 165,825 137,824"/>
                <Baseline points="137,846 165,847 193,848 222,849 250,849 279,850 307,850 336,850 364,850 393,851 421,851 449,851 478,851 506,852 535,852 563,853 592,854 620,855 649,856 677,857 706,859"/>
                <TextEquiv>
                    <Unicode>y en fin ruega por nosotros,</Unicode>
                </TextEquiv>
            </TextLine>
            <TextLine id="r_1_1l15" custom="readingOrder {index:14;}">
                <Coords points="138,905 166,906 195,907 223,908 252,909 281,909 309,910 338,910 367,910 395,910 424,911 453,911 481,911 510,912 539,912 567,912 596,913 625,914 653,914 682,915 711,916 711,882 682,881 653,880 625,880 596,879 567,878 539,878 510,878 481,877 453,877 424,877 395,876 367,876 338,876 309,876 281,875 252,875 223,874 195,873 166,872 138,871"/>
                <Baseline points="138,894 166,895 195,896 223,897 252,898 281,898 309,899 338,899 367,899 395,899 424,900 453,900 481,900 510,901 539,901 567,901 596,902 625,903 653,903 682,904 711,905"/>
                <TextEquiv>
                    <Unicode>Virgen pura en todo tiempo.</Unicode>
                </TextEquiv>
            </TextLine>
            <TextLine id="r_1_1l16" custom="readingOrder {index:15;}">
                <Coords points="89,955 122,955 155,955 189,956 222,956 256,957 289,957 323,957 356,958 390,958 423,959 456,959 490,960 523,961 557,962 590,962 624,963 657,964 691,965 724,966 758,967 758,936 724,935 691,934 657,933 624,932 590,931 557,931 523,930 490,929 456,928 423,928 390,927 356,927 323,926 289,926 256,926 222,925 189,925 155,924 122,924 89,924"/>
                <Baseline points="89,945 122,945 155,945 189,946 222,946 256,947 289,947 323,947 356,948 390,948 423,949 456,949 490,950 523,951 557,952 590,952 624,953 657,954 691,955 724,956 758,957"/>
                <TextEquiv>
                    <Unicode>P. Cierto que estoy muy gustoso,</Unicode>
                </TextEquiv>
            </TextLine>
            <TextLine id="r_1_1l17" custom="readingOrder {index:16;}">
                <Coords points="139,1007 168,1006 197,1005 227,1004 256,1004 286,1004 315,1004 345,1005 374,1005 404,1006 433,1007 462,1008 492,1008 521,1009 551,1010 580,1011 610,1011 639,1011 669,1011 698,1011 728,1010 728,979 698,980 669,980 639,980 610,980 580,980 551,979 521,978 492,977 462,977 433,976 404,975 374,974 345,974 315,973 286,973 256,973 227,973 197,974 168,975 139,976"/>
                <Baseline points="139,997 168,996 197,995 227,994 256,994 286,994 315,994 345,995 374,995 404,996 433,997 462,998 492,998 521,999 551,1000 580,1001 610,1001 639,1001 669,1001 698,1001 728,1000"/>
                <TextEquiv>
                    <Unicode>y me has dado gran consuelo</Unicode>
                </TextEquiv>
            </TextLine>
            <TextLine id="r_1_1l18" custom="readingOrder {index:17;}">
                <Coords points="131,1050 157,1051 183,1052 209,1053 236,1053 262,1053 288,1053 315,1053 341,1053 367,1053 393,1053 420,1054 446,1054 472,1055 499,1056 525,1057 551,1059 578,1061 578,1030 551,1028 525,1026 499,1025 472,1024 446,1023 420,1023 393,1022 367,1022 341,1022 315,1022 288,1022 262,1022 236,1022 209,1022 183,1021 157,1020 131,1019"/>
                <Baseline points="131,1040 157,1041 183,1042 209,1043 236,1043 262,1043 288,1043 315,1043 341,1043 367,1043 393,1043 420,1044 446,1044 472,1045 499,1046 525,1047 551,1049 578,1051"/>
                <TextEquiv>
                    <Unicode>oyendo el Ave María,</Unicode>
                </TextEquiv>
            </TextLine>
            <TextLine id="r_1_1l19" custom="readingOrder {index:18;}">
                <Coords points="135,1101 161,1101 188,1101 214,1101 241,1101 267,1102 294,1102 320,1102 347,1103 373,1103 400,1104 427,1104 453,1105 480,1106 506,1106 533,1107 559,1107 586,1108 612,1108 639,1109 666,1110 666,1076 639,1075 612,1074 586,1074 559,1073 533,1073 506,1072 480,1072 453,1071 427,1070 400,1070 373,1069 347,1069 320,1068 294,1068 267,1068 241,1067 214,1067 188,1067 161,1067 135,1067"/>
                <Baseline points="135,1090 161,1090 188,1090 214,1090 241,1090 267,1091 294,1091 320,1091 347,1092 373,1092 400,1093 427,1093 453,1094 480,1095 506,1095 533,1096 559,1096 586,1097 612,1097 639,1098 666,1099"/>
                <TextEquiv>
                    <Unicode>con los afectos tan tiernos</Unicode>
                </TextEquiv>
            </TextLine>
            <TextLine id="r_1_1l20" custom="readingOrder {index:19;}">
                <Coords points="133,1147 158,1148 184,1148 210,1148 236,1149 262,1149 288,1150 314,1150 340,1151 366,1151 392,1152 418,1152 444,1153 470,1154 496,1155 522,1155 548,1156 574,1157 600,1158 626,1159 626,1125 600,1124 574,1123 548,1122 522,1121 496,1121 470,1120 444,1119 418,1118 392,1118 366,1117 340,1117 314,1116 288,1116 262,1115 236,1115 210,1114 184,1114 158,1114 133,1113"/>
                <Baseline points="133,1136 158,1137 184,1137 210,1137 236,1138 262,1138 288,1139 314,1139 340,1140 366,1140 392,1141 418,1141 444,1142 470,1143 496,1144 522,1144 548,1145 574,1146 600,1147 626,1148"/>
                <TextEquiv>
                    <Unicode>vaya la última pregunta.</Unicode>
                </TextEquiv>
            </TextLine>
            <TextLine id="r_1_1l21" custom="readingOrder {index:20;}">
                <Coords points="127,1197 153,1197 179,1198 205,1198 232,1198 258,1199 284,1199 310,1199 337,1200 363,1200 389,1200 415,1201 442,1201 468,1202 494,1202 520,1202 547,1203 573,1204 599,1205 626,1206 626,1172 599,1171 573,1170 547,1169 520,1168 494,1168 468,1168 442,1167 415,1167 389,1166 363,1166 337,1166 310,1165 284,1165 258,1165 232,1164 205,1164 179,1164 153,1163 127,1163"/>
                <Baseline points="127,1186 153,1186 179,1187 205,1187 232,1187 258,1188 284,1188 310,1188 337,1189 363,1189 389,1189 415,1190 442,1190 468,1191 494,1191 520,1191 547,1192 573,1193 599,1194 626,1195"/>
                <TextEquiv>
                    <Unicode>Sabes tú, si hallarémos</Unicode>
                </TextEquiv>
            </TextLine>
            <TextLine id="r_1_1l22" custom="readingOrder {index:21;}">
                <Coords points="135,1245 161,1246 187,1246 214,1246 240,1247 266,1247 293,1248 319,1248 345,1248 372,1248 398,1249 424,1249 451,1250 477,1250 503,1251 530,1251 556,1252 582,1252 609,1253 609,1219 582,1218 556,1218 530,1217 503,1217 477,1216 451,1216 424,1215 398,1215 372,1214 345,1214 319,1214 293,1214 266,1213 240,1213 214,1212 187,1212 161,1212 135,1211"/>
                <Baseline points="135,1234 161,1235 187,1235 214,1235 240,1236 266,1236 293,1237 319,1237 345,1237 372,1237 398,1238 424,1238 451,1239 477,1239 503,1240 530,1240 556,1241 582,1241 609,1242"/>
                <TextEquiv>
                    <Unicode>Oracion mas escelente?</Unicode>
                </TextEquiv>
            </TextLine>
            <TextLine id="r_1_1l23" custom="readingOrder {index:22;}">
                <Coords points="127,1295 153,1295 179,1295 205,1295 232,1295 258,1295 284,1296 310,1296 337,1296 363,1297 389,1297 415,1297 442,1298 468,1298 494,1299 520,1299 547,1300 573,1301 599,1302 625,1303 652,1303 652,1269 625,1269 599,1268 573,1267 547,1266 520,1265 494,1265 468,1264 442,1264 415,1263 389,1263 363,1263 337,1262 310,1262 284,1262 258,1261 232,1261 205,1261 179,1261 153,1261 127,1261"/>
                <Baseline points="127,1284 153,1284 179,1284 205,1284 232,1284 258,1284 284,1285 310,1285 337,1285 363,1286 389,1286 415,1286 442,1287 468,1287 494,1288 520,1288 547,1289 573,1290 599,1291 625,1292 652,1292"/>
                <TextEquiv>
                    <Unicode>Y si acaso es de precepto</Unicode>
                </TextEquiv>
            </TextLine>
            <TextLine id="r_1_1l24" custom="readingOrder {index:23;}">
                <Coords points="123,1343 149,1343 175,1343 201,1344 227,1344 254,1344 280,1344 306,1345 332,1345 359,1345 385,1346 411,1346 437,1346 464,1347 490,1347 516,1348 542,1348 569,1349 569,1315 542,1314 516,1314 490,1313 464,1313 437,1312 411,1312 385,1312 359,1311 332,1311 306,1311 280,1310 254,1310 227,1310 201,1310 175,1309 149,1309 123,1309"/>
                <Baseline points="123,1332 149,1332 175,1332 201,1333 227,1333 254,1333 280,1333 306,1334 332,1334 359,1334 385,1335 411,1335 437,1335 464,1336 490,1336 516,1337 542,1337 569,1338"/>
                <TextEquiv>
                    <Unicode>el saber esta Oracion?</Unicode>
                </TextEquiv>
            </TextLine>
            <TextLine id="r_1_1l25" custom="readingOrder {index:24;}">
                <Coords points="75,1392 109,1392 143,1393 178,1393 212,1393 247,1394 281,1394 316,1394 350,1395 385,1395 419,1396 453,1396 488,1397 522,1397 557,1397 591,1398 626,1399 660,1399 695,1400 729,1401 764,1402 764,1368 729,1367 695,1366 660,1365 626,1365 591,1364 557,1363 522,1363 488,1363 453,1362 419,1362 385,1361 350,1361 316,1360 281,1360 247,1360 212,1359 178,1359 143,1359 109,1358 75,1358"/>
                <Baseline points="75,1381 109,1381 143,1382 178,1382 212,1382 247,1383 281,1383 316,1383 350,1384 385,1384 419,1385 453,1385 488,1386 522,1386 557,1386 591,1387 626,1388 660,1388 695,1389 729,1390 764,1391"/>
                <TextEquiv>
                    <Unicode>R. A dos preguntas que has hecho</Unicode>
                </TextEquiv>
            </TextLine>
            <TextLine id="r_1_1l26" custom="readingOrder {index:25;}">
                <Coords points="122,1440 149,1441 176,1441 203,1442 231,1442 258,1443 285,1443 313,1443 340,1443 367,1443 395,1444 422,1444 449,1444 477,1444 504,1445 531,1445 559,1446 586,1446 613,1447 641,1449 641,1416 613,1414 586,1413 559,1413 531,1412 504,1412 477,1411 449,1411 422,1411 395,1411 367,1410 340,1410 313,1410 285,1410 258,1410 231,1409 203,1409 176,1408 149,1408 122,1407"/>
                <Baseline points="122,1429 149,1430 176,1430 203,1431 231,1431 258,1432 285,1432 313,1432 340,1432 367,1432 395,1433 422,1433 449,1433 477,1433 504,1434 531,1434 559,1435 586,1435 613,1436 641,1438"/>
                <TextEquiv>
                    <Unicode>te respondo por su órden:</Unicode>
                </TextEquiv>
            </TextLine>
            <TextLine id="r_1_1l27" custom="readingOrder {index:26;}">
                <Coords points="113,1488 139,1488 166,1489 192,1490 219,1491 246,1492 272,1492 299,1493 325,1493 352,1493 379,1494 405,1494 432,1494 458,1494 485,1494 512,1494 538,1495 565,1495 591,1495 618,1495 645,1495 645,1461 618,1461 591,1461 565,1461 538,1461 512,1460 485,1460 458,1460 432,1460 405,1460 379,1460 352,1459 325,1459 299,1459 272,1458 246,1458 219,1457 192,1456 166,1455 139,1454 113,1454"/>
                <Baseline points="113,1477 139,1477 166,1478 192,1479 219,1480 246,1481 272,1481 299,1482 325,1482 352,1482 379,1483 405,1483 432,1483 458,1483 485,1483 512,1483 538,1484 565,1484 591,1484 618,1484 645,1484"/>
                <TextEquiv>
                    <Unicode>á la primera no encuentro</Unicode>
                </TextEquiv>
            </TextLine>
            <TextEquiv>
                <Unicode>María, que del Eterno
Dios eres Madre, haz Señora,
que prósperos navegüemos
las borrascas de esta vida,
y que felices lleguemos
á el término de ella: ahora,
ó Madre, esperimentemos
tu favor, tu patrocinio
y tu amparo, rebatíendo
los asaltos del Demonio;
y en aquel lance tremendo
de la muerte, dadnos, Virgen
tu luz, tu amparo y consuelo;
y en fin ruega por nosotros,
Virgen pura en todo tiempo.
P. Cierto que estoy muy gustoso,
y me has dado gran consuelo
oyendo el Ave María,
con los afectos tan tiernos
vaya la última pregunta.
Sabes tú, si hallarémos
Oracion mas escelente?
Y si acaso es de precepto
el saber esta Oracion?
R. A dos preguntas que has hecho
te respondo por su órden:
á la primera no encuentro</Unicode>
            </TextEquiv>
        </TextRegion>
        <TextRegion orientation="0.0" type="paragraph" id="r_2_1" custom="readingOrder {index:1;}">
            <Coords points="797,189 1471,189 1471,1503 797,1503"/>
            <TextLine id="r_2_1l1" custom="readingOrder {index:0;}">
                <Coords points="880,243 905,243 930,243 955,243 980,242 1005,242 1030,242 1055,242 1081,243 1106,243 1131,243 1156,244 1181,244 1206,245 1231,245 1256,246 1282,247 1282,213 1256,212 1231,211 1206,211 1181,210 1156,210 1131,209 1106,209 1081,209 1055,208 1030,208 1005,208 980,208 955,209 930,209 905,209 880,209"/>
                <Baseline points="880,232 905,232 930,232 955,232 980,231 1005,231 1030,231 1055,231 1081,232 1106,232 1131,232 1156,233 1181,233 1206,234 1231,234 1256,235 1282,236"/>
                <TextEquiv>
                    <Unicode>Oracion mas eficaz.</Unicode>
                </TextEquiv>
            </TextLine>
            <TextLine id="r_2_1l2" custom="readingOrder {index:1;}">
                <Coords points="875,289 903,290 931,290 959,290 988,291 1016,291 1044,291 1072,291 1101,292 1129,292 1157,292 1185,292 1214,293 1242,293 1270,293 1298,294 1327,294 1355,294 1383,295 1411,295 1440,296 1440,262 1411,261 1383,261 1355,260 1327,260 1298,260 1270,259 1242,259 1214,259 1185,258 1157,258 1129,258 1101,258 1072,257 1044,257 1016,257 988,257 959,256 931,256 903,256 875,255"/>
                <Baseline points="875,278 903,279 931,279 959,279 988,280 1016,280 1044,280 1072,280 1101,281 1129,281 1157,281 1185,281 1214,282 1242,282 1270,282 1298,283 1327,283 1355,283 1383,284 1411,284 1440,285"/>
                <TextEquiv>
                    <Unicode>de las que ofrecer podemos</Unicode>
                </TextEquiv>
            </TextLine>
            <TextLine id="r_2_1l3" custom="readingOrder {index:2;}">
                <Coords points="875,337 902,337 929,337 956,337 984,338 1011,338 1038,338 1065,338 1093,339 1120,339 1147,340 1174,340 1202,340 1229,341 1256,341 1283,342 1311,342 1338,342 1365,343 1392,343 1420,343 1420,309 1392,309 1365,309 1338,308 1311,308 1283,308 1256,307 1229,307 1202,306 1174,306 1147,306 1120,305 1093,305 1065,304 1038,304 1011,304 984,304 956,303 929,303 902,303 875,303"/>
                <Baseline points="875,326 902,326 929,326 956,326 984,327 1011,327 1038,327 1065,327 1093,328 1120,328 1147,329 1174,329 1202,329 1229,330 1256,330 1283,331 1311,331 1338,331 1365,332 1392,332 1420,332"/>
                <TextEquiv>
                    <Unicode>á los Santos y á la Virgen,</Unicode>
                </TextEquiv>
            </TextLine>
            <TextLine id="r_2_1l4" custom="readingOrder {index:3;}">
                <Coords points="884,386 912,386 940,387 969,387 997,387 1026,388 1054,388 1082,388 1111,388 1139,388 1168,388 1196,388 1224,388 1253,388 1281,389 1310,389 1338,390 1366,390 1395,391 1423,392 1452,394 1452,360 1423,358 1395,357 1366,356 1338,356 1310,355 1281,355 1253,354 1224,354 1196,354 1168,354 1139,354 1111,354 1082,354 1054,354 1026,354 997,353 969,353 940,353 912,352 884,352"/>
                <Baseline points="884,375 912,375 940,376 969,376 997,376 1026,377 1054,377 1082,377 1111,377 1139,377 1168,377 1196,377 1224,377 1253,377 1281,378 1310,378 1338,379 1366,379 1395,380 1423,381 1452,383"/>
                <TextEquiv>
                    <Unicode>que es reina de todos ellos,</Unicode>
                </TextEquiv>
            </TextLine>
            <TextLine id="r_2_1l5" custom="readingOrder {index:4;}">
                <Coords points="886,435 911,435 936,435 961,434 987,434 1012,434 1037,434 1062,435 1088,435 1113,435 1138,436 1163,436 1189,437 1214,437 1239,438 1264,438 1290,438 1315,439 1340,439 1366,439 1366,405 1340,405 1315,405 1290,404 1264,404 1239,404 1214,403 1189,403 1163,402 1138,402 1113,401 1088,401 1062,401 1037,400 1012,400 987,400 961,400 936,401 911,401 886,401"/>
                <Baseline points="886,424 911,424 936,424 961,423 987,423 1012,423 1037,423 1062,424 1088,424 1113,424 1138,425 1163,425 1189,426 1214,426 1239,427 1264,427 1290,427 1315,428 1340,428 1366,428"/>
                <TextEquiv>
                    <Unicode>que esta del Ave Maria:</Unicode>
                </TextEquiv>
            </TextLine>
            <TextLine id="r_2_1l6" custom="readingOrder {index:5;}">
                <Coords points="875,487 902,486 929,484 956,484 983,483 1010,483 1037,483 1064,483 1091,484 1118,484 1146,485 1173,485 1200,486 1227,486 1254,487 1281,487 1308,488 1335,488 1362,488 1389,487 1417,487 1417,454 1389,454 1362,455 1335,455 1308,455 1281,454 1254,454 1227,453 1200,453 1173,452 1146,452 1118,451 1091,451 1064,450 1037,450 1010,450 983,450 956,451 929,451 902,453 875,454"/>
                <Baseline points="875,476 902,475 929,473 956,473 983,472 1010,472 1037,472 1064,472 1091,473 1118,473 1146,474 1173,474 1200,475 1227,475 1254,476 1281,476 1308,477 1335,477 1362,477 1389,476 1417,476"/>
                <TextEquiv>
                    <Unicode>y tén hermano, por cierto,</Unicode>
                </TextEquiv>
            </TextLine>
            <TextLine id="r_2_1l7" custom="readingOrder {index:6;}">
                <Coords points="880,532 908,532 936,532 964,532 992,532 1020,532 1048,532 1076,532 1104,532 1132,532 1161,532 1189,533 1217,533 1245,533 1273,533 1301,534 1329,534 1357,535 1385,535 1413,535 1442,536 1442,503 1413,502 1385,502 1357,502 1329,501 1301,501 1273,500 1245,500 1217,500 1189,500 1161,499 1132,499 1104,499 1076,499 1048,499 1020,499 992,499 964,499 936,499 908,499 880,499"/>
                <Baseline points="880,521 908,521 936,521 964,521 992,521 1020,521 1048,521 1076,521 1104,521 1132,521 1161,521 1189,522 1217,522 1245,522 1273,522 1301,523 1329,523 1357,524 1385,524 1413,524 1442,525"/>
                <TextEquiv>
                    <Unicode>que es la que mas le agrada</Unicode>
                </TextEquiv>
            </TextLine>
            <TextLine id="r_2_1l8" custom="readingOrder {index:7;}">
                <Coords points="875,580 900,580 926,580 952,581 978,581 1004,581 1030,581 1055,581 1081,580 1107,580 1133,580 1159,580 1185,580 1210,581 1236,581 1262,582 1288,582 1314,583 1340,584 1366,585 1366,552 1340,551 1314,550 1288,549 1262,549 1236,548 1210,548 1185,547 1159,547 1133,547 1107,547 1081,547 1055,548 1030,548 1004,548 978,548 952,548 926,547 900,547 875,547"/>
                <Baseline points="875,569 900,569 926,569 952,570 978,570 1004,570 1030,570 1055,570 1081,569 1107,569 1133,569 1159,569 1185,569 1210,570 1236,570 1262,571 1288,571 1314,572 1340,573 1366,574"/>
                <TextEquiv>
                    <Unicode>á la reina de loa Cielos,</Unicode>
                </TextEquiv>
            </TextLine>
            <TextLine id="r_2_1l9" custom="readingOrder {index:8;}">
                <Coords points="872,628 897,628 923,628 949,628 975,628 1001,628 1027,628 1053,628 1079,628 1105,627 1130,627 1156,627 1182,627 1208,628 1234,628 1260,628 1286,628 1312,628 1338,628 1364,628 1364,597 1338,597 1312,597 1286,597 1260,597 1234,597 1208,597 1182,596 1156,596 1130,596 1105,596 1079,597 1053,597 1027,597 1001,597 975,597 949,597 923,597 897,597 872,597"/>
                <Baseline points="872,618 897,618 923,618 949,618 975,618 1001,618 1027,618 1053,618 1079,618 1105,617 1130,617 1156,617 1182,617 1208,618 1234,618 1260,618 1286,618 1312,618 1338,618 1364,618"/>
                <TextEquiv>
                    <Unicode>cuya asistencia pedimos</Unicode>
                </TextEquiv>
            </TextLine>
            <TextLine id="r_2_1l10" custom="readingOrder {index:9;}">
                <Coords points="879,677 904,677 930,677 956,678 982,678 1008,678 1034,678 1059,678 1085,678 1111,678 1137,678 1163,678 1189,678 1214,678 1240,678 1266,678 1292,678 1318,678 1344,678 1370,679 1370,645 1344,644 1318,644 1292,644 1266,644 1240,644 1214,644 1189,644 1163,644 1137,644 1111,644 1085,644 1059,644 1034,644 1008,644 982,644 956,644 930,643 904,643 879,643"/>
                <Baseline points="879,666 904,666 930,666 956,667 982,667 1008,667 1034,667 1059,667 1085,667 1111,667 1137,667 1163,667 1189,667 1214,667 1240,667 1266,667 1292,667 1318,667 1344,667 1370,668"/>
                <TextEquiv>
                    <Unicode>en ella. Y á lo postrero</Unicode>
                </TextEquiv>
            </TextLine>
            <TextLine id="r_2_1l11" custom="readingOrder {index:10;}">
                <Coords points="873,725 900,725 927,726 954,726 981,726 1009,726 1036,726 1063,726 1090,726 1117,726 1145,726 1172,726 1199,726 1226,726 1253,726 1281,727 1308,728 1335,728 1362,729 1389,730 1417,732 1417,698 1389,696 1362,695 1335,694 1308,694 1281,693 1253,692 1226,692 1199,692 1172,692 1145,692 1117,692 1090,692 1063,692 1036,692 1009,692 981,692 954,692 927,692 900,691 873,691"/>
                <Baseline points="873,714 900,714 927,715 954,715 981,715 1009,715 1036,715 1063,715 1090,715 1117,715 1145,715 1172,715 1199,715 1226,715 1253,715 1281,716 1308,717 1335,717 1362,718 1389,719 1417,721"/>
                <TextEquiv>
                    <Unicode>que me preguntas, te digo</Unicode>
                </TextEquiv>
            </TextLine>
            <TextLine id="r_2_1l12" custom="readingOrder {index:11;}">
                <Coords points="876,774 903,774 930,774 957,774 984,774 1012,773 1039,773 1066,773 1093,773 1120,773 1148,773 1175,773 1202,773 1229,773 1256,774 1284,774 1311,776 1338,777 1365,778 1392,779 1420,782 1420,748 1392,745 1365,744 1338,743 1311,742 1284,740 1256,740 1229,739 1202,739 1175,739 1148,739 1120,739 1093,739 1066,739 1039,739 1012,739 984,740 957,740 930,740 903,740 876,740"/>
                <Baseline points="876,763 903,763 930,763 957,763 984,763 1012,762 1039,762 1066,762 1093,762 1120,762 1148,762 1175,762 1202,762 1229,762 1256,763 1284,763 1311,765 1338,766 1365,767 1392,768 1420,771"/>
                <TextEquiv>
                    <Unicode>que esta es solo de consejo</Unicode>
                </TextEquiv>
            </TextLine>
            <TextLine id="r_2_1l13" custom="readingOrder {index:12;}">
                <Coords points="867,822 892,822 917,822 942,823 968,823 993,822 1018,822 1043,822 1069,822 1094,821 1119,821 1144,821 1170,821 1195,821 1220,821 1245,821 1271,822 1296,823 1321,824 1346,826 1372,827 1372,793 1346,792 1321,790 1296,789 1271,788 1245,787 1220,787 1195,787 1170,787 1144,787 1119,787 1094,787 1069,788 1043,788 1018,788 993,788 968,789 942,789 917,788 892,788 867,788"/>
                <Baseline points="867,811 892,811 917,811 942,812 968,812 993,811 1018,811 1043,811 1069,811 1094,810 1119,810 1144,810 1170,810 1195,810 1220,810 1245,810 1271,811 1296,812 1321,813 1346,815 1372,816"/>
                <TextEquiv>
                    <Unicode>y no es preciso saberla,</Unicode>
                </TextEquiv>
            </TextLine>
            <TextLine id="r_2_1l14" custom="readingOrder {index:13;}">
                <Coords points="872,870 899,870 926,870 953,869 981,869 1008,869 1035,869 1063,869 1090,869 1117,869 1145,869 1172,869 1199,869 1226,870 1254,870 1281,871 1308,872 1336,872 1363,873 1390,874 1418,875 1418,841 1390,840 1363,839 1336,838 1308,838 1281,837 1254,836 1226,836 1199,835 1172,835 1145,835 1117,835 1090,835 1063,835 1035,835 1008,835 981,835 953,835 926,836 899,836 872,836"/>
                <Baseline points="872,859 899,859 926,859 953,858 981,858 1008,858 1035,858 1063,858 1090,858 1117,858 1145,858 1172,858 1199,858 1226,859 1254,859 1281,860 1308,861 1336,861 1363,862 1390,863 1418,864"/>
                <TextEquiv>
                    <Unicode>como la del Padre nuestro,</Unicode>
                </TextEquiv>
            </TextLine>
            <TextLine id="r_2_1l15" custom="readingOrder {index:14;}">
                <Coords points="868,920 897,919 927,919 956,919 986,918 1015,918 1045,918 1074,918 1104,918 1133,918 1163,919 1192,919 1222,919 1251,920 1281,920 1310,921 1340,922 1369,923 1399,924 1428,924 1458,926 1458,892 1428,890 1399,890 1369,889 1340,888 1310,887 1281,886 1251,886 1222,885 1192,885 1163,885 1133,884 1104,884 1074,884 1045,884 1015,884 986,884 956,885 927,885 897,885 868,886"/>
                <Baseline points="868,909 897,908 927,908 956,908 986,907 1015,907 1045,907 1074,907 1104,907 1133,907 1163,908 1192,908 1222,908 1251,909 1281,909 1310,910 1340,911 1369,912 1399,913 1428,913 1458,915"/>
                <TextEquiv>
                    <Unicode>que ésta si te obliga á pecado</Unicode>
                </TextEquiv>
            </TextLine>
            <TextLine id="r_2_1l16" custom="readingOrder {index:15;}">
                <Coords points="867,969 892,969 917,969 942,968 967,968 992,968 1017,968 1042,967 1067,967 1092,967 1117,967 1142,968 1167,968 1192,968 1217,969 1242,969 1267,970 1292,971 1317,972 1342,974 1342,940 1317,938 1292,937 1267,936 1242,935 1217,935 1192,934 1167,934 1142,934 1117,933 1092,933 1067,933 1042,933 1017,934 992,934 967,934 942,934 917,935 892,935 867,935"/>
                <Baseline points="867,958 892,958 917,958 942,957 967,957 992,957 1017,957 1042,956 1067,956 1092,956 1117,956 1142,957 1167,957 1192,957 1217,958 1242,958 1267,959 1292,960 1317,961 1342,963"/>
                <TextEquiv>
                    <Unicode>y es necesario saberlo,</Unicode>
                </TextEquiv>
            </TextLine>
            <TextLine id="r_2_1l17" custom="readingOrder {index:16;}">
                <Coords points="865,1015 890,1016 915,1016 940,1017 965,1017 991,1017 1016,1017 1041,1017 1066,1017 1092,1017 1117,1017 1142,1017 1167,1017 1193,1017 1218,1017 1243,1017 1268,1018 1294,1018 1294,985 1268,985 1243,984 1218,984 1193,984 1167,984 1142,984 1117,984 1092,984 1066,984 1041,984 1016,984 991,984 965,984 940,984 915,983 890,983 865,982"/>
                <Baseline points="865,1004 890,1005 915,1005 940,1006 965,1006 991,1006 1016,1006 1041,1006 1066,1006 1092,1006 1117,1006 1142,1006 1167,1006 1193,1006 1218,1006 1243,1006 1268,1007 1294,1007"/>
                <TextEquiv>
                    <Unicode>para esperar y pedir.</Unicode>
                </TextEquiv>
            </TextLine>
            <TextLine id="r_2_1l18" custom="readingOrder {index:17;}">
                <Coords points="816,1064 842,1064 868,1064 895,1064 921,1063 948,1063 974,1063 1000,1063 1027,1063 1053,1063 1080,1063 1106,1063 1132,1063 1159,1064 1185,1064 1212,1064 1238,1064 1264,1065 1291,1065 1317,1066 1344,1066 1344,1033 1317,1033 1291,1032 1264,1032 1238,1031 1212,1031 1185,1031 1159,1031 1132,1030 1106,1030 1080,1030 1053,1030 1027,1030 1000,1030 974,1030 948,1030 921,1030 895,1031 868,1031 842,1031 816,1031"/>
                <Baseline points="816,1053 842,1053 868,1053 895,1053 921,1052 948,1052 974,1052 1000,1052 1027,1052 1053,1052 1080,1052 1106,1052 1132,1052 1159,1053 1185,1053 1212,1053 1238,1053 1264,1054 1291,1054 1317,1055 1344,1055"/>
                <TextEquiv>
                    <Unicode>P. Sea así, pero yo quiero</Unicode>
                </TextEquiv>
            </TextLine>
            <TextLine id="r_2_1l19" custom="readingOrder {index:18;}">
                <Coords points="860,1112 886,1112 912,1113 938,1113 964,1112 990,1112 1016,1112 1042,1112 1068,1112 1094,1112 1120,1111 1146,1111 1172,1112 1198,1112 1224,1112 1250,1113 1276,1114 1302,1115 1329,1117 1329,1083 1302,1081 1276,1080 1250,1079 1224,1078 1198,1078 1172,1078 1146,1077 1120,1077 1094,1078 1068,1078 1042,1078 1016,1078 990,1078 964,1078 938,1079 912,1079 886,1078 860,1078"/>
                <Baseline points="860,1101 886,1101 912,1102 938,1102 964,1101 990,1101 1016,1101 1042,1101 1068,1101 1094,1101 1120,1100 1146,1100 1172,1101 1198,1101 1224,1101 1250,1102 1276,1103 1302,1104 1329,1106"/>
                <TextEquiv>
                    <Unicode>rezarla muy á menudo,</Unicode>
                </TextEquiv>
            </TextLine>
            <TextLine id="r_2_1l20" custom="readingOrder {index:19;}">
                <Coords points="860,1160 889,1161 918,1161 947,1161 976,1161 1005,1161 1034,1161 1063,1161 1092,1161 1121,1161 1151,1161 1180,1161 1209,1161 1238,1161 1267,1162 1296,1162 1325,1163 1354,1164 1383,1165 1412,1166 1442,1168 1442,1134 1412,1132 1383,1131 1354,1130 1325,1129 1296,1128 1267,1128 1238,1127 1209,1127 1180,1127 1151,1127 1121,1127 1092,1127 1063,1127 1034,1127 1005,1127 976,1127 947,1127 918,1127 889,1127 860,1126"/>
                <Baseline points="860,1149 889,1150 918,1150 947,1150 976,1150 1005,1150 1034,1150 1063,1150 1092,1150 1121,1150 1151,1150 1180,1150 1209,1150 1238,1150 1267,1151 1296,1151 1325,1152 1354,1153 1383,1154 1412,1155 1442,1157"/>
                <TextEquiv>
                    <Unicode>con mucha atencion y afecto,</Unicode>
                </TextEquiv>
            </TextLine>
            <TextLine id="r_2_1l21" custom="readingOrder {index:20;}">
                <Coords points="851,1213 876,1212 902,1211 927,1210 953,1209 979,1208 1004,1208 1030,1208 1056,1207 1081,1207 1107,1207 1132,1207 1158,1207 1184,1208 1209,1208 1235,1208 1261,1209 1286,1209 1312,1209 1338,1210 1338,1179 1312,1178 1286,1178 1261,1178 1235,1177 1209,1177 1184,1177 1158,1176 1132,1176 1107,1176 1081,1176 1056,1176 1030,1177 1004,1177 979,1177 953,1178 927,1179 902,1180 876,1181 851,1182"/>
                <Baseline points="851,1203 876,1202 902,1201 927,1200 953,1199 979,1198 1004,1198 1030,1198 1056,1197 1081,1197 1107,1197 1132,1197 1158,1197 1184,1198 1209,1198 1235,1198 1261,1199 1286,1199 1312,1199 1338,1200"/>
                <TextEquiv>
                    <Unicode>y pedirle á esta Señora</Unicode>
                </TextEquiv>
            </TextLine>
            <TextLine id="r_2_1l22" custom="readingOrder {index:21;}">
                <Coords points="855,1255 881,1255 908,1255 934,1255 961,1255 988,1256 1014,1256 1041,1256 1068,1256 1094,1256 1121,1256 1148,1256 1174,1256 1201,1256 1228,1256 1254,1256 1281,1257 1308,1257 1334,1258 1361,1259 1388,1260 1388,1230 1361,1229 1334,1228 1308,1227 1281,1227 1254,1226 1228,1226 1201,1226 1174,1226 1148,1226 1121,1226 1094,1226 1068,1226 1041,1226 1014,1226 988,1226 961,1225 934,1225 908,1225 881,1225 855,1225"/>
                <Baseline points="855,1245 881,1245 908,1245 934,1245 961,1245 988,1246 1014,1246 1041,1246 1068,1246 1094,1246 1121,1246 1148,1246 1174,1246 1201,1246 1228,1246 1254,1246 1281,1247 1308,1247 1334,1248 1361,1249 1388,1250"/>
                <TextEquiv>
                    <Unicode>alumbre tu entendimiento,</Unicode>
                </TextEquiv>
            </TextLine>
            <TextLine id="r_2_1l23" custom="readingOrder {index:22;}">
                <Coords points="851,1302 876,1303 901,1304 927,1305 952,1305 978,1306 1003,1306 1029,1306 1054,1306 1080,1306 1105,1306 1130,1306 1156,1306 1181,1306 1207,1306 1232,1306 1258,1306 1283,1307 1309,1307 1334,1308 1360,1308 1360,1274 1334,1274 1309,1273 1283,1273 1258,1272 1232,1272 1207,1272 1181,1272 1156,1272 1130,1272 1105,1272 1080,1272 1054,1272 1029,1272 1003,1272 978,1272 952,1271 927,1271 901,1270 876,1269 851,1268"/>
                <Baseline points="851,1291 876,1292 901,1293 927,1294 952,1294 978,1295 1003,1295 1029,1295 1054,1295 1080,1295 1105,1295 1130,1295 1156,1295 1181,1295 1207,1295 1232,1295 1258,1295 1283,1296 1309,1296 1334,1297 1360,1297"/>
                <TextEquiv>
                    <Unicode>y el mio para que amando</Unicode>
                </TextEquiv>
            </TextLine>
            <TextLine id="r_2_1l24" custom="readingOrder {index:23;}">
                <Coords points="851,1353 877,1353 903,1354 929,1354 955,1354 981,1354 1007,1354 1033,1354 1059,1354 1085,1354 1112,1354 1138,1354 1164,1354 1190,1355 1216,1355 1242,1355 1268,1355 1294,1356 1320,1356 1347,1357 1347,1323 1320,1322 1294,1322 1268,1321 1242,1321 1216,1321 1190,1321 1164,1320 1138,1320 1112,1320 1085,1320 1059,1320 1033,1320 1007,1320 981,1320 955,1320 929,1320 903,1320 877,1319 851,1319"/>
                <Baseline points="851,1342 877,1342 903,1343 929,1343 955,1343 981,1343 1007,1343 1033,1343 1059,1343 1085,1343 1112,1343 1138,1343 1164,1343 1190,1344 1216,1344 1242,1344 1268,1344 1294,1345 1320,1345 1347,1346"/>
                <TextEquiv>
                    <Unicode>á Dios, allá le gozemos.</Unicode>
                </TextEquiv>
            </TextLine>
            <TextLine id="r_2_1l25" custom="readingOrder {index:24;}">
                <Coords points="799,1400 824,1401 850,1402 875,1402 901,1402 926,1402 952,1402 977,1402 1003,1402 1028,1402 1054,1402 1079,1402 1105,1402 1130,1402 1156,1402 1181,1403 1207,1404 1232,1405 1258,1406 1258,1372 1232,1371 1207,1370 1181,1369 1156,1368 1130,1368 1105,1368 1079,1368 1054,1368 1028,1368 1003,1368 977,1368 952,1368 926,1368 901,1368 875,1368 850,1368 824,1367 799,1366"/>
                <Baseline points="799,1389 824,1390 850,1391 875,1391 901,1391 926,1391 952,1391 977,1391 1003,1391 1028,1391 1054,1391 1079,1391 1105,1391 1130,1391 1156,1391 1181,1392 1207,1393 1232,1394 1258,1395"/>
                <TextEquiv>
                    <Unicode>R. Estímo tu caridad.</Unicode>
                </TextEquiv>
            </TextLine>
            <TextLine id="r_2_1l26" custom="readingOrder {index:25;}">
                <Coords points="804,1450 833,1451 862,1451 892,1451 921,1451 951,1451 980,1451 1009,1452 1039,1452 1068,1452 1098,1452 1127,1452 1156,1452 1186,1453 1215,1453 1245,1453 1274,1453 1303,1454 1333,1454 1362,1455 1392,1455 1392,1421 1362,1421 1333,1420 1303,1420 1274,1419 1245,1419 1215,1419 1186,1419 1156,1418 1127,1418 1098,1418 1068,1418 1039,1418 1009,1418 980,1417 951,1417 921,1417 892,1417 862,1417 833,1417 804,1416"/>
                <Baseline points="804,1439 833,1440 862,1440 892,1440 921,1440 951,1440 980,1440 1009,1441 1039,1441 1068,1441 1098,1441 1127,1441 1156,1441 1186,1442 1215,1442 1245,1442 1274,1442 1303,1443 1333,1443 1362,1444 1392,1444"/>
                <TextEquiv>
                    <Unicode>P. Quiera Dios fayorecernos.</Unicode>
                </TextEquiv>
            </TextLine>
            <TextLine id="r_2_1l27" custom="readingOrder {index:26;}">
                <Coords points="800,1498 826,1501 853,1502 879,1501 906,1501 932,1500 959,1500 985,1501 1012,1504 1012,1470 985,1467 959,1466 932,1466 906,1467 879,1467 853,1468 826,1467 800,1464"/>
                <Baseline points="800,1487 826,1490 853,1491 879,1490 906,1490 932,1489 959,1489 985,1490 1012,1493"/>
                <TextEquiv>
                    <Unicode>R. Amen.</Unicode>
                </TextEquiv>
            </TextLine>
            <TextEquiv>
                <Unicode>Oracion mas eficaz.
de las que ofrecer podemos
á los Santos y á la Virgen,
que es reina de todos ellos,
que esta del Ave Maria:
y tén hermano, por cierto,
que es la que mas le agrada
á la reina de loa Cielos,
cuya asistencia pedimos
en ella. Y á lo postrero
que me preguntas, te digo
que esta es solo de consejo
y no es preciso saberla,
como la del Padre nuestro,
que ésta si te obliga á pecado
y es necesario saberlo,
para esperar y pedir.
P. Sea así, pero yo quiero
rezarla muy á menudo,
con mucha atencion y afecto,
y pedirle á esta Señora
alumbre tu entendimiento,
y el mio para que amando
á Dios, allá le gozemos.
R. Estímo tu caridad.
P. Quiera Dios fayorecernos.
R. Amen.</Unicode>
            </TextEquiv>
        </TextRegion>
        <TextRegion orientation="0.0" type="paragraph" id="region_1607089577421_4129" custom="readingOrder {index:2;} structure {type:paragraph;}">
            <Coords points="629,1650 915,1650 915,1800 629,1800"/>
            <TextLine id="region_1607089577421_4129l1" custom="readingOrder {index:0;}">
                <Coords points="652,1828 797,1827 824,1829 850,1830 877,1831 904,1829 904,1679 877,1681 850,1680 824,1679 797,1677 652,1678"/>
                <Baseline points="771,1778 797,1777 824,1779 850,1780 877,1781 904,1779"/>
                <TextEquiv>
                    <Unicode>FIN.</Unicode>
                </TextEquiv>
            </TextLine>
            <TextEquiv>
                <Unicode>FIN.</Unicode>
            </TextEquiv>
        </TextRegion>
    </Page>
</PcGts>
