2480 3506
932 229 1508 283 de Satanás á los hombres
948 282 1511 334 por nuestra culpa muriendo.
893 323 1529 386 P. Pués qué murio siendo Dios?
881 371 1515 433 R. En cuanto Dios no, que eso
941 424 1469 479 no puede ser, porque Dios
941 470 1428 526 es inmortal, y es eterno:
933 517 1439 572 en cuanto hombre murió
933 563 1541 629 despues de muchos tormentos
929 614 1416 674 que le dieron los judios,
929 662 1416 722 sin querer reconocerlos,
921 714 1355 766 por el Mecias y Rey,
924 759 1506 819 que esperando estaban ellos:
930 809 1512 869 y aunque vieron los prodigios
911 854 1452 913 con perfecto cumplimiento
903 901 1301 956 de las profecias, no
924 950 1403 1010 le adoraron ni creyeron.
869 1001 1424 1058 P. Niño, con tu explicacion
908 1049 1410 1105 y claridad me embeleso:
911 1094 1509 1160 bien haya quien tal te enseña.
900 1144 1431 1201 Ea, Explícame el misterio
896 1193 1445 1253 del mas venerable, augusto
906 1240 1314 1294 y divino Sacramento
899 1289 1401 1348 de la augusta Eucaristia.
842 1337 1523 1400 R. La lengua del Angel para eso
888 1387 1349 1439 quisiera tener: mas yo
893 1433 1397 1490 lo diré como lo entiendo.
897 1483 1436 1544 Al punto que el Sacerdote
894 1528 1331 1586 de decir acaba atento
878 1577 1364 1634 las palabras con que se
878 1627 1523 1690 consagra, convierte en Cuerpo
878 1673 1530 1741 de Cristo el Pan, y en su sangre
879 1723 1403 1781 se convierte el Vino; pero
879 1771 1472 1832 de modo en que ambas cosas
878 1817 1496 1883 están Cuerpo y Sangre enteros
881 1868 1362 1922 porque son inseparables
870 1912 1404 1975 estas dos cosas, su puesto
864 1963 1359 2023 de estar Jesucrisio vivo,
858 2016 1443 2074 y glorioso en Alma y Cuerpo;
870 2060 1359 2115 esto es humano y divino
858 2107 1356 2167 por un admirable efecto,
849 2155 1335 2213 llamado concomitancia,
852 2210 1440 2267 y has de saber á mas de esto,
846 2254 1416 2317 que el pan dejó de ser pan,
858 2302 1317 2360 y el vino dejó de serlo,
855 2354 1362 2410 y en ellos solo quedaron
1661 262 2139 325 aquellos emolumentos,
1667 311 2220 376 ó occidentes sin substancia
1670 356 2189 424 de lo que fueron primero.
1674 407 2153 466 Tambien tienes de saber
1667 453 2180 511 como no solo en lo entero
1664 500 2159 560 del pan está Cristo todo,
1649 548 2297 614 sino que en cualquier fragmento
1664 599 2048 650 ó pedacito, se halla
1665 646 2235 709 todo entero, jó qué portento!
1602 691 2177 754 P. Y cuando baja á la Hostia
1641 742 2142 803 Jesucristo, deja el Cielo?
1596 791 2195 851 R. No, sino que alla se queda
1644 838 2213 902 del mismo modo, y en ambos
1638 886 2115 946 lugares realmente está,
1643 935 2214 997 sin que en uno haya defecto
1638 983 2151 1042 por la asistencia del otro.
1583 1031 2040 1084 P. Y parten el Cuerpo
1643 1079 2205 1141 de Cristo si la Hostia parten.
1584 1129 2229 1193 R. Lo que allí se parte es cierto,
1632 1177 2118 1237 ser solo los accidentes,
1626 1225 2048 1279 y la figura, son ellos
1635 1273 2019 1330 olor, color y sabor.
1566 1322 2168 1382 P. Y dime, qué tanto tiempo
1622 1370 2139 1430 en la especie consagrada
1623 1417 2166 1477 ecsiste Cristo bien nuestro?
1565 1466 2223 1531 R. Mientras no se corrompieren,
1620 1521 2142 1572 y por eso es buen consejo,
1614 1565 2123 1618 que depues de comulgar
1613 1610 2199 1670 muy despacio gracias demos
1616 1658 2196 1720 á aquel Señor, que ha venido
1614 1708 2238 1772 á hospedarse en nuestro pecho,
1602 1757 2142 1813 para que mientras durare
1602 1802 2115 1864 en él, no nos apartemos,
1605 1852 2052 1906 ni cesémos de pedirle
1592 1901 2214 1963 gracias como á Rey Supremo.
1547 1948 2154 2009 P. Mucho te agradesco, Niño,
1602 1997 2238 2062 la gran mercedque me has hecho
1596 2042 2109 2101 en enseñarme esas egsas
1595 2093 2114 2150 tan misteriosas, y espero
1589 2141 2121 2200 lograr otros muchos ratos,
1586 2192 2135 2249 en que divertido el tiempo
1583 2237 2040 2293 me dejes aprovechado.
1554 2288 2211 2348 L. Yo con mucho amor te ofrezco
1569 2335 2187 2398 servirte, en cuanto mandares,
1566 2389 2219 2443 y asi ahora descansemos. FIN.
