1737 2508
352 244 850 288 es igual al Padre Eterno,
351 294 878 335 y con él tiene igual gloria.
293 343 879 383 P. Lo que es el juicio quiero
344 392 712 435 que me espliques.
303 441 650 482 R. Pues escucha,
348 490 820 531 con atencion y silencio.
344 540 803 579 Jesucristo nos adbierte
347 589 844 626 en el Sagrado Evangelio,
343 635 896 676 que pasará el cielo y tierra
347 683 828 723 con apáratos horrendos,
345 731 828 772 y horribles calamidades:
347 779 814 818 llegará el dia tremendo
343 827 899 875 del juicio, y todo el mundo,
343 875 875 922 todo este grande universo,
347 927 895 971 confuso el Sol sin sus luces
341 973 771 1017 y la luna sin reflejos,
340 1023 836 1068 las estrellas sin su sitio,
344 1071 938 1116 todo pasino, asombro y miedo.
336 1120 765 1159 Desenderá Jesucristo
340 1169 874 1214 en un trono desde el Cielo
343 1219 816 1262 con Magestad indecible,
337 1265 856 1312 á juzgar vivos y muertos;
332 1314 830 1359 sonará aquella trompeta,
337 1363 830 1408 que dice por SanMatéo,
338 1413 795 1451 á cuya voz los difuntos
331 1462 738 1498 resucitarán, y luego
336 1510 850 1555 congregados ante el juez,
338 1560 804 1602 el separará los buenos,
341 1609 828 1649 poniéndolos á la diestra,
339 1658 921 1701 y á su izqierda los protervos.
337 1707 780 1746 A los buenos les dirá,
327 1755 879 1801 con rostro alegre y sereno,
334 1802 800 1842 venid, benditos, tomad
328 1851 862 1894 la posesion de aquel Reino,
340 1900 944 1945 que por vuestras buenas obras
342 1950 845 1990 mereceisteis, y volviendo
332 1998 740 2035 á los malos les dirá:
337 2047 788 2085 ld malditos al Infierno
332 2097 924 2140 con el diablo y con los suyos,
329 2143 895 2185 y allá con tormento eterno
329 2194 886 2234 pagad vuestras malas obras:
327 2243 843 2283 Ellos se iran al tormento
1072 252 1540 291 al Infierno, y Jesucristo
1071 299 1540 339 volverá á subir al Cielo
1063 351 1540 389 con la misma Magestad
1064 397 1256 434 que bajó.
1011 447 1441 488 P. Jesus, yo tiemblo!
1063 496 1595 534 Dios me libre de ser malo
1069 544 1631 583 que no quiero ir al Infierno:
1063 592 1631 632 bendito sea el que nos puso
1059 639 1628 682 en su Iglesia, pues tenemos
1070 688 1564 729 en ella medios, con que
1063 736 1564 778 del pecado nos libremos:
1072 786 1577 829 esplicadme, pues, qué es
1072 834 1570 880 esta Iglesia que creemos.
1016 887 1560 928 R. En esta palabra Igtesia,
1060 933 1608 972 que quiere decir lo mismo
1059 982 1692 1023 que Congregacion, se entiende
1058 1030 1612 1072 la junta, ó hermoso cuerpo
1059 1079 1579 1121 de los fieles que profesan
1062 1128 1568 1169 en creer en todo aquello
1060 1178 1559 1218 que la Ley de Jesucristo
1053 1226 1611 1266 nos enseña y manda; siendo
1059 1275 1564 1314 Cristo en el Cielo Cabeza
1052 1322 1602 1367 de aqueste mistico Cuerpo,
1057 1370 1491 1411 y el Pontífice Romano
1064 1416 1567 1463 es su Vicario en el suelo.
1008 1470 1546 1511 P. Y cuántas Iglesias hay?
1014 1520 1639 1559 R. Dos, la una está en el Cielo
1064 1568 1604 1611 llamada Iglesia Triunfante,
1059 1614 1606 1658 y esta se forma de aquellos
1056 1664 1564 1708 que gozan la vida eterna,
1059 1713 1551 1753 y la otra por acá vemos
1060 1762 1502 1803 es la Iglesia Militante,
1053 1811 1573 1853 por el combate y guerréo
1052 1860 1628 1905 con que la afligen los vicios,
1051 1906 1565 1949 y mezclada en un imenso
1055 1960 1514 1997 número de deprabados
1050 2006 1632 2048 hipócritas, que en lo esterno
1055 2055 1540 2095 profesan creer; mas no
1053 2105 1638 2145 practican lo que ellos mismos
1055 2153 1632 2194 confiesan, y aunque esos son
1051 2203 1683 2245 de esta misma Iglesia miembros:
1049 2252 1513 2293 en el Tribunal de Dios
