1765 2512
273 234 606 268 y no Padre mio?.
222 283 459 319 R. Siempre
263 327 822 368 cuando dijéremos: nuestro
267 379 823 414 danos, perdónanos, y otras
263 427 870 461 voces, que en plural ponemos,
265 472 864 509 es Doctrina, en concecuencia
264 521 885 558 de lo que en los Mandamientos
268 569 794 606 nos enseña y manda Dios,
271 618 783 654 esto es, que nos amemos
272 665 616 702 unos á otros; así
261 713 827 751 como hermanos, y por eso,
267 761 901 797 como hijos de un mismo Padre
265 807 715 846 le pedimos con afecto
265 857 777 893 de hijos, unos por otros.
269 905 852 947 Tambien le decimos nuestro,
270 952 791 990 y Padre, porque nosotros
264 1002 826 1038 somos muy suyos, por estos
271 1049 716 1087 titulos: por adopcion;
269 1097 794 1135 esto es, que nos ha hecho
264 1145 827 1182 hermanos del mismo Cristo
268 1193 814 1235 su Hijo, Redentor nuestro,
272 1242 754 1281 y tambien por creacion,
267 1290 843 1331 pues de Dios el ser tenemos;
267 1340 835 1381 y en fin, todo lo que somos,
274 1389 694 1422 vivimos y poseemos,
271 1434 724 1471 es Dios, y asi Dios es
270 1482 910 1520 nuestro Padre y nuestro Dueño,
228 1530 880 1568 P. Muy bien dices, mas por qué
272 1578 910 1615 se dice, que está en los Cietos?
269 1627 858 1663 no está Dios en todas partes?
232 1675 914 1714 R. Sí, mas es cierto que en ellos
272 1722 747 1760 su gloria se manifiesta
277 1771 831 1811 principalmente, y debemos
275 1820 826 1857 saber que tambien, porque
269 1866 891 1907 pensemos siempre en el Cíelo,
280 1914 832 1953 donde reina nuestro Padre,
269 1961 731 2002 y avivemos los deseos
283 2010 723 2047 de ir á reinar con él.
219 2059 865 2101 P. Y dime, en el Padre nuestro
279 2107 755 2144 cuántas peticiones hay?
225 2156 827 2198 R. Siete, y tienen por objeto
273 2204 783 2244 las tres primeras á Dios,
991 225 1630 261 las cuatro á nuestro provecho,
941 272 1518 312 P, Y qué es lo que pedimos
993 321 1507 358 á Su Magestad. diciendo :
993 370 1391 406 que sea santificado
995 419 1242 454 su Nombre?
954 463 1335 503 R. Lo que con eso
998 511 1438 549 á Dios le pedimos es,
1002 559 1489 599 que todos le tributemos
993 607 1519 647 la gloria que le es debida,
989 655 1599 696 que le honremos y le amemos,
1003 705 1541 741 le sirvamos, y cumplamos
1003 750 1495 788 como Fieles verdaderos.
949 798 1561 837 P. Qué cosases reino de Dios?
943 845 1513 886 R. La vida eterna del Cielo.
948 893 1586 934 P. Y cuando á Dios suplicamos
998 944 1530 982 venga á nosotros su reino,
991 991 1520 1031 qué es lo que le pedimos?
946 1039 1521 1080 R. Que nos dé vivos deseos
1003 1088 1433 1124 de ir á la vida eterna
993 1135 1511 1174 de la Gloria, y para esto,
997 1183 1589 1222 que nos dé ausilios de gracia
1005 1233 1475 1272 para olvidar lo terreno,
1003 1279 1568 1318 y tener siempre en la Gloria
999 1328 1485 1366 la memoria y el objeto.
952 1375 1600 1416 P. Y cuando á Dios suplicamos,
998 1423 1595 1463 que se cumplan sus decretos,
1007 1471 1457 1513 y hágase su voluntad
1001 1519 1561 1560 aéá, como allá en el Cielo,
1005 1566 1481 1607 qué le queremos pedir?
953 1615 1521 1658 R. Queremos pedir con eso,
999 1663 1483 1702 nos dé gracia para qué
1010 1710 1603 1752 nuestro querer lo arreglémos
1007 1759 1441 1799 á su voluntad Divina;
1001 1806 1477 1847 como lo hacen aquellos
1012 1854 1528 1896 que son Bienaventurados,
1011 1903 1535 1948 y gozan del bien supremo,
1003 1950 1599 1995 porque en todo se arreglaron
1010 2001 1475 2038 á sus Divinos consejos,
1006 2047 1581 2087 y le están siempre alabando,
1015 2096 1507 2134 obedeciendo y sirviendo.
965 2144 1507 2186 P. Cierto, Señores, que es
1016 2193 1495 2233 este Niño un embelezo!
