1737 2508
335 219 859 256 En qué su repuesta funda?
291 265 908 306 R La segunda, que es el Hijo.
287 316 919 353 P. Quiero averiguar el nombre
333 363 908 404 de esa Pernona que aclamas:
323 409 810 448 decidme, cómo se llama
329 457 944 498 el Hijo de Dios hecho hombre?
283 505 796 544 R. Jesucristo le decimos
323 556 844 592 Dios y hombre verdadero,
327 602 816 636 los que con amor sicéro
324 649 820 689 su Doctrina le seguimos.
273 696 728 733 P. Ahora quisiera oir
332 744 736 781 algunaacomparacion
331 792 826 831 cerca de su Encarnacion
336 840 855 883 por ver si hay que argüir.
275 888 770 928 R. Aguarda, yo lo diré,
324 936 834 976 lo que en alguna manera
320 984 826 1024 le satisface á cualquiera,
324 1035 832 1072 y en breve me esplicaré.
325 1082 816 1119 En la sagrada Escritura
322 1128 780 1168 citan los predicadores,
322 1179 930 1216 que al principio, fruto y fiores
322 1225 812 1264 dió la tierra sin cultura:
320 1273 784 1309 pues si la tierra rindió
322 1320 800 1360 fruto sin haberce arado,
325 1368 782 1406 ni sembrado ni regado,
320 1416 790 1454 digan lo que infiero yo.
319 1465 849 1504 luego en tierra sin romper
322 1513 743 1548 pudo el Espítu Santo
321 1561 903 1599 obrar, como obró, otro tanto
315 1608 724 1646 con su Diviño poder.
316 1657 824 1696 El fué el sábio Labrador,
324 1705 831 1743 con cuya traza y destreza
316 1753 776 1792 dió su fruto la pureza,
317 1800 828 1839 dejando al árbol con flor:
316 1848 834 1888 Dígase, pues, que MARIA
312 1897 794 1935 siendo Virgen concibió,
320 1945 772 1982 y al Hijo de Dios parió
317 1993 867 2029 sin que en esto haya porfia.
260 2040 930 2078 P. Bien: Y cómo al nacer el Hijo
320 2086 831 2125 quedó la Madre Doncella?
258 2136 863 2175 R. Porque estaba Dios en élla
305 2186 731 2222 con su Divino poder;
1055 223 1612 267 No has visto por un cristal,
1056 273 1519 311 sin lastimar su térsura
1060 320 1507 358 penetrarse la luz pura
1059 368 1477 406 del Lucero Celestíal?
1051 415 1531 457 Pues á este modo pasó,
1063 462 1596 507 que al nacer de su belleza,
1058 509 1478 550 ño maculó la Pureza,
1059 556 1483 596 y mas limpia la dejó:
1056 605 1574 646 Dígase, pues, que MARlA
1052 654 1527 693 siendo Virgen concibió,
1059 706 1509 738 y al Hijo de Dios parió,
1059 750 1594 791 sín que en esto haya porfia.
1000 800 1282 834 P. Bien está:
1057 845 1595 888 Y pues estamos en tiempo,
1048 893 1540 933 los Misterios me contad,
1057 942 1591 983 que estos dias celebramos.
1006 993 1532 1028 R. Preguntas muy á sazon
1054 1037 1539 1079 dejando largas porfias,:
1045 1086 1488 1123 celebramos estos dias
1043 1134 1600 1174 de Dios la Muerte y Pasion.
996 1184 1535 1221 P. Dios infinito é inmortal
1052 1231 1574 1268 decidme, como es posible
1044 1278 1587 1315 sufrir de la muerte el mal?
999 1327 1584 1364 R. Hemos de sentar primero
1043 1375 1574 1412 un principio á nuestra Fé,
1043 1420 1509 1457 y es que Jesucristo fué
1045 1469 1569 1507 Dios y Hombre verdadero:
1040 1518 1590 1558 Mi doctrina no te asombre,
1051 1565 1598 1604 pues que suis Cristiano voz,
1039 1613 1630 1650 pues no murió en cuanto Dios
1044 1661 1644 1701 solo murió en cuanto Hombre,
1036 1705 1501 1745 pues para este fin tomó
1042 1756 1607 1795 Dios de hombre mortal trage
1037 1805 1523 1841 para rendirse al ultrage
1047 1853 1536 1891 de la muerte que sufrió.
996 1902 1592 1938 P. Y aqueste valor tan fuerte
1041 1950 1570 1986 de aqueste Dios humanado
1041 1996 1537 2031 quedó siempre sepultado
1037 2043 1554 2082 por despojo de la muerte?
990 2095 1598 2132 R. No porque él mismo decia
1032 2142 1555 2177 antes de tan cruel guerra
1030 2192 1515 2226 del corazon de la tierra
