1752 2480
409 1129 1431 1201 RELACION DE LA DOCTRINA CRISTINA,
612 1170 1223 1324 en la que se esplica el Credo.
723 1263 1085 1416 SEGUNDA PARTE.
206 1440 826 1482 P. Niño, ya hemos descansado
261 1494 723 1529 y ponderarte no puedo
264 1539 740 1580 mi grande aficion á oir,
254 1586 786 1627 cómo esplica los Misterios
253 1633 714 1678 de nuestra divina Ley,
260 1682 753 1725 si gustas, proseguirémos
264 1731 528 1772 con el Credo?
210 1780 540 1822 R. Sí, pregunta,
260 1830 775 1874 que yo complacerte tengo
259 1881 619 1920 por grande honor.
200 1928 536 1968 P. Dios te eche
244 1979 736 2017 su bendicion, y supuesto
260 2028 724 2064 que tengo entendido ya
247 2076 766 2116 como á nuestro verdadero
244 2122 730 2163 Dios y Señor, los judios
251 2172 700 2212 quitaron en el madero
254 2220 732 2265 de la Santa Cruz la vida,
977 1447 1548 1486 y sé que despues de muerto
976 1497 1398 1534 lo sepultaron, y que
972 1544 1596 1586 su Alma descendió al Infierno:
980 1593 1546 1636 que me esplíques te suplíco,
984 1642 1492 1681 el como se entiende esto?
924 1692 1498 1732 R. Luego que Cristo murió,
977 1740 1460 1780 y se desunió del Cuerpo
979 1789 1394 1827 su Alma Divina, bajó
969 1838 1543 1877 á un grande cóncavo, ó seno
978 1886 1467 1927 en el centro de la tierra,
971 1936 1486 1973 á donde los que murieron
967 1984 1566 2026 en gracia, esperando estaban
967 2031 1466 2073 á su santo advenimiento:
963 2082 1466 2124 de allí los sacó glorioso,
967 2130 1520 2174 y cuando subió á los Cielos,
965 2180 1486 2220 entró con ellos triunfante.
922 2232 1546 2270 P. Y cuando Cristo era muerto,
