1765 2512
232 238 712 278 de lo que se llama Ley
238 287 736 326 natural siendo el objeto
227 333 748 374 de esta Ley amar á Dios
232 381 736 422 sobre todo con estremo,
229 433 729 469 y al prójimo como á tí.
175 478 816 520 P. Y quién hizo esos Decretos?
179 524 756 566 R. La Conciencia y la razon.
181 575 767 615 P. Y dime, qué Ley tuvieron
236 624 727 661 los justos antes que Dios
233 672 790 712 nos diera los Mandamientos?
172 719 744 759 R. La que acabo de decirte,
224 768 822 808 la Natural. P. Ya lo entiendo:
223 817 713 854 perdona, que mi rudeza
230 866 789 903 me ocaciona el ser molesto.
236 913 840 951 Vamos, pues á nuestro asunto:
223 961 860 1000 qué es el primer Mandamiento?
169 1009 730 1048 R. Amar á Dios sobre todo,
223 1057 704 1094 honrarle como á Dueño
222 1107 770 1146 nuestro, y Señor Soberano,
228 1154 748 1192 con alma y entendimiento.
163 1202 765 1238 P. Cómo honrarémos á Dios?
165 1250 817 1289 R. Con Fé, en él solo creyendo:
211 1299 795 1337 con la Esperanza, esperando
217 1346 708 1381 de sp piedad el remedio
213 1393 767 1437 de todos nuestros trabajos;
218 1442 668 1478 pero aun presumiendo
218 1490 696 1528 nos salvará, si nosotros
216 1538 684 1575 ponemos impedimento:
220 1587 700 1623 con la Caridad, amando
214 1632 740 1671 su Bondad; y agradeciendo
214 1680 706 1720 sus inmensos beneficios
160 1729 674 1766 P. Y dime: sabes si peco
210 1776 724 1816 honrando á las criaturas?
155 1826 747 1865 R. En cuanto dicen respecto
216 1873 744 1913 á Dios, es lícito honrarlas.
157 1921 739 1959 P. Y puedo creer los sueños?
157 1969 721 2007 R. No. P. Y á los adivinos?
155 2018 841 2057 R. Tampoco. P.. Y los sortilegios?
151 2066 743 2106 R. Nada de eso has de creer,
212 2114 756 2156 sino á Dios y sus Misterios,
212 2162 700 2199 como él los ha revelado
202 2210 716 2246 á su Iglésia. P. Ya deseo
208 2258 794 2297 que el Mandamiento segundo
205 2308 797 2348 me declares. R. El precepto
965 243 1442 282 segundo es de no jurar
964 291 1529 333 en vano el Nombre Supremo
956 340 1500 382 de Dios sino es en justicia,
962 386 1464 427 ó en solemne juramento,
957 436 1468 473 que entonces es Religion
964 481 1414 522 y no es lícito hacerlo.
922 530 1450 571 P. Y puedo jurar en falso,
956 579 1488 618 ó en duda, si algun aprieto
959 628 1466 670 tengo, ó algun desvalído,
956 677 1490 716 á quien cón esto remedio?
909 724 1566 768 R. No puedes, que es cosa grave,
958 773 1540 814 para eso escoge otros medios.
907 819 1438 859 P. Blasfemia que cosa es?
902 869 1463 911 R. Es palabra de desprecio,
964 915 1467 958 ó de Dios ó de sus Santos.
908 965 1404 1004 P. Y si se jura diciendo,
952 1013 1432 1054 por la Cruzó porla vida,
944 1060 1408 1102 ó por algun Elemento,
948 1107 1365 1146 será juramento este?
903 1157 1516 1198 R. Sí, que en todo conocemos
952 1205 1432 1242 la Bondad é Inmensidad
946 1252 1470 1292 de Dios, y son todos ellos
945 1299 1462 1339 criados por él, y en quien
942 1346 1408 1388 luce su poder innenso.
892 1396 1395 1435 P Y si por mi ceguedad
938 1443 1466 1486 juré de hacer algun yerro,
948 1491 1466 1536 deberé cumplirlo? R. No,
946 1540 1406 1578 antes debe no hacerlo.
891 1585 1472 1626 P Y debo cumplir los votos?
885 1637 1452 1674 R. Si aquello que prometes
934 1685 1450 1722 á Dios ó sus Santos fuere
940 1733 1536 1774 cosa de importancia, es cierto,
938 1780 1476 1822 el que debemos cumplirlo;
938 1828 1458 1873 mas si acaso no podemos,
938 1876 1358 1914 el Confesor nos dirá
940 1923 1424 1964 lo que hemos de hacer,
884 1975 1151 2010 P. Yo tengo
940 2022 1476 2061 por sin duda, que este Niño
934 2070 1454 2108 tiene un especial ingenio.
936 2120 1402 2154 y una claridad notable:
930 2166 1504 2206 dime el tercer Mandamiento?
893 2215 1467 2253 R. En el tercero nos manda
942 2263 1486 2300 Dios, él que santifiquemos
928 2314 1530 2352 el Domingo y demas Fiestas.
