1765 2512
260 295 601 331 espiritual, segun
258 344 798 382 que fuere su llamamiento,
256 392 698 428 necesidad, o aflicion.
199 441 816 476 P. Y dimie, cuantos son ellos?
202 489 840 528 R. Siete, que son el Bautismo,
254 538 826 576 con que á la gracia nacemos:
247 586 727 621 la Confirmacion, que es
251 635 779 674 con que nos fortalecemos:
253 684 726 720 la Penitencia, que cura
253 733 768 770 y sana nuestros defectos:
248 779 828 819 la Cómunion, que es la vida
253 829 817 867 de el alma, y la dá sustento:
251 879 875 917 la Estrema-Unción que dá fuer.
245 928 889 969 de la vida en el estremo (zas
255 977 807 1014 el Orden, que dá Ministros
252 1027 773 1064 á la Iglesia, y el postrero
252 1075 616 1111 es el Matrimonio,
255 1124 859 1163 quien hace el mundo perpétuo
249 1171 806 1211 en sucesion de los hombres.
197 1221 781 1261 P. Declárame va el primero.
199 1269 674 1308 R. Jesucristo dijo, que
245 1319 819 1361 ninguno entrará en el Cielo,
245 1367 670 1404 sino renace del agua
250 1416 782 1454 del Bautismo, y del Eterno
249 1466 708 1502 Espíritu Santo, y pues
251 1514 743 1553 es verdad del Evangelio,
244 1561 756 1602 nos es necesario á todos,
241 1610 777 1648 ya grandes, ó ya pequeños
242 1658 776 1701 borrar del alma el pecado,
252 1707 763 1750 ó ya con el que nacemos,
248 1756 674 1791 ó ya sea el comelido
244 1804 762 1842 despues que uso tenemos
252 1853 766 1892 de razon, y has de saber,
245 1903 812 1940 que cuando somos pequeños
243 1952 726 1987 nos bautizan, por obviar
241 2002 837 2037 las contigencias, que el tiempo
244 2050 748 2085 puede ofrecer, por morir
252 2097 746 2137 sin él, y perder el Cielo,
199 2146 781 2184 P. Y cuantos Báutismos bay?
191 2196 876 2233 R. Tres: de agua, sangre y fuego.
199 2243 824 2281 P. Quién se bautiza con sangre?
191 2294 804 2331 R. Aquel que muere sufriendo
983 292 1414 329 el martirio por la Eé.
931 340 1578 377 P. Y qué es bautismo de fuego?
931 388 1475 426 R. Cuando un adulto desea
979 437 1492 473 el Bautismo con perfecto
975 484 1494 523 amor de Dios, y se muere
975 535 1370 571 sin poderlo recibir,
982 583 1524 621 este es cierto que se salva,
977 632 1493 670 y su Bautismo es llamado
984 681 1574 717 de fuego, ó del Espiritu Santo.
923 730 1564 767 P Y el de agua, quenos dieron
979 780 1519 815 cuando éramos mas chicos?
931 827 1434 864 R. Un lavatorio perfecto
971 876 1504 913 que nos lava de la mancha
977 924 1490 961 de culpa con que nacemos.
926 973 1479 1012 P. Y aquesto como se hace?
929 1025 1528 1062 R. Escúchame un rato atento:
971 1073 1555 1109 lo primero es, que á la entrada
969 1121 1507 1159 junto á la puerta del Templo
969 1169 1463 1206 le pregunta el Sacerdote
971 1217 1506 1253 al Niño su nombre, y luego
979 1267 1518 1305 que le dá un soplo, conjura,
972 1314 1390 1353 á Satanás, y haciendo
972 1364 1400 1402 sobre el Niño la señal
972 1414 1530 1451 de la Cruz en frente y pecho,
973 1461 1433 1499 dice algunas Graciones
973 1511 1569 1548 que indican que los preceptos
968 1559 1432 1596 Divinos debe observar
968 1609 1442 1644 y corregir sus defectos.
964 1656 1465 1695 Luego toma Sal bendita,
971 1705 1440 1742 y una poquita poniendo
971 1755 1424 1791 en la boca del Infante,
964 1803 1508 1838 denota el gusto y contento
968 1851 1527 1888 que en la Doctrina Cristiana
969 1899 1473 1937 debe tener, fuera de esto
966 1948 1346 1986 significa que le dá
964 1998 1492 2035 la ciencia del bien eterno,
968 2045 1480 2085 que es el conocer á Dios,
957 2092 1472 2131 y heredar su santo Reino.
967 2144 1493 2180 Despues vuelve á conjurar
959 2192 1500 2228 al Demonio con tremendos
972 2241 1460 2277 exorcismos, porque deja
963 2290 1534 2328 el lugar, que vá á ser Templo
