1752 2480
224 249 700 288 triunfaré al tercero dia,
229 293 618 330 y segun esto colijo
228 343 646 384 con infalible verdad,
232 388 692 431 con la mayor brevedad
228 437 718 477 lo cumplió como lo dijo.
169 483 703 525 P. Y sabréisme decir vos,
228 532 822 577 puesto que habeis comenzado,
226 580 663 619 despues de resucitado
230 628 854 672 dónde está este Hombre y Dios?
167 676 712 716 R. Es menester distinguir,
224 725 733 765 para haber de responder.
164 772 746 812 P. Y para cuando ha de ser?
165 817 653 859 R. Ya te lo voy á decir:
212 867 697 907 Digo, que en todo lugar
219 915 715 954 está el Hijo cuanto Dios,
215 963 719 1003 y en cuanto Hombre solo
332 1012 476 1048 en dos.
163 1059 791 1099 P. Cuando los has de nombrar?
163 1106 782 1146 R. En el Cielo á la diestra de
330 1154 566 1196 Dios Padre,
216 1204 824 1244 y en el Santísimo Sracramento
328 1253 529 1293 del Altar,
949 255 1488 298 y para que esto te cuadre,
947 301 1390 340 de David profetizado,
951 348 1440 385 en el Cielo está sentado
952 394 1486 435 á la diestra de Dios Padre.
905 445 1560 484 P. Pues otra cuestion muy grave
956 492 1436 532 se nos queda por tocar,
949 540 1449 577 de ella quiero preguntar
946 588 1504 627 á quién de ella mucho sabe.
949 639 1499 677 Quien está en el Venerable
947 686 1398 722 Sacramento del Altar?
895 733 1408 770 R. Jesucristo, y el estár
948 781 1451 819 es por modo inesplicable.
887 826 1439 865 P. Tiene allí sér Corporal?
892 874 1022 910 R. Sí:
895 923 1430 962 P. Pues eso no puede ser.
886 972 1492 1010 R. Niego, porque está su sér
942 1021 1402 1060 de un modo espiritual,
944 1069 1543 1111 que aunque la Hostia se parte,
941 1115 1432 1154 Cristo está allí de modo.
940 1164 1546 1206 que estando en la Hóstia todo,
937 1213 1516 1253 está todo en cualquier parte.
730 1432 965 1592 FIN.
546 2154 1144 2205 REIMPRESO EN CARMONA.
207 2213 1486 2271 Imprenta de D, J. María Moreno, calle Juan de la Cabra, núm. 5.
