1765 2512
198 229 662 275 con el eficaz portento.
192 276 670 326 lo hizo, y crió de nada,
198 325 732 378 formó todo cuanto vemos,
198 375 656 419 y lo invisible tambien.
155 421 732 470 P. Y porqué, dime, hizo eso?
142 466 492 513 R. Porque quiso.
143 516 460 558 P, Y para qué?
144 563 748 614 R. Para su gloria, y pudiendo
181 612 662 661 hacerla en un instante,
181 660 700 714 por ser su puder inmenso,
184 709 694 758 gastó en la obra seis dias.
136 753 702 807 P. Hermano, cuéntame eso.
126 803 672 854 R. El primero hizo la Luz.
176 853 729 904 Al segundo el Firmamento.
172 901 594 947 En el tercero apartó
174 949 600 995 lo grave de lo ligero,
164 997 702 1048 distingiendo Cielo y tierra,
174 1045 732 1099 y con su mandato haciendo,
168 1095 730 1143 que ésta produgese plantas.
164 1142 714 1190 En el cuarto hizo los bellos
160 1191 620 1237 luminares, Sol yLuna,
167 1239 753 1289 y Estrellas de aquellos Cielos.
160 1287 636 1332 Luego en el quinto crió
154 1332 642 1380 aves y peces. Y el sesto
158 1384 574 1426 produjo los animales
155 1430 715 1479 terrestros del mismo suelo.
151 1476 720 1528 Y porúltimo, hizo al hombre
156 1527 720 1575 de quien todos procedemos.
101 1576 640 1620 P. De qué manera lo hizo?
104 1623 722 1672 R. De tierra le formó el cuerpo
101 1671 399 1714 P. Y el Alma?
96 1719 506 1765 R. La hizo de nada,
140 1769 634 1814 infundiéndole un aliento
144 1817 570 1864 de vida, quiero decir,
144 1867 752 1916 que Dios le inspiró en el cuerpo
144 1913 526 1958 un alma espiritual,
134 1960 676 2013 é inmortal, capaz de verlo,
136 2012 652 2057 y de amarlo eternamente,
130 2057 694 2106 Imagen de Dios, que siendo
130 2107 598 2156 Espiritu como es Dios,
925 249 1488 298 en Dios solo halla su centro.
875 294 1531 349 P. Para que hizo Dios al hombre?
869 344 1446 391 R. Para amarlo y conocerlo
920 393 1384 435 en esta vida, y gozarlo
907 442 1488 487 para siempre allá en el Cielo.
864 487 1474 535 P. Donde hizoDios al hombre?
859 537 1443 585 R. En el campo Damasceno,
860 585 1390 629 P. Como hizo á la muger?
859 634 1489 680 R. La formó del mismo cuerpo
905 680 1480 728 del hombre, y de una costilla
911 730 1458 777 suya, para que en perfucto
903 776 1332 822 amor unidos vivieran,
896 824 1418 871 siendo fieles compañeros.
904 871 1360 917 Bendijo Dios á los dos,
889 920 1446 972 y el consorcio instituyendo,
887 971 1361 1017 dijo que multiplicasen,
894 1022 1362 1059 y constituyolos dueños
896 1067 1442 1113 de la tierra y de sus feutos.
894 1113 1382 1158 Dióles el dominio entero
888 1160 1416 1211 de aves, peces y animales,
883 1210 1372 1256 nombró él por alimento
887 1258 1394 1304 todas las frutas y plantas:
877 1308 1418 1355 púsoles nombres, diciendo
882 1355 1322 1399 á él Adan, y ella Eva:
878 1402 1385 1447 los colocó demás de esto
879 1449 1338 1497 en un Jardin delicioso,
875 1498 1419 1547 de hermosos árboles, lleno
876 1545 1342 1595 de cuatro Rios regado,
864 1595 1374 1644 rico, abundante y ameno,
868 1642 1282 1687 En aqueste Paraiso
868 1691 1340 1735 desnudos estaban ellos
868 1739 1371 1786 sin rubor, pues no veían
862 1787 1382 1837 nada, que no fuera bueno,
860 1835 1350 1885 nunca habian de morir,
864 1883 1397 1933 no á enfermedades sujetos
866 1931 1306 1980 estaban; pero contal,
858 1985 1434 2032 que cumpliesen un precepto,
863 2030 1415 2076 que por señal de obediencia
869 2076 1399 2125 á los dos se hahia impuesto,
864 2131 1440 2174 y era el nocomerde un árbol
