1752 2480
169 226 560 269 que nos libre Dios
115 273 378 316 P. Entiendo
164 320 751 375 muy bien lo que has dicho, y
316 375 465 411 cuando
164 419 669 461 pedimos con rendimiento
160 465 660 510 el que nos libre del mal,
166 512 650 556 qué suplica le hacemos?
107 559 714 606 R. Que nos libre de los males
168 609 749 657 todos del alma, y del cuerpo,
160 658 624 701 principalmento de todo
153 705 687 749 lo que es dañoso y opuesto
156 753 638 799 á conseguir nuestro fin,
149 802 740 846 que es ver á Dios en el Cielo.
107 850 659 893 P. Qué quiere decir Amen?
107 897 637 943 R. Esplica nuestro deseo,
151 947 720 992 de que aquello que pedimos
148 994 710 1044 tenga entero cumplimiento;
143 1043 558 1085 asi sea, asi se haga:
142 1089 679 1135 ó así, Señor, lo queremos.
841 239 1482 280 P. Dime ahora, cundo es bien
900 285 1452 327 resemos el Padre nuestro?
852 334 1500 379 R. Siempre, en todas ocasiones,
890 382 1390 423 á todas horas y tiempos,
895 432 1480 473 y especialmente en aquellas,
898 480 1422 519 que tentacion padecemos;
896 528 1404 566 pues esta es una oracion.
891 576 1526 614 que en sí contiene el compendio
894 622 1360 664 de todas las Oraciones,
892 670 1452 714 que hacer y rezar podemos.
842 718 1378 762 P. Enteramente me dejan
884 767 1352 811 tus razones satisfecho;
892 815 1326 854 perdona mi confianza.
835 863 1368 902 R. Bien conoces el afecto
876 911 1350 951 con que deseo servirte
879 959 1396 1001 en todo cuanto yo puedo.
824 1008 1452 1049 P. Pues á Dios hasta otra vez.
827 1057 1514 1098 R. Quiera Dios hacernos buenos.
692 1315 930 1467 FIN.
