1752 2480
162 265 664 310 por estos actos y medios,
166 312 630 358 Confesion y absolucion,
157 360 586 405 el penitente diciendo
152 408 636 456 sus pecados ccon verdad
158 459 678 504 y el Confesor absolviendo.
109 506 716 554 P. Y qué es Confesion, decid?
93 555 684 601 R. Declarad contrito y tierño
145 605 609 646 el penitente sus culpas
140 651 602 695 á su Sacerdote; y estos
148 702 586 744 cinco requisitos debe
142 749 583 793 tener, y es el primero
148 798 569 843 el examen suficienté.
145 848 632 892 El segundo es un, entero
136 896 618 940 decir, sin callar pecado
134 945 646 994 mortal, ó que duda serlo,
140 992 682 1043 diciendo en cuanto pudiere
135 1041 607 1089 el número fijo de ellos.
131 1091 562 1136 El tercero es el dolor
139 1140 657 1187 preciso de haberlo hecho.
124 1190 759 1237 El cuarto es que de enmendarse
127 1236 585 1285 tenga propósito recto.
128 1286 602 1334 El quinto es satisfacer,
127 1335 629 1383 la penitencia cumpliendo
124 1392 604 1430 y que llegue á confesar,
128 1437 634 1478 con propósito de hacerlo.
65 1485 676 1525 P, Sobre el Sacramento cuarto
118 1535 661 1573 no os pregunto, pues ya eso
120 1584 570 1623 me lo teneis declarado
123 1633 616 1672 esplicandome el Misterio
123 1681 573 1721 de la Santa Eucaristía:
115 1730 742 1773 qué es el quinto digais os ruego.
69 1779 744 1821 R. Es la Uncion que el Sacerdote
118 1827 612 1868 hace con Oleo al enfermo,
112 1876 552 1916 dando salud á el Alma,
116 1925 628 1968 y si le conviene al cuerpo,
108 1978 568 2017 y perdona los pecados,
881 279 1419 325 que, óya por no conocerlos
882 325 1412 374 el enfermo, ó nóacordarse
883 373 1440 424 no se ha confesado de ellos.
826 422 1452 474 P. El Sacrámento de el Orden;
875 471 1134 511 qué cosa es?
824 518 1148 558 R. Es un cierto
880 570 1338 611 carácter, én que se dá
868 620 1439 667 al que se ordena un supremo
873 671 1305 709 poder para consagrar
868 717 1397 767 en modo debido el Cuerpo,
874 765 1328 810 y sangre de Jesucristo.
815 813 1392 860 P. Pues dime todos aquellos
859 860 1383 909 que están ordenados, son
864 908 1097 949 Sacerdotes?
810 959 1198 998 R. No, que en eso
856 1009 1427 1057 hay siete grados, mas todos.
861 1057 1486 1112 ván á unfin y á un mismo objeto,
862 1108 1368 1151 que el Sacerdote, y todos
848 1155 1348 1202 solo son un Sacramento,
856 1202 1351 1248 el que solo dá el Obispo
848 1251 1434 1302 á los que son dignos de ellos.
810 1300 1349 1345 P. Y qué es el Matrimonio?
803 1349 1358 1396 R. Es un representamiento
853 1397 1405 1446 de la union que Cristo tiene
848 1446 1415 1493 consu lIglesia, y á mas de esto
842 1492 1424 1546 les dá gracia á los consortes,
841 1543 1297 1587 para que con un afecto
836 1590 1314 1637 se amen, como si fueran
846 1639 1318 1686 uno solo; mas es cierto,
846 1689 1332 1734 que el estado continente
840 1738 1336 1785 es mejor, y mas perfecto,
846 1786 1294 1829 por dejar mas libertad.
836 1836 1376 1883 de servir á Dios; mas esto
838 1883 1334 1930 es un don muy especial,
840 1935 1416 1982 que á mí me conceda el Cielo.
670 2029 844 2183 FIN.
