1765 2512
181 218 794 253 R. Por la union y por lo lleno
224 265 775 301 de Gloria con que se esalta
221 312 761 348 sobre los humanos fueros.
171 361 762 397 P. Es por ventura el Mesías?
172 410 788 446 R. Quien puede dudar en eso.
224 457 773 493 Este es el que los Profetas
226 505 774 541 en la Ley nos prometieron.
167 552 817 591 P. Qué oficio tuvo en el Mundo?
173 601 702 637 R. De Salvador y Maestro
227 648 758 685 fueron los mas superiores.
172 696 798 732 P. Y qué Doctrina aprendieron
219 744 835 779 de su enseñanza los hombres?
172 792 518 829 R. La Cristiana.
166 841 535 877 P Vengo en ello;
219 889 812 925 mas deseo, que me espliques
224 937 840 974 en cuántas partes ó miembros
217 983 700 1019 se divide esta Doctrína?
169 1032 745 1069 R. Quiero cumplir tu deseo:
224 1081 760 1118 las principales son cuatro,
214 1128 778 1166 conviene á saber: el Credo,
220 1175 748 1212 Mandamientos, Oraciones,
221 1224 743 1261 y los Santos Sacramentos.
165 1274 776 1309 P. Qué es la insignia, ó señal
217 1320 531 1355 de el Cristiano?
165 1369 831 1405 R. El noble leño de la Sta. Cruz.
166 1415 425 1451 P. Por qué?
164 1464 794 1500 R. Porque es sagrado bosquejo
211 1512 657 1549 de Cristo crucificado,
218 1560 784 1595 que en aqueste Real Madero
211 1609 771 1643 nos redimió con su Sangre.
158 1655 720 1691 P. Cómo te vales, discreto
216 1703 722 1740 de tan soberana insignia?
163 1752 856 1789 R. Desde la frente hasta el pecho
216 1800 680 1836 santiguándome tal vez,
212 1848 762 1883 tal vez con signos diversos
213 1896 746 1932 formando diversas Cruces.
165 1944 538 1980 P. De qué suerte?
170 1992 578 2029 R. Estadme atento:
208 2040 638 2077 Por la gloriosa señal
207 2088 751 2128 de la Santa Cruz te ruego,
211 2136 748 2174 que de nuestros enemigos
202 2188 850 2224 mos libreis, Señor, Dios nuestro
956 218 1517 256 en el nombre de Dios Padre,
955 264 1426 302 y de sn Hijo Unigénito,
957 309 1378 351 y del Espiritu Santo,
956 359 1410 399 Divino amoroso fuego.
897 410 1436 446 P. Cuándo será bien usar
956 457 1388 492 de tan ilustre trofeo?
903 504 1528 541 R. Al empezar nuestras obras,
955 551 1578 589 y en medio de nuestros riesgos.
901 600 1562 638 P. Decidme, pues, quién es Dios?
899 648 1423 685 R. La individua Trinidad.
896 696 1130 731 P. Verdad.
950 743 1550 781 Y esa Trinidad sabrásme decir
950 791 1138 826 quién es?
895 840 1452 874 R. Consta de Personas tres
952 886 1382 925 y en una sola Deidad,
948 934 1477 973 Padre, Hijo y Amor Santo.
905 983 1440 1022 P. Esas tres Personas son;
941 1031 1406 1068 luego hay multiplicion
942 1079 1456 1114 en la Deidad por lo tanto?
893 1126 1451 1168 R. Esa consecuencia niego,
943 1174 1364 1212 porque la naturaleza
940 1224 1456 1259 de aquestas Personas tres
943 1271 1323 1306 una mismisima es,
943 1319 1443 1358 y así mal sale ese luégo.
892 1367 1376 1404 P. Argumento pues así:
940 1413 1468 1452 Si esas Personas son tres,
943 1462 1341 1503 y cada una Dios es,
945 1511 1448 1546 luego hay tres Dioses ai?
889 1556 1443 1600 R. Otra vez vuelvo á negar
945 1605 1414 1643 esa mala consecuencia,
944 1654 1452 1695 porque hay un Dios, cuya
1112 1701 1278 1738 Esencia
942 1750 1414 1787 no se ha de multiplicar,
940 1797 1392 1834 y esta altísinia verdad
931 1846 1442 1883 no se nos deja entender:
946 1894 1305 1931 oir, callar y creer
935 1942 1392 1978 misterios de Trinidad.
888 1990 1423 2030 P. De las personas alguna
941 2037 1392 2076 por nosotros encarnó?
885 2086 1338 2126 R. Y cómo yo lo diré
943 2134 1401 2173 De todas tres solo una.
890 2181 1497 2224 P. Ay, con qué gracia lo dijo!
