1580 2448
117 189 638 227 dí, qué cosa es Cristiano;
118 237 697 273 y en qué se conoce el serlo?
80 284 702 323 R. Cristiano es aquel que tiene
120 331 704 375 la Fé de Cristo Bfen nuestro,
117 380 684 419 que profesó en el bautismo,
128 428 762 465 de donde nos hacemos miembros
119 476 640 512 del mismo Cristo, y aquel
122 524 596 563 será Cristiano perfecto,
118 574 628 614 que guarda su santa Ley,
115 622 622 659 creé todos los Misterios,
116 669 650 706 como en ella se contienen
118 717 636 751 sin negar alguno de ellos
116 764 654 801 es fiel hijo de la Iglesia
118 813 570 850 Católica, obedeciendo,
117 862 605 899 y creyendo todo cuanto
114 911 642 946 mandáre por sus decretos.
76 959 648 994 P. Cual es la insignia ó señal
114 1007 665 1043 que los Cristianos tenemos?
77 1056 725 1092 R. La Cruz en que murió Cristo.
74 1103 734 1139 P Pues pregunto, porqué es eso?
79 1150 636 1187 R. Porque en ella redimidos
113 1198 634 1235 fuimos de aquel cautiverio
115 1247 658 1285 en que nos tenia el pecado,
123 1295 590 1332 y es figura del Cordero
124 1344 636 1381 Jesus, que en ella murió,
120 1393 680 1431 por nuestro bien y remedio,
117 1441 656 1478 y habemos de usar de ella
120 1490 666 1527 en todos nuestros aprietos,
125 1537 709 1574 y al comenzar nuestras obras.
77 1585 688 1623 P. Señores, no es un portento
117 1633 688 1670 la gracia de este muchacho!
112 1682 636 1718 Lo que sabe tan pequeño,
123 1730 654 1767 valgame Dios! Mira, dime,
116 1778 672 1814 sois algun Angel del Cielo?
79 1826 664 1863 R. No, sino hombre formado
120 1875 728 1910 de polvo, á quien Dios Eterno
116 1923 588 1962 crió para que le amara,
122 1971 554 2007 y viviera mereciendo,
114 2020 656 2057 segun que bien le sirviere,
128 2068 594 2104 el galardon sempiterno.
77 2116 686 2153 P. Decidme, qué cosa es Dios?
80 2165 704 2202 R. Dios es un Señor tan bueno
115 2213 621 2250 sin término, es poderoso
116 2263 654 2301 sin resistencia, es perfecto,
117 2311 614 2349 en su saber, es principio
853 190 1359 226 y fin de aqueste Universo
852 237 1423 277 mundo, y de todas las cosas,
856 286 1398 324 las que vemos y no vemos.
806 333 1456 371 P. Tiene Dios figura de Hombre?
805 380 1490 420 R. En cuanto Dios no, pues siendo
851 431 1337 469 Dios Espíritu muy puro,
856 478 1438 516 no hay en él figura ó cuerpo.
808 527 1374 564 P. Y cuantas personas tiene
856 574 1400 612 ese Dios en quien creemos?
803 622 1465 661 R. Tres, que son el Padre, el Hijo
852 672 1280 711 y el Divino Paraclito,
855 720 1375 756 y siendo entre sí distintas,
848 765 1416 805 son solo un Dios verdadero,
850 810 1412 851 por haber solo una Esencia
852 859 1384 902 Divína, un entendimiento,
845 909 1253 947 y una sola yoluntad
849 958 1304 995 en el Divino concepto.
800 1007 1472 1044 P. No te he entendido muy bien,
853 1056 1339 1092 y asi con algun ejemplo,
852 1101 1240 1137 ó simil os esplicad.
807 1149 1418 1185 R. Suponed que Juan y Pedro,
854 1198 1488 1234 y Francisco son tres hombres,
850 1246 1434 1286 que tienen un mismo cuerpo,
853 1296 1350 1331 y un alma tan sola, pues
844 1344 1398 1379 siendogsi, verdad dirémos
851 1390 1487 1428 en decir, que hay tres personas
854 1440 1489 1475 aunque un hombre conocemos.
807 1488 1368 1524 P. Y de esas tres Personas
851 1536 1438 1572 fue alguna de ellas primero?
807 1585 1494 1620 R. No, porque el Padre y el Hijo;
849 1633 1377 1669 y el Santo Espíritu fueron
852 1681 1326 1718 ab ceterno sin principio,
849 1727 1356 1765 sin primero, ni postrero.
809 1777 1318 1813 P. Esplicame pues haora
851 1822 1491 1861 como el Padre engendra al Ver-
855 1873 1494 1909 y como de ambos procede (bo
852 1922 1382 1957 el Santo Espiritu excelso?
807 1970 1322 2006 R. El Padre viéndose á sí
856 2017 1333 2053 con aquél conocimiento
858 2051 1440 2103 con que de sí mismo sabe
849 2114 1493 2150 su esensia engendra un concepto
848 2162 1414 2198 consubtancial de si mismo,
856 2210 1306 2246 llamado Divino Verbo.
847 2260 1398 2295 El Padre y el hijo se aman
852 2309 1263 2345 cada uno conociendo
