1737 2508
359 223 807 265 al otro con este amor
353 270 899 316 substancial, amor inmenso
353 318 909 366 ambos producen, ó aspiran
355 366 787 411 otra persona ó sugeto
360 414 838 466 tan sábio, tan poderoso,
357 463 820 511 tan divino y tan eterno,
353 514 892 559 como son el Padre, el Hijo,
347 559 872 604 ó ambos juntos, y por eso
344 608 835 651 se llama Espiritu Santo.
295 657 981 703 P. Siempre que yo digo el Credo
345 705 839 747 digo que Dios Padre fué
350 752 846 798 el que crió tierra y Cielo,
343 802 894 852 y siendo Dios Uno y Trino,
340 851 860 896 el que me digas te ruego
347 900 941 949 por qué se dice, que el Padre
347 948 898 994 fué quien crió el Universo?
291 996 915 1044 R. Porque en las divinas letras
340 1040 794 1087 se atribuyen al Eterno
339 1090 831 1137 Padre, las obras que son
337 1139 894 1191 de la Omnipotencia efectos,
339 1187 707 1230 las de la sabiduría
337 1236 817 1284 se le atribuyen al Verbo
336 1284 780 1328 Divino, y las del amor
335 1333 754 1376 al Espiritu supremo:
335 1381 895 1429 no obstante, que todas tres
329 1430 830 1476 igualmente concurrieron
331 1478 846 1524 á la Creacion del mundo.
279 1528 893 1575 P. Ahora que me digas quiero
333 1577 848 1620 cual Persona de esas tres
327 1624 967 1673 fué, quien por nuestro remedio
332 1671 809 1715 se hizo hombre pasible?
275 1719 906 1768 R. La segunda que es el Verbo.
279 1770 823 1815 P, Sabrás declararme bien
323 1815 765 1860 el como sucedió eso?
277 1865 806 1909 R. Yo te lo diré de modo
324 1915 906 1960 que lo entiendas, oye atento:
318 1961 769 2001 De la purísima sangre
325 2008 762 2052 de Mariaclaro espejo
315 2055 877 2103 de la pureza, en su vientre
315 2105 960 2154 formó Dios perfecto un Cuerpo
318 2152 930 2203 de un Niño, y luego al instante
318 2201 739 2245 un Espíritu perfecto
313 2249 733 2293 crió, unió é infundió
311 2298 872 2344 en el dicho Cuerpo, y luego
306 2331 903 2388 se unió á este Cuerpo y Alma
1090 235 1557 275 el Hijo de Dios, y esto
1088 283 1642 329 todo se obró en un instante,
1081 330 1622 378 ó sin meditacion de tiempo,
1083 379 1483 419 y sin obra de varon:
1087 429 1579 469 siendo de tanto portento
1084 476 1435 515 el Espíritu Divino
1075 524 1583 569 el poderoso instrumento;
1083 569 1607 616 y aquel que antes era Dios
1077 616 1547 661 Omnipotento, y Eterno
1071 665 1562 708 solamente empezó á ser
1068 714 1705 761 Dios y hombre, y el que siendo
1078 763 1655 814 por ser Dios, Hijo del Padre,
1072 812 1570 856 fué desde este momento
1073 862 1536 908 Hijo de María Virgen,
1069 911 1588 954 la cual tuvo el privilegio
1067 958 1554 1000 de concebirle, y parirle
1071 1006 1563 1046 sin el menor detrimento
1071 1053 1514 1097 de su virginal Pureza,
1068 1102 1591 1149 asi como el cristal terso,
1067 1149 1589 1195 por cuyos poros los rayos
1064 1199 1614 1246 del sol pasan, sin que lesos
1071 1247 1518 1293 quede de sus eficases
1064 1296 1484 1338 lucidisimos reflejos.
1016 1345 1535 1385 P. Tengo muy entendido
1062 1394 1502 1435 ese inefable misterio;
1058 1442 1581 1485 mas decid, como se llama,
1063 1489 1568 1532 ese ya Humanado Verbo?
1011 1539 1634 1583 R. Jesucristo que es lo mismo
1058 1587 1652 1633 que Ungido, Rey y Maestro,
1055 1638 1496 1676 y superior Sacerdote.
1001 1683 1467 1724 P. Ahora saber deseo,
1056 1731 1631 1773 es Dios ú hombre solamente?
1001 1778 1590 1826 R. La Fé nos dice de cierto,
1055 1827 1494 1870 tiene dos naturalezas,
1049 1875 1640 1923 tambien dos entendimientos,
1053 1925 1561 1971 como así dos voluntades,
1047 1974 1588 2020 Divina y Humana, y creo,
1046 2021 1651 2068 que no es mas de una Persona,
1055 2070 1558 2116 por ser innegable aserto,
1047 2116 1521 2162 que subsistencia divina
1041 2166 1665 2211 solo se halla en Cristo, y esto
1041 2212 1405 2255 es artículo de Fé.
991 2263 1601 2309 P. Y este Señor tan supremo
1039 2311 1560 2354 á qué fin vino á la tierra?
991 2336 1531 2393 R. A sacar del cautiverio
