1765 2512
267 236 637 277 era Dios entónces?
215 283 736 319 R. Sí,
268 334 888 373 porque siempre el alma y cuerpo
262 381 680 422 quedaron unidos con
272 430 722 472 la divinidad del Verbo.
211 477 808 520 P. Los Infierno cuántos eran?
208 525 774 571 R. Cuatros lugares ó senos,
260 574 798 623 el uno que te he esplicado,
256 623 773 671 donde los justos y buenos
250 674 724 718 estaban: el Purgatorio,
255 722 801 767 en donde los que murieron
249 769 818 820 en gracia, purgan las penas,
247 817 789 865 que sus penas merecieron:
252 866 886 914 el Limbo, en que están los Niños
250 917 808 965 que sin bautismo murieron,
246 966 780 1011 y el Infierno, donde están
248 1014 794 1061 las almas de los que fueron
248 1062 656 1109 incrédulos á la Ley,
245 1110 696 1159 ó pecados cometíeron,
244 1162 684 1207 y murieron sin hacer
248 1210 743 1255 justa penitencia de ellos.
196 1258 614 1299 P. Y cómo resucitó.
243 1305 760 1351 Jesucristo Señor nuestro?
191 1355 797 1401 R. El Doningo al tercero dia
239 1403 820 1451 de su muerte unió de nuevo
234 1452 837 1503 el Alma al Cuerpo, y glorioso
232 1502 804 1554 con cuatro dotes supremos,
238 1553 689 1595 Agil, Impasibie, Claro
231 1603 671 1640 y Sutil penatro luego
240 1652 796 1698 por la piedra del Sepulcro:
244 1697 778 1750 y un Angel bajó del Cielo,
234 1748 752 1795 quitó al Sepulcro la losa,
240 1796 756 1840 y en ella se sentó, siendo
234 1844 795 1891 las ropas del Angel blancas
239 1891 772 1940 como la nieve,. y de fuego
239 1939 817 1989 su vista, y los guardas todos
238 1990 800 2039 se quedaron como muertos
237 2038 808 2088 de asombro de ver al Angel:
239 2088 789 2137 y unas mugeres que fueron
236 2136 700 2184 á embalsamar á Jesús,
240 2183 778 2238 vieron el Sepulcro abierto,
234 2240 697 2281 y el Angel dijo: Jesus
988 242 1477 283 ya resucitó y su Cuerpo
985 290 1459 331 no está aqui, id y decid
980 339 1442 379 á sus dicipulos, Pedro,
986 389 1500 426 y los demas, que se vayan
975 434 1381 472 á Galiléa, mas ellos
976 483 1536 524 no dieron fé á las mugeres,
983 533 1436 572 ni su noticia creyeron,
983 582 1422 619 hasta tanto que Jesus
976 630 1508 673 á ellos se fué apareciendo;
975 681 1445 718 y en diversas ocasiones
967 730 1506 770 con él hablaron, comieron,
979 777 1486 819 y tocaron con sus manos.
928 826 1532 868 P Y cómo subió, á los Cielos?
925 876 1380 913 R. En Cuerpo y Alma,
971 924 1528 965 inmortal, glorioso y eterno,
972 969 1435 1009 é impasible con virtud
968 1021 1422 1059 que tenia de si mismo.
918 1068 1566 1112 P. Subió al Cielo en cuanto Dios?
915 1119 1508 1158 R. El modo de entender esto
971 1170 1605 1209 es que subió en cuanto hombre
967 1219 1598 1260 porque en cuanto Dios es cierto
970 1267 1474 1304 que asiste en todo lugar-
971 1314 1532 1355 pero como estaba el Cuerpo
964 1363 1494 1405 realmente con Dios unido,
964 1411 1524 1452 tambien decir bien podemos
968 1459 1530 1503 que subió en cuanto Divino,
957 1507 1527 1550 por esta union que creemos.
908 1556 1452 1595 P. Este es Angel en figura
958 1604 1591 1646 de muchacho, á lo que entiendo
963 1653 1480 1693 segun lo mucho que sabe!
959 1701 1554 1743 Cómo he de entender aquello
956 1750 1520 1791 de está sentado á la diestra
956 1799 1536 1840 de Dios Padre, siendo cierto
952 1848 1452 1887 ser Dios Espíritu, y que
960 1897 1488 1938 no tiene manos ni Cuerpo?
908 1946 1448 1985 R. Lo que esto qiere decir
959 1995 1432 2035 es que el Divino Verbo
960 2043 1408 2085 unido á la Humanidad,
959 2091 1520 2134 tiene el lugar mas supremo,
950 2143 1434 2181 la mayor gloria y honor
951 2193 1505 2229 que puede darse en el Cielo
954 2243 1512 2281 á hombre, que en lo Divino
