1737 2508
352 285 864 322 de Dios vivo. Luego toca,
350 334 864 373 con su saliva, y los dedos,
347 381 737 419 las orejas y pariees
347 431 857 469 del Iufante, para en esto
353 480 724 515 imitar á Jesúcristo
340 528 915 565 cuando al mudo, sordo ciego
349 577 800 613 poseido de el Demonio
344 625 954 666 sanó. Luego el Padre nuestro,
347 672 819 711 y el Credo se reza para
343 722 899 759 enseñarlo. Despues de esto
339 770 890 812 en el Templo lo introduce,
351 821 867 859 donde se hace con efecto.
347 869 823 907 que renuncie á Satañás,
349 919 892 956 sus obras y pompas. Luego
348 966 823 1003 le unge con Oleo Santo
347 1015 925 1054 en los hombros yen el pecho
352 1064 851 1101 para darle fuerzas contra
344 1113 858 1153 los impulsos del Infierno.
352 1160 810 1199 Y despues el Sacerdote
347 1210 880 1247 vestido de blanco, el Credo
343 1261 854 1297 le hace decir, y pregunta,
341 1309 830 1343 si quiere con viyo afecto
331 1357 856 1394 ser bautizado, y responde
342 1406 822 1441 que sí, como con efecto
340 1454 762 1491 lo bautiza con el agua
341 1504 732 1540 preparada para ello.
337 1553 829 1589 Luego le unge la cabeza
338 1600 826 1636 con oleo Sagrado, y esto
327 1650 821 1685 deñota, que al bautizado
329 1698 856 1733 se le comunica un cierto
329 1747 933 1785 caracter, que le dá el nombre
340 1795 873 1833 de Cristo, Despues de esto
332 1844 832 1881 le viste una ropa blanca,
327 1892 756 1929 significando con ello
334 1942 846 1977 la gracia que ha recibido.
336 1992 830 2028 Luego una vela poniendo
331 2040 840 2075 encendida en las manitas
336 2089 816 2124 del Niño, le va diciendo
331 2135 843 2172 el Sacerdote, que guarde
335 2185 870 2223 su Fé y que esté despierto,
328 2233 900 2271 si quiere entrar en las bodas;
335 2285 792 2321 esto es, gozar el Cielo.
1025 285 1634 323 P. Muy bien me haz esplicado
1071 335 1539 371 estas ceremonias, pero
1073 385 1703 422 sí el Niño, ni habla ni entiende
1071 434 1624 469 como ha de rezar el Credo,
1081 482 1574 518 pronunciar ni responder,
1072 531 1644 569 ni entender los documentos,
1075 579 1541 615 que el Sacerdote le dá?
1015 628 1610 664 R. Es verdad, mas para esto
1075 676 1562 712 los Padrinos del Infante
1071 725 1565 761 son sus fiadores, y ellos
1067 776 1604 811 responden por él, y deben
1068 824 1538 860 enseñarle los Misterios
1063 872 1541 909 de la Fé; siño lo hacen
1064 920 1518 957 sus Padres ó Maestros.
1023 968 1591 1005 P. Y dime, esas ceremonias
1072 1018 1335 1054 son forzosas?
1016 1069 1374 1105 R. No por cierto,
1071 1117 1548 1152 que habiendo necesidad
1064 1165 1568 1202 bautizacualquier sugeto,
1060 1213 1582 1250 tan solo con hechar agua
1064 1262 1512 1298 natural; pero teniendó
1060 1313 1494 1346 intencion de baulizar,
1053 1357 1483 1395 y la fórmula diciendo
1064 1409 1562 1445 del Bautismo, que es asi,
1059 1456 1569 1491 ño quitando, ni poniendo
1063 1506 1646 1540 palabra álguna de esta: Yo te
1065 1554 1692 1589 bautizo en el nombre del Padre
1063 1607 1660 1641 y del Hijo, y del Espiritu Sto.
1003 1649 1561 1687 P. Del segundo Sacramento
1052 1700 1519 1737 decidme el significado.
1007 1747 1581 1786 R. En breve le digo, puesto
1060 1797 1684 1833 que esUncion, que hace el Obis-.
1052 1846 1686 1888 cón CrismaSañto, diciendo (po
1053 1895 1438 1931 la fórmula señalada
1058 1944 1486 1979 para ello, y el efecto
1051 1992 1511 2028 que causa es fortalecer
1053 2040 1610 2077 el Alma, tambien el Cuerpo
1052 2088 1573 2125 en la Confesion de Cristo.
1009 2133 1651 2175 P. Qué es el tercer Sacramento?
1008 2184 1496 2223 R. Uno de la Ley Nueva,
1053 2234 1480 2272 cuyo principal efecto
1053 2285 1520 2322 es perdonar los pecados
