1737 2508
291 249 816 288 P. Y como ha de ser esto?
293 298 866 338 R. Gasdando esos santos dias
344 343 846 388 en cumplir este precepto
336 391 790 434 de oir Misa, y en orar,
343 439 836 484 y en estudiar con esmero
335 488 796 532 la Doctrina y Religion,
341 536 832 582 y evitando todo aquello,
340 582 830 630 que fuere ofensa de Dios,
287 634 878 675 P Y quien peca contra éstos?
284 683 820 722 R. Aquel que no oye Misa,
337 729 798 770 sin tener impedimento
335 776 832 820 justo, ó estorba que otro
336 826 876 873 la oyga, Tambien aquellos,
336 874 816 919 que trabajan estos dias,
335 921 768 964 ó dan causa para ello
334 968 842 1012 á otros, siendo el trabajo
331 1018 803 1061 escesivo, y no habiendo
335 1066 823 1112 necesidad muy urgente.
331 1115 925 1160 Tambien peca el que teniendo
329 1162 801 1205 edad y salud, no ayuna
331 1210 857 1254 cuando lo tiene dispuesto
325 1257 868 1303 la Santa Iglesia, y tambien
332 1306 950 1354 quien noconfiesa en los tiempos
332 1355 877 1401 que nianda la Santa Iglesia,
325 1400 967 1449 y comulga bien dispuesto. (ma
331 1451 963 1496 Tambien peca el que en Cuares:
331 1499 847 1543 laticinios come, ó huevos
331 1546 801 1590 sin Bula de la Cruzada.
278 1594 876 1638 P. El que me instruyás deseo
332 1642 864 1688 en el Mandamiento cuarto,
274 1692 958 1740 R. Con gran gusto voy á hacerlo.
325 1738 834 1783 Cuando Dios á los Jusdios
319 1788 815 1833 les intimó este precepto,
321 1837 755 1877 les ofreció vida larga
321 1884 890 1931 de su observancia por medio,
323 1932 872 1975 y es justo que vivan mucho
317 1979 870 2024 los que honran con esmero
308 2028 811 2071 á quien le deben lá vida:
324 2076 782 2118 por eso todos debemos
320 2123 950 2172 honrar nuestro Padre y Madre.
271 2172 809 2214 P Y cómo los honrarémos?
271 2221 855 2264 R. Siéndoles muy obedientes
313 2269 865 2315 en lo que es licito y bueno,
314 2318 805 2365 respetuosos y humildes,
1078 254 1548 300 su pobreza socorriendo
1069 303 1507 345 aliviando sus trabajos,
1069 351 1576 396 y sus flaquezas sufriendo,
1067 401 1470 440 si tienen necesidad,
1071 448 1597 489 ó si son viejos ó enfermos.
1020 498 1600 537 P. Y los Padres con sus Hijos
1075 545 1678 587 qué deben hacer? R. Primero
1075 593 1551 635 criarlos Cristianamente,
1070 640 1606 686 dándoles buenos ejemplos,
1065 691 1510 732 enseñarles la Dotrina,
1063 736 1566 783 y corregir sus siniestros,
1063 783 1515 827 y despues darle estado
1064 835 1541 875 á su gusto y á su tiempo.
1015 883 1597 925 P. Esplícame pues el quinto.
1009 932 1651 973 R. Lo que en este Mandamiento
1067 979 1553 1020 prohibe Dios, es matar
1060 1029 1626 1069 herir, ó injuriar de intento.
1009 1077 1604 1116 P. Es permitido el vengarse?
1008 1125 1638 1164 R. No. P. Si á mi enemigo veo
1057 1172 1646 1214 en trabajos, puedo holgarme?
1007 1221 1642 1262 R. Pecarás. P. Y aborrecerlo?
1009 1269 1696 1309 R. No puedes, porque estu herma-
1003 1316 1690 1358 P. Y yo á mi mismo, puedo (no
1055 1365 1648 1407 matarme? R. Te condenarás.
1003 1413 1706 1455 P. Y es contra este Máudamiento
1056 1460 1444 1503 escandalizar á otro.
1003 1511 1697 1551 R. Sí, P Pues qué mata en ello?
1013 1558 1628 1598 R. El Alma de aquel qué peca
1063 1607 1668 1645 por su causa. P. Dime el sesto
1058 1654 1670 1693 Mandamiento? R. Este prohibe
1055 1703 1579 1741 el usar de nuestro cuerpo
1047 1750 1458 1790 ifícitamente, y todo
1047 1799 1544 1838 lo que fuere deshonesto,
1048 1847 1437 1889 hablar, oir ó tocar.
1055 1896 1561 1935 ó consentir pensamientos
1052 1942 1502 1981 de lujuria, ó nó évitar
1047 1992 1558 2032 las ocasiones de hacerlo.
1004 2041 1534 2077 P. Y para poder ser casto
1054 2088 1551 2126 me darás algun remedio?
996 2138 1608 2178 R. Huye las malas compañias,
1041 2186 1588 2223 que son un mortal veneno
1041 2235 1530 2270 de la juventud; tambien
1044 2282 1484 2319 el ocio, enemigo fiero
1041 2333 1508 2369 de la virtud: asimismo
