1737 2508
466 500 1294 544 TERCERA PARTE.
218 708 1541 758 En que tienen fin los peregrinos sucesos que acontecieron
592 763 1153 807 á la condesa Florisela.
207 977 637 1016 Aumentaba Florisela
165 1026 643 1063 sus cristalinos raudales
159 1076 631 1113 hecha sirena en el mar
159 1123 701 1160 aunque con funestos ayes
169 1170 675 1210 lágrimas que de sus ojos
173 1219 633 1257 derramaban á millares,
176 1267 584 1305 pero la misericordia
168 1315 692 1353 en los mayores conflictos
167 1364 560 1402 á los afligidos vale.
164 1412 674 1449 Permitió Dios una noche
168 1460 700 1498 por ser tan largo el viaje,
164 1508 622 1546 apenas por el oriente
164 1556 746 1594 del sol que con claridades
168 1605 800 1642 se halló en la fértil provincia
168 1652 706 1691 y estados muy deleitables
168 1702 791 1738 de don Clemente, aquel duque
163 1750 711 1786 que hemos repetido antes
161 1798 726 1834 el mismo que á la princesa
167 1847 689 1883 con maña, cautela y arte,
168 1894 748 1930 triunfó de su honor y luego
163 1942 691 1979 veloz dispuso ausentarse.
162 1991 727 2028 Al tiempo que á ver pescar
164 2039 586 2077 salia por deleitarse:
165 2088 718 2125 vieron aquel barquichuelo
168 2137 746 2175 que entre las olas combate,
160 2185 657 2223 lo trajeron y á la dama
166 2234 636 2273 para que se confortase
889 970 1437 1006 de su desmayo, le aplican
890 1018 1387 1055 remedios muy eficaces.
903 1066 1500 1105 Vuelta en si le dijo el duque,
900 1115 1402 1152 por tu vida me declares
891 1164 1410 1199 lo trájico de tu historia,
899 1212 1457 1247 y ella con triste semblante
895 1257 1335 1295 dice, señor, el motivo
895 1306 1494 1344 de hallarme en estos parajes
896 1356 1448 1393 fué, que desde Barcelona
904 1403 1463 1439 yo y mi muy querido padre
894 1451 1500 1489 á Irlanda ívamos, y en medio
896 1499 1458 1537 de aquellos salobres mares
900 1548 1394 1584 se levantó una borrasca
899 1596 1416 1634 y entre furiosos bolcanes
904 1644 1418 1682 todos perdieron las vidas
902 1692 1474 1731 menos yo, que las piedades
899 1740 1401 1779 de los cielos, en el bote
896 1790 1378 1827 yo sola pude librarme.
896 1837 1467 1875 Como te llamas? y al punto
897 1885 1512 1924 dice, mi nombre es Violante,
898 1934 1356 1973 ¿sois casada? no señor
899 1983 1525 2021 respondió, que iva á casarme.
896 2027 1408 2069 Pues Violante desde hoy
895 2079 1509 2118 enmi estado has de quedarte
895 2127 1414 2166 y porque en tí reconozco
901 2179 1413 2216 deciendes de alto linage.
896 2226 1366 2265 por mas heróica fineza
