1752 2480
1097 244 1415 401 (Número 220.)
442 1189 1189 1247 FLORISELA.
587 1279 1008 1332 PRIMERA PARTE.
92 1384 1517 1426 En que se dá cuenta de los amores de la princesa Flamina y el
95 1438 1515 1480 conde de Barcelona, con los varios acontecimientos del duque
471 1491 1137 1531 de Milan y el rey de Irlanda.
147 1582 627 1617 Desde el atlantico polo
98 1630 636 1670 cuna y balcon del oriente,
99 1679 571 1715 donde el emífero carro
108 1728 580 1764 peina el dorado copete,
99 1776 607 1812 mientras sus ondas plata
99 1824 564 1860 el salado már le ofrece
103 1873 537 1909 por funesto mauseolo
103 1921 608 1957 que sus ravos obscurece.
95 1969 559 2005 Desde la Noruega fria
96 2016 595 2053 hasta la tórrida ardiente
95 2066 655 2106 publique en mi voz la fama
105 2115 565 2154 para qué todo viviente
105 2163 663 2200 oiga en mis tóscas palabras
100 2211 625 2249 la historia mas eminente
96 2257 627 2299 que los análes del tiempo
96 2311 637 2347 ha trasmitido al presente.
825 1581 1407 1619 No penseis de que os refiera
822 1630 1386 1667 aunque mi pecho lo siente
830 1678 1332 1717 el trájico fin de Arnaldo,
829 1727 1374 1766 que feneció entre paredes,
828 1777 1436 1815 ni Cleopatra á quien Tiderio,
832 1824 1392 1863 con veneno le dió muerte,
828 1872 1359 1909 ni de Olimpia ni Bildreno
824 1920 1362 1960 que murieron de repente,
828 1969 1340 2007 ni de la infeliz Lucrecia
832 2018 1318 2055 que con ánimo valiente
820 2066 1372 2104 fué homicida de si misma
832 2115 1384 2153 pues ella se dió la muerte.
829 2163 1367 2199 Ni menos de aquella reina
823 2211 1382 2248 aquien la fama engrandece
831 2261 1434 2300 que reinó despues de muerta
824 2312 1372 2347 con la corona en la frente.
