<?xml version="1.0" encoding="UTF-8" standalone="yes"?>
<PcGts xmlns="http://schema.primaresearch.org/PAGE/gts/pagecontent/2013-07-15" xmlns:xsi="http://www.w3.org/2001/XMLSchema-instance" xsi:schemaLocation="http://schema.primaresearch.org/PAGE/gts/pagecontent/2013-07-15 http://schema.primaresearch.org/PAGE/gts/pagecontent/2013-07-15/pagecontent.xsd">
    <Metadata>
        <Creator>prov=University of Rostock/Institute of Mathematics/CITlab|PLANET AI GmbH/Gundram Leifert/gundram.leifert@planet-ai.de:name=Pliegos de Cordel (XIXe) - v4(htr_id=27283)::::v=2.6.7
prov=University of Rostock/Institute of Mathematics/CITlab|PLANET AI GmbH/Tobias Gruening/tobias.gruening@planet-ai.de:name=de.uros.citlab.module.baseline2polygon.B2PSeamMultiOriented:v=2.6.7
prov=University of Rostock/Institute of Mathematics/CITlab|PLANET AI GmbH/Tobias Gruening/tobias.gruening@planet-ai.de:name=/net_tf/LA73_249_0mod360.pb:de.uros.citlab.segmentation.CITlab_LA_ML:v=2.6.7
Transkribus</Creator>
        <Created>2020-10-27T11:35:39.868+01:00</Created>
        <LastChange>2020-12-15T14:47:40.153+01:00</LastChange>
        <TranskribusMetadata docId="525389" pageId="22318671" pageNr="19" tsid="50332117" status="DONE" userId="66244" imgUrl="https://files.transkribus.eu/Get?id=VSMEDVFYRQEWKAXBLVDJUGES&amp;fileType=view" xmlUrl="https://files.transkribus.eu/Get?id=YTKKYMBJQFMIUDDXRANDAQDB" imageId="17388186"/>
    </Metadata>
    <Page imageFilename="Moreno_210_7.jpeg" imageWidth="1737" imageHeight="2508">
        <ReadingOrder>
            <OrderedGroup id="ro_1608043803709" caption="Regions reading order">
                <RegionRefIndexed index="0" regionRef="region_1607006522998_399"/>
                <RegionRefIndexed index="1" regionRef="region_1607006529524_403"/>
            </OrderedGroup>
        </ReadingOrder>
        <TextRegion orientation="0.0" id="region_1607006522998_399" custom="readingOrder {index:0;}">
            <Coords points="161,280 863,280 863,2340 161,2340"/>
            <TextLine id="region_1607006522998_399l1" custom="readingOrder {index:0;}">
                <Coords points="175,337 208,337 242,338 276,338 310,338 344,338 378,338 412,338 446,338 480,338 514,337 547,337 581,337 615,337 649,337 683,337 717,337 751,338 785,338 819,340 853,341 853,307 819,306 785,304 751,304 717,303 683,303 649,303 615,303 581,303 547,303 514,303 480,304 446,304 412,304 378,304 344,304 310,304 276,304 242,304 208,303 175,303"/>
                <Baseline points="175,326 208,326 242,327 276,327 310,327 344,327 378,327 412,327 446,327 480,327 514,326 547,326 581,326 615,326 649,326 683,326 717,326 751,327 785,327 819,329 853,330"/>
                <TextEquiv>
                    <Unicode>y es bien que á tí me descubra.</Unicode>
                </TextEquiv>
            </TextLine>
            <TextLine id="region_1607006522998_399l2" custom="readingOrder {index:1;}">
                <Coords points="171,387 196,387 221,387 247,387 272,387 297,387 323,387 348,386 373,386 399,386 424,386 449,386 475,386 500,386 525,386 551,386 576,386 601,386 627,386 652,386 678,386 678,352 652,352 627,352 601,352 576,352 551,352 525,352 500,352 475,352 449,352 424,352 399,352 373,352 348,352 323,353 297,353 272,353 247,353 221,353 196,353 171,353"/>
                <Baseline points="171,376 196,376 221,376 247,376 272,376 297,376 323,376 348,375 373,375 399,375 424,375 449,375 475,375 500,375 525,375 551,375 576,375 601,375 627,375 652,375 678,375"/>
                <TextEquiv>
                    <Unicode>El rey de Albania mi tio</Unicode>
                </TextEquiv>
            </TextLine>
            <TextLine id="region_1607006522998_399l3" custom="readingOrder {index:2;}">
                <Coords points="179,437 209,436 239,435 270,435 300,434 331,434 361,434 392,434 422,434 453,434 483,434 513,434 544,434 574,434 605,435 635,435 666,435 696,434 727,434 757,434 788,434 788,400 757,400 727,400 696,400 666,401 635,401 605,401 574,400 544,400 513,400 483,400 453,400 422,400 392,400 361,400 331,400 300,400 270,401 239,401 209,402 179,403"/>
                <Baseline points="179,426 209,425 239,424 270,424 300,423 331,423 361,423 392,423 422,423 453,423 483,423 513,423 544,423 574,423 605,424 635,424 666,424 696,423 727,423 757,423 788,423"/>
                <TextEquiv>
                    <Unicode>tiene una hija en quien funda</Unicode>
                </TextEquiv>
            </TextLine>
            <TextLine id="region_1607006522998_399l4" custom="readingOrder {index:3;}">
                <Coords points="176,485 201,484 226,484 252,483 277,482 303,482 328,482 354,482 379,482 405,482 430,482 456,483 481,483 507,483 532,483 558,483 583,483 609,483 609,449 583,449 558,449 532,449 507,449 481,449 456,449 430,448 405,448 379,448 354,448 328,448 303,448 277,448 252,449 226,450 201,450 176,451"/>
                <Baseline points="176,474 201,473 226,473 252,472 277,471 303,471 328,471 354,471 379,471 405,471 430,471 456,472 481,472 507,472 532,472 558,472 583,472 609,472"/>
                <TextEquiv>
                    <Unicode>todo su ser y cariño,</Unicode>
                </TextEquiv>
            </TextLine>
            <TextLine id="region_1607006522998_399l5" custom="readingOrder {index:4;}">
                <Coords points="177,531 203,531 230,531 256,531 283,531 310,531 336,531 363,531 390,531 416,531 443,531 470,531 496,531 523,531 550,531 576,531 603,531 630,532 656,532 683,532 710,531 710,498 683,499 656,499 630,499 603,498 576,498 550,498 523,498 496,498 470,498 443,498 416,498 390,498 363,498 336,498 310,498 283,498 256,498 230,498 203,498 177,498"/>
                <Baseline points="177,520 203,520 230,520 256,520 283,520 310,520 336,520 363,520 390,520 416,520 443,520 470,520 496,520 523,520 550,520 576,520 603,520 630,521 656,521 683,521 710,520"/>
                <TextEquiv>
                    <Unicode>ésta como criatura herró,</Unicode>
                </TextEquiv>
            </TextLine>
            <TextLine id="region_1607006522998_399l6" custom="readingOrder {index:5;}">
                <Coords points="173,577 198,578 223,579 249,579 274,580 299,580 325,580 350,581 376,581 401,581 426,581 452,581 477,580 502,580 528,580 553,579 579,579 579,545 553,545 528,546 502,546 477,546 452,547 426,547 401,547 376,547 350,547 325,546 299,546 274,546 249,545 223,545 198,544 173,543"/>
                <Baseline points="173,566 198,567 223,568 249,568 274,569 299,569 325,569 350,570 376,570 401,570 426,570 452,570 477,569 502,569 528,569 553,568 579,568"/>
                <TextEquiv>
                    <Unicode>porque un caballero</Unicode>
                </TextEquiv>
            </TextLine>
            <TextLine id="region_1607006522998_399l7" custom="readingOrder {index:6;}">
                <Coords points="180,626 205,627 230,627 255,628 281,628 306,629 331,629 357,629 382,629 407,629 433,628 458,628 483,628 508,628 534,628 559,628 584,628 610,628 635,628 660,629 686,629 686,596 660,596 635,595 610,595 584,595 559,595 534,595 508,595 483,595 458,595 433,595 407,596 382,596 357,596 331,596 306,596 281,595 255,595 230,594 205,594 180,593"/>
                <Baseline points="180,615 205,616 230,616 255,617 281,617 306,618 331,618 357,618 382,618 407,618 433,617 458,617 483,617 508,617 534,617 559,617 584,617 610,617 635,617 660,618 686,618"/>
                <TextEquiv>
                    <Unicode>de su crédito hizo burla,</Unicode>
                </TextEquiv>
            </TextLine>
            <TextLine id="region_1607006522998_399l8" custom="readingOrder {index:7;}">
                <Coords points="175,676 205,676 235,677 265,677 295,677 325,677 355,677 386,676 416,676 446,676 476,676 506,675 536,675 566,675 597,674 627,674 657,674 687,674 717,675 747,675 778,676 778,643 747,642 717,642 687,641 657,641 627,641 597,641 566,642 536,642 506,642 476,643 446,643 416,643 386,643 355,644 325,644 295,644 265,644 235,644 205,643 175,643"/>
                <Baseline points="175,665 205,665 235,666 265,666 295,666 325,666 355,666 386,665 416,665 446,665 476,665 506,664 536,664 566,664 597,663 627,663 657,663 687,663 717,664 747,664 778,665"/>
                <TextEquiv>
                    <Unicode>temiendo fuesen en su busca</Unicode>
                </TextEquiv>
            </TextLine>
            <TextLine id="region_1607006522998_399l9" custom="readingOrder {index:8;}">
                <Coords points="179,725 204,725 230,725 255,725 281,724 306,724 332,724 357,724 383,723 408,723 434,723 459,723 485,723 510,722 536,722 561,723 587,723 612,723 638,724 664,724 664,691 638,691 612,690 587,690 561,690 536,689 510,689 485,690 459,690 434,690 408,690 383,690 357,691 332,691 306,691 281,691 255,692 230,692 204,692 179,692"/>
                <Baseline points="179,714 204,714 230,714 255,714 281,713 306,713 332,713 357,713 383,712 408,712 434,712 459,712 485,712 510,711 536,711 561,712 587,712 612,712 638,713 664,713"/>
                <TextEquiv>
                    <Unicode>se aseguró con casarse;</Unicode>
                </TextEquiv>
            </TextLine>
            <TextLine id="region_1607006522998_399l10" custom="readingOrder {index:9;}">
                <Coords points="173,770 198,772 223,773 248,774 273,774 298,774 323,774 348,773 373,773 398,772 423,772 448,771 473,770 498,770 523,770 548,771 573,772 598,773 623,775 623,742 598,740 573,739 548,738 523,737 498,737 473,737 448,738 423,739 398,739 373,740 348,740 323,741 298,741 273,741 248,741 223,740 198,739 173,737"/>
                <Baseline points="173,759 198,761 223,762 248,763 273,763 298,763 323,763 348,762 373,762 398,761 423,761 448,760 473,759 498,759 523,759 548,760 573,761 598,762 623,764"/>
                <TextEquiv>
                    <Unicode>y para pena mas dura</Unicode>
                </TextEquiv>
            </TextLine>
            <TextLine id="region_1607006522998_399l11" custom="readingOrder {index:10;}">
                <Coords points="176,824 203,823 231,822 258,822 286,821 313,821 341,821 368,821 396,821 423,821 451,821 479,821 506,821 534,821 561,821 589,821 616,821 644,821 671,821 699,821 727,821 727,788 699,788 671,788 644,788 616,788 589,788 561,788 534,788 506,788 479,788 451,788 423,788 396,788 368,788 341,788 313,788 286,788 258,789 231,789 203,790 176,791"/>
                <Baseline points="176,813 203,812 231,811 258,811 286,810 313,810 341,810 368,810 396,810 423,810 451,810 479,810 506,810 534,810 561,810 589,810 616,810 644,810 671,810 699,810 727,810"/>
                <TextEquiv>
                    <Unicode>por la puerta de la infanta</Unicode>
                </TextEquiv>
            </TextLine>
            <TextLine id="region_1607006522998_399l12" custom="readingOrder {index:11;}">
                <Coords points="179,869 207,869 235,868 264,868 292,868 321,868 349,868 378,868 406,868 435,868 463,869 491,869 520,869 548,869 577,869 605,869 634,869 662,869 691,869 719,869 748,870 748,837 719,836 691,836 662,836 634,836 605,836 577,836 548,836 520,836 491,836 463,836 435,835 406,835 378,835 349,835 321,835 292,835 264,835 235,835 207,836 179,836"/>
                <Baseline points="179,858 207,858 235,857 264,857 292,857 321,857 349,857 378,857 406,857 435,857 463,858 491,858 520,858 548,858 577,858 605,858 634,858 662,858 691,858 719,858 748,859"/>
                <TextEquiv>
                    <Unicode>se entra con esposa é hijos.</Unicode>
                </TextEquiv>
            </TextLine>
            <TextLine id="region_1607006522998_399l13" custom="readingOrder {index:12;}">
                <Coords points="171,917 198,917 225,917 252,917 279,917 306,917 333,917 361,917 388,917 415,917 442,917 469,917 496,917 523,917 551,917 578,917 605,917 632,917 659,918 686,918 714,919 714,885 686,884 659,884 632,883 605,883 578,883 551,883 523,883 496,883 469,883 442,883 415,883 388,883 361,883 333,883 306,883 279,883 252,883 225,883 198,883 171,883"/>
                <Baseline points="171,906 198,906 225,906 252,906 279,906 306,906 333,906 361,906 388,906 415,906 442,906 469,906 496,906 523,906 551,906 578,906 605,906 632,906 659,907 686,907 714,908"/>
                <TextEquiv>
                    <Unicode>La infanta de celos muere,</Unicode>
                </TextEquiv>
            </TextLine>
            <TextLine id="region_1607006522998_399l14" custom="readingOrder {index:13;}">
                <Coords points="171,966 200,966 229,966 258,966 287,966 316,966 345,966 375,965 404,965 433,965 462,965 491,965 520,965 549,965 579,965 608,965 637,966 666,966 695,966 724,966 754,967 754,933 724,932 695,932 666,932 637,932 608,931 579,931 549,931 520,931 491,931 462,931 433,931 404,931 375,931 345,932 316,932 287,932 258,932 229,932 200,932 171,932"/>
                <Baseline points="171,955 200,955 229,955 258,955 287,955 316,955 345,955 375,954 404,954 433,954 462,954 491,954 520,954 549,954 579,954 608,954 637,955 666,955 695,955 724,955 754,956"/>
                <TextEquiv>
                    <Unicode>su padre aunque sabio duda</Unicode>
                </TextEquiv>
            </TextLine>
            <TextLine id="region_1607006522998_399l15" custom="readingOrder {index:14;}">
                <Coords points="179,1014 205,1014 231,1014 258,1015 284,1015 310,1015 337,1015 363,1015 389,1015 416,1015 442,1015 468,1014 495,1014 521,1014 547,1014 574,1014 600,1014 627,1015 627,981 600,980 574,980 547,980 521,980 495,980 468,980 442,981 416,981 389,981 363,981 337,981 310,981 284,981 258,981 231,980 205,980 179,980"/>
                <Baseline points="179,1003 205,1003 231,1003 258,1004 284,1004 310,1004 337,1004 363,1004 389,1004 416,1004 442,1004 468,1003 495,1003 521,1003 547,1003 574,1003 600,1003 627,1004"/>
                <TextEquiv>
                    <Unicode>como atajar este daño</Unicode>
                </TextEquiv>
            </TextLine>
            <TextLine id="region_1607006522998_399l16" custom="readingOrder {index:15;}">
                <Coords points="186,1064 211,1063 237,1063 262,1062 288,1062 313,1062 339,1062 364,1062 390,1062 416,1062 441,1062 467,1062 492,1063 518,1063 543,1064 569,1064 594,1064 620,1065 646,1065 646,1032 620,1032 594,1031 569,1031 543,1031 518,1030 492,1030 467,1029 441,1029 416,1029 390,1029 364,1029 339,1029 313,1029 288,1029 262,1029 237,1030 211,1030 186,1031"/>
                <Baseline points="186,1053 211,1052 237,1052 262,1051 288,1051 313,1051 339,1051 364,1051 390,1051 416,1051 441,1051 467,1051 492,1052 518,1052 543,1053 569,1053 594,1053 620,1054 646,1054"/>
                <TextEquiv>
                    <Unicode>y conmigo lo consulta,</Unicode>
                </TextEquiv>
            </TextLine>
            <TextLine id="region_1607006522998_399l17" custom="readingOrder {index:16;}">
                <Coords points="183,1109 208,1110 234,1111 260,1112 286,1112 311,1112 337,1113 363,1113 389,1112 414,1112 440,1112 466,1112 492,1112 517,1112 543,1112 569,1112 595,1112 620,1113 646,1114 672,1116 698,1117 698,1084 672,1083 646,1081 620,1080 595,1079 569,1079 543,1079 517,1079 492,1079 466,1079 440,1079 414,1079 389,1079 363,1080 337,1080 311,1079 286,1079 260,1079 234,1078 208,1077 183,1076"/>
                <Baseline points="183,1098 208,1099 234,1100 260,1101 286,1101 311,1101 337,1102 363,1102 389,1101 414,1101 440,1101 466,1101 492,1101 517,1101 543,1101 569,1101 595,1101 620,1102 646,1103 672,1105 698,1106"/>
                <TextEquiv>
                    <Unicode>yo solo no doy sentencia,</Unicode>
                </TextEquiv>
            </TextLine>
            <TextLine id="region_1607006522998_399l18" custom="readingOrder {index:17;}">
                <Coords points="181,1157 206,1158 232,1159 257,1160 283,1160 308,1161 334,1161 360,1161 385,1161 411,1161 436,1161 462,1161 487,1160 513,1160 539,1160 564,1160 590,1160 615,1160 641,1161 667,1161 667,1128 641,1128 615,1127 590,1127 564,1127 539,1127 513,1127 487,1127 462,1128 436,1128 411,1128 385,1128 360,1128 334,1128 308,1128 283,1127 257,1127 232,1126 206,1125 181,1124"/>
                <Baseline points="181,1146 206,1147 232,1148 257,1149 283,1149 308,1150 334,1150 360,1150 385,1150 411,1150 436,1150 462,1150 487,1149 513,1149 539,1149 564,1149 590,1149 615,1149 641,1150 667,1150"/>
                <TextEquiv>
                    <Unicode>por eso busco tu ayuda.</Unicode>
                </TextEquiv>
            </TextLine>
            <TextLine id="region_1607006522998_399l19" custom="readingOrder {index:18;}">
                <Coords points="175,1205 202,1206 230,1206 258,1207 286,1207 313,1208 341,1208 369,1208 397,1208 424,1208 452,1209 480,1209 508,1209 535,1209 563,1209 591,1209 619,1209 646,1209 674,1209 702,1209 730,1209 730,1176 702,1176 674,1176 646,1176 619,1176 591,1176 563,1176 535,1176 508,1176 480,1176 452,1176 424,1175 397,1175 369,1175 341,1175 313,1175 286,1174 258,1174 230,1173 202,1173 175,1172"/>
                <Baseline points="175,1194 202,1195 230,1195 258,1196 286,1196 313,1197 341,1197 369,1197 397,1197 424,1197 452,1198 480,1198 508,1198 535,1198 563,1198 591,1198 619,1198 646,1198 674,1198 702,1198 730,1198"/>
                <TextEquiv>
                    <Unicode>Respondió el conde, señor,</Unicode>
                </TextEquiv>
            </TextLine>
            <TextLine id="region_1607006522998_399l20" custom="readingOrder {index:19;}">
                <Coords points="175,1255 207,1256 239,1256 271,1257 303,1257 335,1257 367,1257 399,1257 431,1256 463,1256 495,1256 527,1255 559,1255 591,1255 623,1255 655,1255 687,1255 719,1255 751,1256 783,1257 816,1258 816,1225 783,1224 751,1223 719,1222 687,1222 655,1222 623,1222 591,1222 559,1222 527,1222 495,1223 463,1223 431,1223 399,1224 367,1224 335,1224 303,1224 271,1224 239,1223 207,1223 175,1222"/>
                <Baseline points="175,1244 207,1245 239,1245 271,1246 303,1246 335,1246 367,1246 399,1246 431,1245 463,1245 495,1245 527,1244 559,1244 591,1244 623,1244 655,1244 687,1244 719,1244 751,1245 783,1246 816,1247"/>
                <TextEquiv>
                    <Unicode>pues no hay mejor compostura,</Unicode>
                </TextEquiv>
            </TextLine>
            <TextLine id="region_1607006522998_399l21" custom="readingOrder {index:20;}">
                <Coords points="173,1303 203,1304 233,1304 264,1304 294,1304 325,1304 355,1305 386,1305 416,1304 447,1304 477,1304 508,1304 538,1304 569,1304 599,1304 630,1304 660,1304 691,1304 721,1304 752,1304 752,1270 721,1270 691,1270 660,1270 630,1270 599,1270 569,1270 538,1270 508,1270 477,1270 447,1270 416,1270 386,1271 355,1271 325,1270 294,1270 264,1270 233,1270 203,1270 173,1269"/>
                <Baseline points="173,1292 203,1293 233,1293 264,1293 294,1293 325,1293 355,1294 386,1294 416,1293 447,1293 477,1293 508,1293 538,1293 569,1293 599,1293 630,1293 660,1293 691,1293 721,1293 752,1293"/>
                <TextEquiv>
                    <Unicode>que estando con vuestro tio</Unicode>
                </TextEquiv>
            </TextLine>
            <TextLine id="region_1607006522998_399l22" custom="readingOrder {index:21;}">
                <Coords points="171,1351 202,1352 233,1353 264,1353 295,1354 326,1354 357,1354 388,1354 419,1354 450,1354 481,1354 512,1354 543,1354 574,1354 605,1354 636,1354 667,1354 698,1354 729,1355 760,1356 792,1356 792,1322 760,1322 729,1321 698,1320 667,1320 636,1320 605,1320 574,1320 543,1320 512,1320 481,1320 450,1320 419,1320 388,1320 357,1320 326,1320 295,1320 264,1319 233,1319 202,1318 171,1317"/>
                <Baseline points="171,1340 202,1341 233,1342 264,1342 295,1343 326,1343 357,1343 388,1343 419,1343 450,1343 481,1343 512,1343 543,1343 574,1343 605,1343 636,1343 667,1343 698,1343 729,1344 760,1345 792,1345"/>
                <TextEquiv>
                    <Unicode>la guerra en su mayor lucha,</Unicode>
                </TextEquiv>
            </TextLine>
            <TextLine id="region_1607006522998_399l23" custom="readingOrder {index:22;}">
                <Coords points="179,1401 204,1402 229,1402 254,1402 280,1402 305,1402 330,1402 356,1402 381,1402 406,1402 432,1401 457,1401 482,1401 508,1401 533,1401 558,1401 584,1402 609,1402 634,1403 660,1403 660,1369 634,1369 609,1368 584,1368 558,1367 533,1367 508,1367 482,1367 457,1367 432,1367 406,1368 381,1368 356,1368 330,1368 305,1368 280,1368 254,1368 229,1368 204,1368 179,1367"/>
                <Baseline points="179,1390 204,1391 229,1391 254,1391 280,1391 305,1391 330,1391 356,1391 381,1391 406,1391 432,1390 457,1390 482,1390 508,1390 533,1390 558,1390 584,1391 609,1391 634,1392 660,1392"/>
                <TextEquiv>
                    <Unicode>haga lo que hizo David</Unicode>
                </TextEquiv>
            </TextLine>
            <TextLine id="region_1607006522998_399l24" custom="readingOrder {index:23;}">
                <Coords points="180,1449 208,1450 236,1450 264,1450 292,1450 320,1451 348,1451 376,1451 404,1451 432,1451 460,1451 488,1450 516,1450 544,1450 572,1450 600,1450 628,1450 656,1450 684,1450 712,1451 740,1451 740,1417 712,1417 684,1416 656,1416 628,1416 600,1416 572,1416 544,1416 516,1416 488,1416 460,1417 432,1417 404,1417 376,1417 348,1417 320,1417 292,1416 264,1416 236,1416 208,1416 180,1415"/>
                <Baseline points="180,1438 208,1439 236,1439 264,1439 292,1439 320,1440 348,1440 376,1440 404,1440 432,1440 460,1440 488,1439 516,1439 544,1439 572,1439 600,1439 628,1439 656,1439 684,1439 712,1440 740,1440"/>
                <TextEquiv>
                    <Unicode>que entre la enemiga turba</Unicode>
                </TextEquiv>
            </TextLine>
            <TextLine id="region_1607006522998_399l25" custom="readingOrder {index:24;}">
                <Coords points="177,1497 202,1497 227,1498 252,1498 277,1498 302,1498 327,1498 353,1498 378,1498 403,1498 428,1498 453,1498 478,1498 504,1498 529,1498 554,1498 579,1498 604,1498 629,1498 655,1497 655,1463 629,1464 604,1464 579,1464 554,1464 529,1464 504,1464 478,1464 453,1464 428,1464 403,1464 378,1464 353,1464 327,1464 302,1464 277,1464 252,1464 227,1464 202,1463 177,1463"/>
                <Baseline points="177,1486 202,1486 227,1487 252,1487 277,1487 302,1487 327,1487 353,1487 378,1487 403,1487 428,1487 453,1487 478,1487 504,1487 529,1487 554,1487 579,1487 604,1487 629,1487 655,1486"/>
                <TextEquiv>
                    <Unicode>puso al capitan Hurias</Unicode>
                </TextEquiv>
            </TextLine>
            <TextLine id="region_1607006522998_399l26" custom="readingOrder {index:25;}">
                <Coords points="183,1544 211,1545 240,1546 268,1547 297,1547 326,1547 354,1547 383,1547 411,1547 440,1547 469,1547 497,1547 526,1546 554,1546 583,1546 612,1546 640,1546 669,1546 697,1546 726,1547 755,1547 755,1514 726,1514 697,1513 669,1513 640,1513 612,1513 583,1513 554,1513 526,1513 497,1514 469,1514 440,1514 411,1514 383,1514 354,1514 326,1514 297,1514 268,1514 240,1513 211,1512 183,1511"/>
                <Baseline points="183,1533 211,1534 240,1535 268,1536 297,1536 326,1536 354,1536 383,1536 411,1536 440,1536 469,1536 497,1536 526,1535 554,1535 583,1535 612,1535 640,1535 669,1535 697,1535 726,1536 755,1536"/>
                <TextEquiv>
                    <Unicode>y murió á manos de la furia.</Unicode>
                </TextEquiv>
            </TextLine>
            <TextLine id="region_1607006522998_399l27" custom="readingOrder {index:26;}">
                <Coords points="175,1594 202,1594 230,1594 257,1594 285,1595 313,1595 340,1595 368,1595 396,1595 423,1595 451,1595 479,1595 506,1595 534,1595 562,1595 589,1595 617,1594 645,1594 672,1593 700,1593 728,1592 728,1559 700,1560 672,1560 645,1561 617,1561 589,1562 562,1562 534,1562 506,1562 479,1562 451,1562 423,1562 396,1562 368,1562 340,1562 313,1562 285,1562 257,1561 230,1561 202,1561 175,1561"/>
                <Baseline points="175,1583 202,1583 230,1583 257,1583 285,1584 313,1584 340,1584 368,1584 396,1584 423,1584 451,1584 479,1584 506,1584 534,1584 562,1584 589,1584 617,1583 645,1583 672,1582 700,1582 728,1581"/>
                <TextEquiv>
                    <Unicode>No conde, respondió el rey</Unicode>
                </TextEquiv>
            </TextLine>
            <TextLine id="region_1607006522998_399l28" custom="readingOrder {index:27;}">
                <Coords points="173,1641 203,1642 234,1642 265,1643 296,1643 326,1643 357,1644 388,1644 419,1643 449,1643 480,1643 511,1643 542,1643 572,1643 603,1642 634,1642 665,1642 695,1643 726,1643 757,1643 788,1644 788,1610 757,1609 726,1609 695,1609 665,1608 634,1608 603,1608 572,1609 542,1609 511,1609 480,1609 449,1609 419,1609 388,1610 357,1610 326,1609 296,1609 265,1609 234,1608 203,1608 173,1607"/>
                <Baseline points="173,1630 203,1631 234,1631 265,1632 296,1632 326,1632 357,1633 388,1633 419,1632 449,1632 480,1632 511,1632 542,1632 572,1632 603,1631 634,1631 665,1631 695,1632 726,1632 757,1632 788,1633"/>
                <TextEquiv>
                    <Unicode>que esa fué sentencia injusta</Unicode>
                </TextEquiv>
            </TextLine>
            <TextLine id="region_1607006522998_399l29" custom="readingOrder {index:28;}">
                <Coords points="177,1689 202,1690 227,1690 253,1691 278,1691 303,1691 329,1691 354,1691 379,1691 405,1691 430,1691 455,1691 481,1691 506,1691 531,1691 557,1691 582,1691 607,1691 633,1691 658,1691 684,1692 684,1658 658,1657 633,1657 607,1657 582,1657 557,1657 531,1657 506,1657 481,1657 455,1657 430,1657 405,1657 379,1657 354,1657 329,1657 303,1657 278,1657 253,1657 227,1656 202,1656 177,1655"/>
                <Baseline points="177,1678 202,1679 227,1679 253,1680 278,1680 303,1680 329,1680 354,1680 379,1680 405,1680 430,1680 455,1680 481,1680 506,1680 531,1680 557,1680 582,1680 607,1680 633,1680 658,1680 684,1681"/>
                <TextEquiv>
                    <Unicode>y luego fué él castigado</Unicode>
                </TextEquiv>
            </TextLine>
            <TextLine id="region_1607006522998_399l30" custom="readingOrder {index:29;}">
                <Coords points="182,1738 208,1738 234,1739 261,1739 287,1739 313,1740 340,1740 366,1740 392,1740 419,1740 445,1740 471,1740 498,1740 524,1740 550,1741 577,1741 603,1741 629,1741 656,1742 656,1709 629,1708 603,1708 577,1708 550,1708 524,1707 498,1707 471,1707 445,1707 419,1707 392,1707 366,1707 340,1707 313,1707 287,1706 261,1706 234,1706 208,1705 182,1705"/>
                <Baseline points="182,1727 208,1727 234,1728 261,1728 287,1728 313,1729 340,1729 366,1729 392,1729 419,1729 445,1729 471,1729 498,1729 524,1729 550,1730 577,1730 603,1730 629,1730 656,1731"/>
                <TextEquiv>
                    <Unicode>del cielo por esa culpa.</Unicode>
                </TextEquiv>
            </TextLine>
            <TextLine id="region_1607006522998_399l31" custom="readingOrder {index:30;}">
                <Coords points="172,1786 203,1787 235,1787 267,1787 299,1787 331,1787 362,1788 394,1788 426,1788 458,1788 490,1788 521,1787 553,1787 585,1787 617,1787 649,1787 680,1787 712,1787 744,1787 776,1787 808,1787 808,1754 776,1754 744,1754 712,1754 680,1754 649,1754 617,1754 585,1754 553,1754 521,1754 490,1755 458,1755 426,1755 394,1755 362,1755 331,1754 299,1754 267,1754 235,1754 203,1754 172,1753"/>
                <Baseline points="172,1775 203,1776 235,1776 267,1776 299,1776 331,1776 362,1777 394,1777 426,1777 458,1777 490,1777 521,1776 553,1776 585,1776 617,1776 649,1776 680,1776 712,1776 744,1776 776,1776 808,1776"/>
                <TextEquiv>
                    <Unicode>Pues señor que valla el mismo</Unicode>
                </TextEquiv>
            </TextLine>
            <TextLine id="region_1607006522998_399l32" custom="readingOrder {index:31;}">
                <Coords points="181,1835 209,1836 238,1836 266,1837 295,1837 324,1837 352,1837 381,1837 409,1837 438,1837 467,1837 495,1837 524,1837 552,1837 581,1836 610,1836 638,1836 667,1836 695,1836 724,1837 753,1837 753,1803 724,1803 695,1802 667,1802 638,1802 610,1802 581,1802 552,1803 524,1803 495,1803 467,1803 438,1803 409,1803 381,1803 352,1803 324,1803 295,1803 266,1803 238,1802 209,1802 181,1801"/>
                <Baseline points="181,1824 209,1825 238,1825 266,1826 295,1826 324,1826 352,1826 381,1826 409,1826 438,1826 467,1826 495,1826 524,1826 552,1826 581,1825 610,1825 638,1825 667,1825 695,1825 724,1826 753,1826"/>
                <TextEquiv>
                    <Unicode>por fuerza poder ó industria</Unicode>
                </TextEquiv>
            </TextLine>
            <TextLine id="region_1607006522998_399l33" custom="readingOrder {index:32;}">
                <Coords points="181,1884 207,1884 233,1884 259,1884 285,1885 311,1885 337,1885 363,1884 389,1884 415,1884 442,1884 468,1884 494,1884 520,1884 546,1884 572,1884 598,1884 624,1884 650,1884 676,1885 703,1885 703,1851 676,1851 650,1850 624,1850 598,1850 572,1850 546,1850 520,1850 494,1850 468,1850 442,1850 415,1850 389,1850 363,1850 337,1851 311,1851 285,1851 259,1850 233,1850 207,1850 181,1850"/>
                <Baseline points="181,1873 207,1873 233,1873 259,1873 285,1874 311,1874 337,1874 363,1873 389,1873 415,1873 442,1873 468,1873 494,1873 520,1873 546,1873 572,1873 598,1873 624,1873 650,1873 676,1874 703,1874"/>
                <TextEquiv>
                    <Unicode>quite la vida á su esposa,</Unicode>
                </TextEquiv>
            </TextLine>
            <TextLine id="region_1607006522998_399l34" custom="readingOrder {index:33;}">
                <Coords points="179,1932 204,1932 230,1932 256,1932 282,1933 308,1933 334,1933 360,1933 386,1933 412,1933 438,1933 463,1933 489,1933 515,1933 541,1933 567,1932 593,1932 619,1932 645,1932 671,1932 697,1932 697,1899 671,1899 645,1899 619,1899 593,1899 567,1899 541,1900 515,1900 489,1900 463,1900 438,1900 412,1900 386,1900 360,1900 334,1900 308,1900 282,1900 256,1899 230,1899 204,1899 179,1899"/>
                <Baseline points="179,1921 204,1921 230,1921 256,1921 282,1922 308,1922 334,1922 360,1922 386,1922 412,1922 438,1922 463,1922 489,1922 515,1922 541,1922 567,1921 593,1921 619,1921 645,1921 671,1921 697,1921"/>
                <TextEquiv>
                    <Unicode>y que si la infanta gusta</Unicode>
                </TextEquiv>
            </TextLine>
            <TextLine id="region_1607006522998_399l35" custom="readingOrder {index:34;}">
                <Coords points="180,1980 205,1980 230,1981 255,1981 281,1981 306,1981 331,1981 357,1980 382,1980 407,1980 433,1979 458,1979 483,1979 508,1979 534,1979 559,1979 584,1979 610,1979 635,1980 660,1980 686,1981 686,1948 660,1947 635,1947 610,1946 584,1946 559,1946 534,1946 508,1946 483,1946 458,1946 433,1946 407,1947 382,1947 357,1947 331,1948 306,1948 281,1948 255,1948 230,1948 205,1947 180,1947"/>
                <Baseline points="180,1969 205,1969 230,1970 255,1970 281,1970 306,1970 331,1970 357,1969 382,1969 407,1969 433,1968 458,1968 483,1968 508,1968 534,1968 559,1968 584,1968 610,1968 635,1969 660,1969 686,1970"/>
                <TextEquiv>
                    <Unicode>se case con ese hombre.</Unicode>
                </TextEquiv>
            </TextLine>
            <TextLine id="region_1607006522998_399l36" custom="readingOrder {index:35;}">
                <Coords points="174,2030 204,2030 235,2030 266,2030 296,2029 327,2029 358,2029 388,2029 419,2028 450,2028 481,2028 511,2028 542,2028 573,2027 603,2027 634,2027 665,2028 695,2028 726,2028 757,2028 788,2029 788,1995 757,1994 726,1994 695,1994 665,1994 634,1993 603,1993 573,1993 542,1994 511,1994 481,1994 450,1994 419,1994 388,1995 358,1995 327,1995 296,1995 266,1996 235,1996 204,1996 174,1996"/>
                <Baseline points="174,2019 204,2019 235,2019 266,2019 296,2018 327,2018 358,2018 388,2018 419,2017 450,2017 481,2017 511,2017 542,2017 573,2016 603,2016 634,2016 665,2017 695,2017 726,2017 757,2017 788,2018"/>
                <TextEquiv>
                    <Unicode>¿No habrá mayor compostura?</Unicode>
                </TextEquiv>
            </TextLine>
            <TextLine id="region_1607006522998_399l37" custom="readingOrder {index:36;}">
                <Coords points="173,2077 198,2077 224,2077 250,2077 275,2077 301,2077 327,2077 353,2077 378,2077 404,2076 430,2076 456,2076 481,2076 507,2076 533,2076 559,2076 584,2076 610,2076 636,2076 662,2076 662,2042 636,2042 610,2042 584,2042 559,2042 533,2042 507,2042 481,2042 456,2042 430,2042 404,2042 378,2043 353,2043 327,2043 301,2043 275,2043 250,2043 224,2043 198,2043 173,2043"/>
                <Baseline points="173,2066 198,2066 224,2066 250,2066 275,2066 301,2066 327,2066 353,2066 378,2066 404,2065 430,2065 456,2065 481,2065 507,2065 533,2065 559,2065 584,2065 610,2065 636,2065 662,2065"/>
                <TextEquiv>
                    <Unicode>replicole el rey, que no.</Unicode>
                </TextEquiv>
            </TextLine>
            <TextLine id="region_1607006522998_399l38" custom="readingOrder {index:37;}">
                <Coords points="180,2124 206,2124 232,2125 258,2125 284,2125 310,2126 336,2126 362,2126 388,2125 414,2125 441,2125 467,2125 493,2125 519,2125 545,2125 571,2124 597,2124 623,2124 649,2125 675,2125 702,2125 702,2091 675,2091 649,2091 623,2090 597,2090 571,2090 545,2091 519,2091 493,2091 467,2091 441,2091 414,2091 388,2091 362,2092 336,2092 310,2092 284,2091 258,2091 232,2091 206,2090 180,2090"/>
                <Baseline points="180,2113 206,2113 232,2114 258,2114 284,2114 310,2115 336,2115 362,2115 388,2114 414,2114 441,2114 467,2114 493,2114 519,2114 545,2114 571,2113 597,2113 623,2113 649,2114 675,2114 702,2114"/>
                <TextEquiv>
                    <Unicode>Eso es clamar las alturas</Unicode>
                </TextEquiv>
            </TextLine>
            <TextLine id="region_1607006522998_399l39" custom="readingOrder {index:38;}">
                <Coords points="178,2174 204,2175 230,2175 256,2175 282,2175 308,2175 334,2174 360,2174 386,2174 412,2173 438,2173 464,2172 490,2172 516,2172 542,2172 568,2172 594,2172 620,2173 646,2173 672,2174 672,2140 646,2139 620,2139 594,2138 568,2138 542,2138 516,2138 490,2138 464,2138 438,2139 412,2139 386,2140 360,2140 334,2140 308,2141 282,2141 256,2141 230,2141 204,2141 178,2140"/>
                <Baseline points="178,2163 204,2164 230,2164 256,2164 282,2164 308,2164 334,2163 360,2163 386,2163 412,2162 438,2162 464,2161 490,2161 516,2161 542,2161 568,2161 594,2161 620,2162 646,2162 672,2163"/>
                <TextEquiv>
                    <Unicode>como la sangre de Abel</Unicode>
                </TextEquiv>
            </TextLine>
            <TextLine id="region_1607006522998_399l40" custom="readingOrder {index:39;}">
                <Coords points="173,2222 198,2222 223,2222 248,2223 274,2223 299,2223 324,2223 350,2223 375,2222 400,2222 426,2222 451,2222 476,2221 501,2221 527,2221 552,2221 577,2221 603,2221 628,2221 653,2222 679,2222 679,2188 653,2188 628,2187 603,2187 577,2187 552,2187 527,2187 501,2187 476,2187 451,2188 426,2188 400,2188 375,2188 350,2189 324,2189 299,2189 274,2189 248,2189 223,2188 198,2188 173,2188"/>
                <Baseline points="173,2211 198,2211 223,2211 248,2212 274,2212 299,2212 324,2212 350,2212 375,2211 400,2211 426,2211 451,2211 476,2210 501,2210 527,2210 552,2210 577,2210 603,2210 628,2210 653,2211 679,2211"/>
                <TextEquiv>
                    <Unicode>si tal muerte se ejecuta.</Unicode>
                </TextEquiv>
            </TextLine>
            <TextLine id="region_1607006522998_399l41" custom="readingOrder {index:40;}">
                <Coords points="177,2269 207,2270 238,2271 269,2271 299,2272 330,2272 361,2272 391,2272 422,2272 453,2272 484,2271 514,2271 545,2271 576,2271 606,2270 637,2270 668,2270 698,2270 729,2270 760,2271 791,2271 791,2237 760,2237 729,2236 698,2236 668,2236 637,2236 606,2236 576,2237 545,2237 514,2237 484,2237 453,2238 422,2238 391,2238 361,2238 330,2238 299,2238 269,2237 238,2237 207,2236 177,2235"/>
                <Baseline points="177,2258 207,2259 238,2260 269,2260 299,2261 330,2261 361,2261 391,2261 422,2261 453,2261 484,2260 514,2260 545,2260 576,2260 606,2259 637,2259 668,2259 698,2259 729,2259 760,2260 791,2260"/>
                <TextEquiv>
                    <Unicode>Y pues no hayas otro remedio</Unicode>
                </TextEquiv>
            </TextLine>
            <TextLine id="region_1607006522998_399l42" custom="readingOrder {index:41;}">
                <Coords points="171,2319 199,2320 227,2321 256,2321 284,2322 312,2322 341,2322 369,2322 397,2322 426,2322 454,2322 483,2322 511,2322 539,2322 568,2322 596,2321 624,2321 653,2321 681,2321 710,2320 710,2286 681,2287 653,2287 624,2287 596,2287 568,2288 539,2288 511,2288 483,2288 454,2288 426,2288 397,2288 369,2288 341,2288 312,2288 284,2288 256,2287 227,2287 199,2286 171,2285"/>
                <Baseline points="171,2308 199,2309 227,2310 256,2310 284,2311 312,2311 341,2311 369,2311 397,2311 426,2311 454,2311 483,2311 511,2311 539,2311 568,2311 596,2310 624,2310 653,2310 681,2310 710,2309"/>
                <TextEquiv>
                    <Unicode>toma lee y luego escucha.</Unicode>
                </TextEquiv>
            </TextLine>
            <TextEquiv>
                <Unicode>y es bien que á tí me descubra.
El rey de Albania mi tio
tiene una hija en quien funda
todo su ser y cariño,
ésta como criatura herró,
porque un caballero
de su crédito hizo burla,
temiendo fuesen en su busca
se aseguró con casarse;
y para pena mas dura
por la puerta de la infanta
se entra con esposa é hijos.
La infanta de celos muere,
su padre aunque sabio duda
como atajar este daño
y conmigo lo consulta,
yo solo no doy sentencia,
por eso busco tu ayuda.
Respondió el conde, señor,
pues no hay mejor compostura,
que estando con vuestro tio
la guerra en su mayor lucha,
haga lo que hizo David
que entre la enemiga turba
puso al capitan Hurias
y murió á manos de la furia.
No conde, respondió el rey
que esa fué sentencia injusta
y luego fué él castigado
del cielo por esa culpa.
Pues señor que valla el mismo
por fuerza poder ó industria
quite la vida á su esposa,
y que si la infanta gusta
se case con ese hombre.
¿No habrá mayor compostura?
replicole el rey, que no.
Eso es clamar las alturas
como la sangre de Abel
si tal muerte se ejecuta.
Y pues no hayas otro remedio
toma lee y luego escucha.</Unicode>
            </TextEquiv>
        </TextRegion>
        <TextRegion orientation="0.0" id="region_1607006529524_403" custom="readingOrder {index:1;}">
            <Coords points="878,265 1605,270 1605,2340 878,2335"/>
            <TextLine id="region_1607006529524_403l1" custom="readingOrder {index:0;}">
                <Coords points="949,333 974,334 1000,336 1026,337 1052,338 1078,338 1104,338 1130,337 1156,337 1182,336 1207,336 1233,335 1259,335 1285,334 1311,334 1337,334 1363,335 1389,336 1415,337 1441,339 1441,305 1415,303 1389,302 1363,301 1337,300 1311,300 1285,300 1259,301 1233,301 1207,302 1182,302 1156,303 1130,303 1104,304 1078,304 1052,304 1026,303 1000,302 974,300 949,299"/>
                <Baseline points="949,322 974,323 1000,325 1026,326 1052,327 1078,327 1104,327 1130,326 1156,326 1182,325 1207,325 1233,324 1259,324 1285,323 1311,323 1337,323 1363,324 1389,325 1415,326 1441,328"/>
                <TextEquiv>
                    <Unicode>Sacó la carta que oculta</Unicode>
                </TextEquiv>
            </TextLine>
            <TextLine id="region_1607006529524_403l2" custom="readingOrder {index:1;}">
                <Coords points="912,383 938,384 964,384 990,385 1016,385 1042,385 1069,385 1095,385 1121,385 1147,385 1173,385 1199,385 1226,385 1252,385 1278,385 1304,385 1330,385 1357,385 1357,351 1330,351 1304,351 1278,351 1252,351 1226,351 1199,351 1173,351 1147,351 1121,351 1095,351 1069,351 1042,351 1016,351 990,351 964,350 938,350 912,349"/>
                <Baseline points="912,372 938,373 964,373 990,374 1016,374 1042,374 1069,374 1095,374 1121,374 1147,374 1173,374 1199,374 1226,374 1252,374 1278,374 1304,374 1330,374 1357,374"/>
                <TextEquiv>
                    <Unicode>traia, y le dice conde</Unicode>
                </TextEquiv>
            </TextLine>
            <TextLine id="region_1607006529524_403l3" custom="readingOrder {index:2;}">
                <Coords points="905,432 931,432 958,432 985,432 1012,432 1039,432 1066,433 1093,433 1120,433 1147,433 1174,433 1200,433 1227,433 1254,433 1281,434 1308,434 1335,434 1362,434 1389,434 1416,434 1443,434 1443,400 1416,400 1389,400 1362,400 1335,400 1308,400 1281,400 1254,399 1227,399 1200,399 1174,399 1147,399 1120,399 1093,399 1066,399 1039,398 1012,398 985,398 958,398 931,398 905,398"/>
                <Baseline points="905,421 931,421 958,421 985,421 1012,421 1039,421 1066,422 1093,422 1120,422 1147,422 1174,422 1200,422 1227,422 1254,422 1281,423 1308,423 1335,423 1362,423 1389,423 1416,423 1443,423"/>
                <TextEquiv>
                    <Unicode>hay veras como te acusan:</Unicode>
                </TextEquiv>
            </TextLine>
            <TextLine id="region_1607006529524_403l4" custom="readingOrder {index:3;}">
                <Coords points="909,481 936,481 964,481 991,481 1019,481 1047,481 1074,481 1102,481 1130,481 1157,482 1185,482 1213,482 1240,482 1268,482 1296,483 1323,483 1351,483 1379,483 1406,483 1434,483 1462,483 1462,449 1434,449 1406,449 1379,449 1351,449 1323,449 1296,449 1268,448 1240,448 1213,448 1185,448 1157,448 1130,447 1102,447 1074,447 1047,447 1019,447 991,447 964,447 936,447 909,447"/>
                <Baseline points="909,470 936,470 964,470 991,470 1019,470 1047,470 1074,470 1102,470 1130,470 1157,471 1185,471 1213,471 1240,471 1268,471 1296,472 1323,472 1351,472 1379,472 1406,472 1434,472 1462,472"/>
                <TextEquiv>
                    <Unicode>tu de has dado la sentencia</Unicode>
                </TextEquiv>
            </TextLine>
            <TextLine id="region_1607006529524_403l5" custom="readingOrder {index:4;}">
                <Coords points="911,528 939,528 968,529 997,529 1026,530 1054,530 1083,530 1112,530 1141,531 1169,531 1198,531 1227,531 1256,531 1284,531 1313,531 1342,531 1371,532 1399,532 1428,532 1457,533 1486,534 1486,500 1457,499 1428,498 1399,498 1371,498 1342,497 1313,497 1284,497 1256,497 1227,497 1198,497 1169,497 1141,497 1112,496 1083,496 1054,496 1026,496 997,495 968,495 939,494 911,494"/>
                <Baseline points="911,517 939,517 968,518 997,518 1026,519 1054,519 1083,519 1112,519 1141,520 1169,520 1198,520 1227,520 1256,520 1284,520 1313,520 1342,520 1371,521 1399,521 1428,521 1457,522 1486,523"/>
                <TextEquiv>
                    <Unicode>y antes que la oriental cuna</Unicode>
                </TextEquiv>
            </TextLine>
            <TextLine id="region_1607006529524_403l7" custom="readingOrder {index:5;}">
                <Coords points="914,578 939,578 964,579 989,579 1014,579 1039,578 1064,578 1089,578 1114,578 1139,578 1164,578 1189,578 1214,578 1239,578 1264,578 1289,578 1314,579 1339,579 1364,579 1364,545 1339,545 1314,545 1289,544 1264,544 1239,544 1214,544 1189,544 1164,544 1139,544 1114,544 1089,544 1064,544 1039,544 1014,545 989,545 964,545 939,544 914,544"/>
                <Baseline points="914,567 939,567 964,568 989,568 1014,568 1039,567 1064,567 1089,567 1114,567 1139,567 1164,567 1189,567 1214,567 1239,567 1264,567 1289,567 1314,568 1339,568 1364,568"/>
                <TextEquiv>
                    <Unicode>del mayorazgo del dia</Unicode>
                </TextEquiv>
            </TextLine>
            <TextLine id="region_1607006529524_403l8" custom="readingOrder {index:6;}">
                <Coords points="917,626 942,626 968,627 994,627 1020,627 1046,627 1072,626 1097,626 1123,626 1149,626 1175,626 1201,626 1227,626 1253,626 1278,626 1304,626 1330,627 1356,628 1382,628 1408,629 1434,630 1434,596 1408,595 1382,594 1356,594 1330,593 1304,592 1278,592 1253,592 1227,592 1201,592 1175,592 1149,592 1123,592 1097,592 1072,592 1046,593 1020,593 994,593 968,593 942,592 917,592"/>
                <Baseline points="917,615 942,615 968,616 994,616 1020,616 1046,616 1072,615 1097,615 1123,615 1149,615 1175,615 1201,615 1227,615 1253,615 1278,615 1304,615 1330,616 1356,617 1382,617 1408,618 1434,619"/>
                <TextEquiv>
                    <Unicode>peine sus madejas rubias</Unicode>
                </TextEquiv>
            </TextLine>
            <TextLine id="region_1607006529524_403l9" custom="readingOrder {index:7;}">
                <Coords points="914,674 939,674 965,675 990,675 1016,676 1041,676 1067,676 1092,676 1118,676 1143,676 1169,675 1194,675 1220,675 1245,675 1271,675 1296,675 1322,675 1348,676 1348,643 1322,642 1296,642 1271,642 1245,642 1220,642 1194,642 1169,642 1143,643 1118,643 1092,643 1067,643 1041,643 1016,643 990,642 965,642 939,641 914,641"/>
                <Baseline points="914,663 939,663 965,664 990,664 1016,665 1041,665 1067,665 1092,665 1118,665 1143,665 1169,664 1194,664 1220,664 1245,664 1271,664 1296,664 1322,664 1348,665"/>
                <TextEquiv>
                    <Unicode>ha de estar ejecutado</Unicode>
                </TextEquiv>
            </TextLine>
            <TextLine id="region_1607006529524_403l10" custom="readingOrder {index:8;}">
                <Coords points="909,719 934,721 959,723 984,724 1009,725 1034,725 1060,725 1085,725 1110,725 1135,725 1160,725 1186,724 1211,724 1236,724 1261,724 1286,724 1312,724 1312,691 1286,691 1261,691 1236,691 1211,691 1186,691 1160,692 1135,692 1110,692 1085,692 1060,692 1034,692 1009,692 984,691 959,690 934,688 909,686"/>
                <Baseline points="909,708 934,710 959,712 984,713 1009,714 1034,714 1060,714 1085,714 1110,714 1135,714 1160,714 1186,713 1211,713 1236,713 1261,713 1286,713 1312,713"/>
                <TextEquiv>
                    <Unicode>y sinó será la tuya,</Unicode>
                </TextEquiv>
            </TextLine>
            <TextLine id="region_1607006529524_403l11" custom="readingOrder {index:9;}">
                <Coords points="962,770 993,771 1025,771 1056,772 1088,772 1120,773 1151,773 1183,773 1215,773 1246,773 1278,773 1310,773 1341,773 1373,772 1405,772 1436,772 1468,773 1500,773 1531,773 1563,774 1595,774 1595,740 1563,740 1531,739 1500,739 1468,739 1436,738 1405,738 1373,738 1341,739 1310,739 1278,739 1246,739 1215,739 1183,739 1151,739 1120,739 1088,738 1056,738 1025,737 993,737 962,736"/>
                <Baseline points="962,759 993,760 1025,760 1056,761 1088,761 1120,762 1151,762 1183,762 1215,762 1246,762 1278,762 1310,762 1341,762 1373,761 1405,761 1436,761 1468,762 1500,762 1531,762 1563,763 1595,763"/>
                <TextEquiv>
                    <Unicode>Fuese y quedo el conde hech:</Unicode>
                </TextEquiv>
            </TextLine>
            <TextLine id="region_1607006529524_403l12" custom="readingOrder {index:10;}">
                <Coords points="907,817 934,819 962,820 990,821 1018,821 1046,822 1074,822 1101,822 1129,822 1157,822 1185,822 1213,822 1241,822 1269,822 1296,822 1324,822 1352,822 1380,822 1408,823 1436,824 1464,825 1464,791 1436,790 1408,789 1380,788 1352,788 1324,788 1296,788 1269,788 1241,788 1213,788 1185,788 1157,788 1129,788 1101,788 1074,788 1046,788 1018,787 990,787 962,786 934,785 907,783"/>
                <Baseline points="907,806 934,808 962,809 990,810 1018,810 1046,811 1074,811 1101,811 1129,811 1157,811 1185,811 1213,811 1241,811 1269,811 1296,811 1324,811 1352,811 1380,811 1408,812 1436,813 1464,814"/>
                <TextEquiv>
                    <Unicode>de piedra inmovil columna</Unicode>
                </TextEquiv>
            </TextLine>
            <TextLine id="region_1607006529524_403l13" custom="readingOrder {index:11;}">
                <Coords points="908,865 935,867 962,867 989,868 1016,869 1043,869 1070,869 1097,869 1124,870 1151,870 1178,870 1205,870 1232,870 1259,870 1286,870 1313,870 1340,871 1367,871 1394,871 1421,872 1448,872 1448,838 1421,838 1394,837 1367,837 1340,837 1313,836 1286,836 1259,836 1232,836 1205,836 1178,836 1151,836 1124,836 1097,835 1070,835 1043,835 1016,835 989,834 962,833 935,833 908,831"/>
                <Baseline points="908,854 935,856 962,856 989,857 1016,858 1043,858 1070,858 1097,858 1124,859 1151,859 1178,859 1205,859 1232,859 1259,859 1286,859 1313,859 1340,860 1367,860 1394,860 1421,861 1448,861"/>
                <TextEquiv>
                    <Unicode>sin poder huir que el mar</Unicode>
                </TextEquiv>
            </TextLine>
            <TextLine id="region_1607006529524_403l14" custom="readingOrder {index:12;}">
                <Coords points="908,914 933,915 958,915 983,916 1008,916 1033,917 1058,917 1083,917 1108,917 1133,917 1159,917 1184,917 1209,917 1234,917 1259,917 1284,917 1309,917 1334,917 1359,918 1384,918 1410,919 1410,885 1384,884 1359,884 1334,883 1309,883 1284,883 1259,883 1234,883 1209,883 1184,883 1159,883 1133,883 1108,883 1083,883 1058,883 1033,883 1008,882 983,882 958,881 933,881 908,880"/>
                <Baseline points="908,903 933,904 958,904 983,905 1008,905 1033,906 1058,906 1083,906 1108,906 1133,906 1159,906 1184,906 1209,906 1234,906 1259,906 1284,906 1309,906 1334,906 1359,907 1384,907 1410,908"/>
                <TextEquiv>
                    <Unicode>aquellas olas circundan.</Unicode>
                </TextEquiv>
            </TextLine>
            <TextLine id="region_1607006529524_403l15" custom="readingOrder {index:13;}">
                <Coords points="915,963 941,963 967,964 993,964 1019,964 1045,965 1071,965 1098,965 1124,965 1150,965 1176,964 1202,964 1228,964 1254,964 1281,964 1307,965 1333,965 1359,965 1385,966 1411,967 1438,968 1438,934 1411,933 1385,932 1359,931 1333,931 1307,931 1281,930 1254,930 1228,930 1202,930 1176,930 1150,931 1124,931 1098,931 1071,931 1045,931 1019,930 993,930 967,930 941,929 915,929"/>
                <Baseline points="915,952 941,952 967,953 993,953 1019,953 1045,954 1071,954 1098,954 1124,954 1150,954 1176,953 1202,953 1228,953 1254,953 1281,953 1307,954 1333,954 1359,954 1385,955 1411,956 1438,957"/>
                <TextEquiv>
                    <Unicode>Fuese y cuando Florisela</Unicode>
                </TextEquiv>
            </TextLine>
            <TextLine id="region_1607006529524_403l16" custom="readingOrder {index:14;}">
                <Coords points="910,1010 938,1011 967,1013 996,1013 1024,1014 1053,1015 1082,1015 1110,1015 1139,1015 1168,1015 1197,1015 1225,1015 1254,1015 1283,1014 1311,1014 1340,1014 1369,1014 1397,1015 1426,1015 1455,1016 1484,1016 1484,982 1455,982 1426,981 1397,981 1369,980 1340,980 1311,980 1283,980 1254,981 1225,981 1197,981 1168,981 1139,981 1110,981 1082,981 1053,981 1024,980 996,979 967,979 938,977 910,976"/>
                <Baseline points="910,999 938,1000 967,1002 996,1002 1024,1003 1053,1004 1082,1004 1110,1004 1139,1004 1168,1004 1197,1004 1225,1004 1254,1004 1283,1003 1311,1003 1340,1003 1369,1003 1397,1004 1426,1004 1455,1005 1484,1005"/>
                <TextEquiv>
                    <Unicode>vió que el color se le muda,</Unicode>
                </TextEquiv>
            </TextLine>
            <TextLine id="region_1607006529524_403l17" custom="readingOrder {index:15;}">
                <Coords points="916,1061 942,1062 968,1063 994,1063 1021,1064 1047,1064 1073,1064 1099,1064 1126,1064 1152,1064 1178,1064 1204,1063 1231,1063 1257,1063 1283,1063 1309,1063 1336,1063 1362,1064 1388,1064 1415,1065 1415,1031 1388,1030 1362,1030 1336,1029 1309,1029 1283,1029 1257,1029 1231,1029 1204,1029 1178,1030 1152,1030 1126,1030 1099,1030 1073,1030 1047,1030 1021,1030 994,1029 968,1029 942,1028 916,1027"/>
                <Baseline points="916,1050 942,1051 968,1052 994,1052 1021,1053 1047,1053 1073,1053 1099,1053 1126,1053 1152,1053 1178,1053 1204,1052 1231,1052 1257,1052 1283,1052 1309,1052 1336,1052 1362,1053 1388,1053 1415,1054"/>
                <TextEquiv>
                    <Unicode>le dice, esposo del alma</Unicode>
                </TextEquiv>
            </TextLine>
            <TextLine id="region_1607006529524_403l18" custom="readingOrder {index:16;}">
                <Coords points="908,1110 933,1110 959,1111 984,1111 1010,1112 1035,1112 1061,1112 1086,1112 1112,1112 1137,1112 1163,1112 1188,1112 1214,1113 1239,1113 1265,1113 1290,1113 1316,1113 1341,1113 1367,1113 1392,1113 1418,1113 1418,1079 1392,1079 1367,1079 1341,1079 1316,1079 1290,1079 1265,1079 1239,1079 1214,1079 1188,1078 1163,1078 1137,1078 1112,1078 1086,1078 1061,1078 1035,1078 1010,1078 984,1077 959,1077 933,1076 908,1076"/>
                <Baseline points="908,1099 933,1099 959,1100 984,1100 1010,1101 1035,1101 1061,1101 1086,1101 1112,1101 1137,1101 1163,1101 1188,1101 1214,1102 1239,1102 1265,1102 1290,1102 1316,1102 1341,1102 1367,1102 1392,1102 1418,1102"/>
                <TextEquiv>
                    <Unicode>que pesares te atribulan</Unicode>
                </TextEquiv>
            </TextLine>
            <TextLine id="region_1607006529524_403l19" custom="readingOrder {index:17;}">
                <Coords points="907,1165 936,1164 966,1163 995,1161 1025,1161 1055,1160 1084,1160 1114,1159 1143,1159 1173,1159 1203,1159 1232,1159 1262,1159 1291,1160 1321,1160 1351,1160 1380,1160 1410,1160 1439,1160 1469,1160 1499,1160 1499,1129 1469,1129 1439,1129 1410,1129 1380,1129 1351,1129 1321,1129 1291,1129 1262,1128 1232,1128 1203,1128 1173,1128 1143,1128 1114,1128 1084,1129 1055,1129 1025,1130 995,1130 966,1132 936,1133 907,1134"/>
                <Baseline points="907,1155 936,1154 966,1153 995,1151 1025,1151 1055,1150 1084,1150 1114,1149 1143,1149 1173,1149 1203,1149 1232,1149 1262,1149 1291,1150 1321,1150 1351,1150 1380,1150 1410,1150 1439,1150 1469,1150 1499,1150"/>
                <TextEquiv>
                    <Unicode>¿Que confusion te suspende?</Unicode>
                </TextEquiv>
            </TextLine>
            <TextLine id="region_1607006529524_403l20" custom="readingOrder {index:18;}">
                <Coords points="918,1205 946,1206 974,1206 1002,1207 1030,1207 1058,1207 1086,1208 1114,1208 1142,1208 1170,1208 1199,1208 1227,1207 1255,1207 1283,1207 1311,1207 1339,1207 1367,1207 1395,1207 1423,1207 1451,1208 1480,1208 1480,1177 1451,1177 1423,1176 1395,1176 1367,1176 1339,1176 1311,1176 1283,1176 1255,1176 1227,1176 1199,1177 1170,1177 1142,1177 1114,1177 1086,1177 1058,1176 1030,1176 1002,1176 974,1175 946,1175 918,1174"/>
                <Baseline points="918,1195 946,1196 974,1196 1002,1197 1030,1197 1058,1197 1086,1198 1114,1198 1142,1198 1170,1198 1199,1198 1227,1197 1255,1197 1283,1197 1311,1197 1339,1197 1367,1197 1395,1197 1423,1197 1451,1198 1480,1198"/>
                <TextEquiv>
                    <Unicode>cuándo tu vista fué mustia?</Unicode>
                </TextEquiv>
            </TextLine>
            <TextLine id="region_1607006529524_403l21" custom="readingOrder {index:19;}">
                <Coords points="924,1252 953,1253 982,1254 1011,1255 1041,1256 1070,1256 1099,1257 1129,1257 1158,1257 1187,1257 1217,1256 1246,1256 1275,1256 1304,1256 1334,1256 1363,1256 1392,1256 1422,1256 1451,1256 1480,1256 1510,1257 1510,1224 1480,1223 1451,1223 1422,1223 1392,1223 1363,1223 1334,1223 1304,1223 1275,1223 1246,1223 1217,1223 1187,1224 1158,1224 1129,1224 1099,1224 1070,1223 1041,1223 1011,1222 982,1221 953,1220 924,1219"/>
                <Baseline points="924,1241 953,1242 982,1243 1011,1244 1041,1245 1070,1245 1099,1246 1129,1246 1158,1246 1187,1246 1217,1245 1246,1245 1275,1245 1304,1245 1334,1245 1363,1245 1392,1245 1422,1245 1451,1245 1480,1245 1510,1246"/>
                <TextEquiv>
                    <Unicode>Y formando en sí un suspiro</Unicode>
                </TextEquiv>
            </TextLine>
            <TextLine id="region_1607006529524_403l22" custom="readingOrder {index:20;}">
                <Coords points="920,1301 947,1302 974,1303 1001,1303 1028,1304 1055,1304 1082,1305 1109,1305 1136,1305 1163,1305 1190,1305 1217,1305 1244,1305 1271,1305 1298,1305 1325,1305 1352,1305 1379,1305 1406,1306 1433,1306 1460,1306 1460,1272 1433,1272 1406,1272 1379,1271 1352,1271 1325,1271 1298,1271 1271,1271 1244,1271 1217,1271 1190,1271 1163,1271 1136,1271 1109,1271 1082,1271 1055,1270 1028,1270 1001,1269 974,1269 947,1268 920,1267"/>
                <Baseline points="920,1290 947,1291 974,1292 1001,1292 1028,1293 1055,1293 1082,1294 1109,1294 1136,1294 1163,1294 1190,1294 1217,1294 1244,1294 1271,1294 1298,1294 1325,1294 1352,1294 1379,1294 1406,1295 1433,1295 1460,1295"/>
                <TextEquiv>
                    <Unicode>dijo con ancias profundas.</Unicode>
                </TextEquiv>
            </TextLine>
            <TextLine id="region_1607006529524_403l23" custom="readingOrder {index:21;}">
                <Coords points="926,1352 951,1353 977,1353 1003,1354 1029,1354 1055,1354 1080,1355 1106,1355 1132,1355 1158,1355 1184,1355 1209,1355 1235,1355 1261,1355 1287,1355 1313,1355 1338,1355 1364,1355 1390,1356 1416,1356 1442,1356 1442,1320 1416,1320 1390,1320 1364,1319 1338,1319 1313,1319 1287,1319 1261,1319 1235,1319 1209,1319 1184,1319 1158,1319 1132,1319 1106,1319 1080,1319 1055,1318 1029,1318 1003,1318 977,1317 951,1317 926,1316"/>
                <Baseline points="926,1340 951,1341 977,1341 1003,1342 1029,1342 1055,1342 1080,1343 1106,1343 1132,1343 1158,1343 1184,1343 1209,1343 1235,1343 1261,1343 1287,1343 1313,1343 1338,1343 1364,1343 1390,1344 1416,1344 1442,1344"/>
                <TextEquiv>
                    <Unicode>Ay de tí esposa del alma!</Unicode>
                </TextEquiv>
            </TextLine>
            <TextLine id="region_1607006529524_403l24" custom="readingOrder {index:22;}">
                <Coords points="919,1399 944,1400 970,1401 996,1402 1022,1402 1047,1402 1073,1402 1099,1402 1125,1402 1150,1402 1176,1402 1202,1402 1228,1402 1253,1402 1279,1402 1305,1402 1331,1402 1356,1402 1382,1403 1408,1404 1434,1405 1434,1372 1408,1371 1382,1370 1356,1369 1331,1369 1305,1369 1279,1369 1253,1369 1228,1369 1202,1369 1176,1369 1150,1369 1125,1369 1099,1369 1073,1369 1047,1369 1022,1369 996,1369 970,1368 944,1367 919,1366"/>
                <Baseline points="919,1388 944,1389 970,1390 996,1391 1022,1391 1047,1391 1073,1391 1099,1391 1125,1391 1150,1391 1176,1391 1202,1391 1228,1391 1253,1391 1279,1391 1305,1391 1331,1391 1356,1391 1382,1392 1408,1393 1434,1394"/>
                <TextEquiv>
                    <Unicode>desdichada y sin ventura,</Unicode>
                </TextEquiv>
            </TextLine>
            <TextLine id="region_1607006529524_403l26" custom="readingOrder {index:23;}">
                <Coords points="914,1448 941,1449 969,1449 997,1450 1024,1450 1052,1450 1080,1451 1107,1451 1135,1451 1163,1450 1191,1450 1218,1450 1246,1450 1274,1450 1301,1450 1329,1450 1357,1450 1384,1451 1412,1451 1440,1451 1468,1452 1468,1418 1440,1417 1412,1417 1384,1417 1357,1416 1329,1416 1301,1416 1274,1416 1246,1416 1218,1416 1191,1416 1163,1416 1135,1417 1107,1417 1080,1417 1052,1416 1024,1416 997,1416 969,1415 941,1415 914,1414"/>
                <Baseline points="914,1437 941,1438 969,1438 997,1439 1024,1439 1052,1439 1080,1440 1107,1440 1135,1440 1163,1439 1191,1439 1218,1439 1246,1439 1274,1439 1301,1439 1329,1439 1357,1439 1384,1440 1412,1440 1440,1440 1468,1441"/>
                <TextEquiv>
                    <Unicode>mas hay de mi que el dolor</Unicode>
                </TextEquiv>
            </TextLine>
            <TextLine id="region_1607006529524_403l27" custom="readingOrder {index:24;}">
                <Coords points="916,1496 942,1497 969,1497 995,1498 1022,1498 1049,1499 1075,1499 1102,1499 1128,1499 1155,1499 1182,1498 1208,1498 1235,1498 1261,1498 1288,1498 1315,1498 1341,1498 1368,1499 1394,1499 1421,1500 1448,1501 1448,1467 1421,1466 1394,1465 1368,1465 1341,1464 1315,1464 1288,1464 1261,1464 1235,1464 1208,1464 1182,1464 1155,1465 1128,1465 1102,1465 1075,1465 1049,1465 1022,1464 995,1464 969,1463 942,1463 916,1462"/>
                <Baseline points="916,1485 942,1486 969,1486 995,1487 1022,1487 1049,1488 1075,1488 1102,1488 1128,1488 1155,1488 1182,1487 1208,1487 1235,1487 1261,1487 1288,1487 1315,1487 1341,1487 1368,1488 1394,1488 1421,1489 1448,1490"/>
                <TextEquiv>
                    <Unicode>alma y corazon me asusta,</Unicode>
                </TextEquiv>
            </TextLine>
            <TextLine id="region_1607006529524_403l28" custom="readingOrder {index:25;}">
                <Coords points="916,1547 942,1546 968,1546 994,1546 1020,1546 1046,1546 1072,1546 1098,1546 1124,1546 1150,1546 1177,1546 1203,1546 1229,1546 1255,1546 1281,1546 1307,1547 1333,1547 1359,1547 1385,1547 1411,1547 1438,1547 1438,1514 1411,1514 1385,1514 1359,1514 1333,1514 1307,1514 1281,1513 1255,1513 1229,1513 1203,1513 1177,1513 1150,1513 1124,1513 1098,1513 1072,1513 1046,1513 1020,1513 994,1513 968,1513 942,1513 916,1514"/>
                <Baseline points="916,1536 942,1535 968,1535 994,1535 1020,1535 1046,1535 1072,1535 1098,1535 1124,1535 1150,1535 1177,1535 1203,1535 1229,1535 1255,1535 1281,1535 1307,1536 1333,1536 1359,1536 1385,1536 1411,1536 1438,1536"/>
                <TextEquiv>
                    <Unicode>y pues de pena no muero</Unicode>
                </TextEquiv>
            </TextLine>
            <TextLine id="region_1607006529524_403l29" custom="readingOrder {index:26;}">
                <Coords points="911,1592 945,1594 980,1594 1014,1595 1049,1595 1084,1596 1118,1595 1153,1595 1188,1595 1222,1595 1257,1594 1292,1594 1326,1595 1361,1595 1396,1596 1430,1598 1465,1599 1500,1602 1534,1606 1569,1609 1604,1614 1604,1581 1569,1576 1534,1573 1500,1569 1465,1566 1430,1565 1396,1563 1361,1562 1326,1562 1292,1561 1257,1561 1222,1562 1188,1562 1153,1562 1118,1562 1084,1563 1049,1562 1014,1562 980,1561 945,1561 911,1559"/>
                <Baseline points="911,1581 945,1583 980,1583 1014,1584 1049,1584 1084,1585 1118,1584 1153,1584 1188,1584 1222,1584 1257,1583 1292,1583 1326,1584 1361,1584 1396,1585 1430,1587 1465,1588 1500,1591 1534,1595 1569,1598 1604,1603"/>
                <TextEquiv>
                    <Unicode>parece que no son muchas.</Unicode>
                </TextEquiv>
            </TextLine>
            <TextLine id="region_1607006529524_403l30" custom="readingOrder {index:27;}">
                <Coords points="908,1641 942,1642 976,1643 1011,1643 1045,1644 1079,1644 1114,1643 1148,1643 1182,1643 1217,1642 1251,1642 1285,1642 1320,1642 1354,1643 1388,1644 1423,1646 1457,1647 1491,1650 1526,1653 1560,1656 1595,1661 1595,1627 1560,1622 1526,1619 1491,1616 1457,1613 1423,1612 1388,1610 1354,1609 1320,1608 1285,1608 1251,1608 1217,1608 1182,1609 1148,1609 1114,1609 1079,1610 1045,1610 1011,1609 976,1609 942,1608 908,1607"/>
                <Baseline points="908,1630 942,1631 976,1632 1011,1632 1045,1633 1079,1633 1114,1632 1148,1632 1182,1632 1217,1631 1251,1631 1285,1631 1320,1631 1354,1632 1388,1633 1423,1635 1457,1636 1491,1639 1526,1642 1560,1645 1595,1650"/>
                <TextEquiv>
                    <Unicode>Mas bien lo dicen mis ojos</Unicode>
                </TextEquiv>
            </TextLine>
            <TextLine id="region_1607006529524_403l31" custom="readingOrder {index:28;}">
                <Coords points="908,1687 941,1689 974,1690 1007,1691 1040,1691 1073,1691 1106,1691 1139,1691 1172,1691 1205,1690 1239,1690 1272,1690 1305,1690 1338,1690 1371,1691 1404,1691 1437,1693 1470,1695 1503,1697 1536,1701 1570,1704 1570,1674 1536,1671 1503,1667 1470,1665 1437,1663 1404,1661 1371,1661 1338,1660 1305,1660 1272,1660 1239,1660 1205,1660 1172,1661 1139,1661 1106,1661 1073,1661 1040,1661 1007,1661 974,1660 941,1659 908,1657"/>
                <Baseline points="908,1677 941,1679 974,1680 1007,1681 1040,1681 1073,1681 1106,1681 1139,1681 1172,1681 1205,1680 1239,1680 1272,1680 1305,1680 1338,1680 1371,1681 1404,1681 1437,1683 1470,1685 1503,1687 1536,1691 1570,1694"/>
                <TextEquiv>
                    <Unicode>hechos dos copiosas lluvias.</Unicode>
                </TextEquiv>
            </TextLine>
            <TextLine id="region_1607006529524_403l32" custom="readingOrder {index:29;}">
                <Coords points="908,1736 940,1737 973,1738 1006,1738 1038,1739 1071,1739 1104,1739 1136,1739 1169,1739 1202,1738 1235,1738 1267,1738 1300,1738 1333,1738 1365,1738 1398,1738 1431,1738 1463,1739 1496,1739 1529,1740 1562,1741 1562,1711 1529,1710 1496,1709 1463,1709 1431,1708 1398,1708 1365,1708 1333,1708 1300,1708 1267,1708 1235,1708 1202,1708 1169,1709 1136,1709 1104,1709 1071,1709 1038,1709 1006,1708 973,1708 940,1707 908,1706"/>
                <Baseline points="908,1726 940,1727 973,1728 1006,1728 1038,1729 1071,1729 1104,1729 1136,1729 1169,1729 1202,1728 1235,1728 1267,1728 1300,1728 1333,1728 1365,1728 1398,1728 1431,1728 1463,1729 1496,1729 1529,1730 1562,1731"/>
                <TextEquiv>
                    <Unicode>Sabrás como el rey me manda,</Unicode>
                </TextEquiv>
            </TextLine>
            <TextLine id="region_1607006529524_403l33" custom="readingOrder {index:30;}">
                <Coords points="908,1786 937,1786 966,1786 995,1786 1024,1787 1053,1787 1082,1787 1111,1787 1140,1787 1169,1787 1199,1787 1228,1787 1257,1787 1286,1788 1315,1788 1344,1788 1373,1789 1402,1789 1431,1789 1460,1790 1490,1791 1490,1757 1460,1756 1431,1755 1402,1755 1373,1755 1344,1754 1315,1754 1286,1754 1257,1753 1228,1753 1199,1753 1169,1753 1140,1753 1111,1753 1082,1753 1053,1753 1024,1753 995,1752 966,1752 937,1752 908,1752"/>
                <Baseline points="908,1775 937,1775 966,1775 995,1775 1024,1776 1053,1776 1082,1776 1111,1776 1140,1776 1169,1776 1199,1776 1228,1776 1257,1776 1286,1777 1315,1777 1344,1777 1373,1778 1402,1778 1431,1778 1460,1779 1490,1780"/>
                <TextEquiv>
                    <Unicode>de que hoy sin falta alguna,</Unicode>
                </TextEquiv>
            </TextLine>
            <TextLine id="region_1607006529524_403l34" custom="readingOrder {index:31;}">
                <Coords points="911,1833 939,1834 967,1834 995,1834 1023,1835 1052,1835 1080,1835 1108,1835 1136,1835 1164,1836 1193,1836 1221,1836 1249,1836 1277,1836 1305,1836 1334,1836 1362,1836 1390,1836 1418,1836 1446,1836 1475,1837 1475,1803 1446,1802 1418,1802 1390,1802 1362,1802 1334,1802 1305,1802 1277,1802 1249,1802 1221,1802 1193,1802 1164,1802 1136,1801 1108,1801 1080,1801 1052,1801 1023,1801 995,1800 967,1800 939,1800 911,1799"/>
                <Baseline points="911,1822 939,1823 967,1823 995,1823 1023,1824 1052,1824 1080,1824 1108,1824 1136,1824 1164,1825 1193,1825 1221,1825 1249,1825 1277,1825 1305,1825 1334,1825 1362,1825 1390,1825 1418,1825 1446,1825 1475,1826"/>
                <TextEquiv>
                    <Unicode>yo mismo te dé la muerte:</Unicode>
                </TextEquiv>
            </TextLine>
            <TextLine id="region_1607006529524_403l35" custom="readingOrder {index:32;}">
                <Coords points="908,1883 935,1883 963,1883 991,1883 1019,1883 1047,1883 1075,1883 1103,1883 1131,1884 1159,1884 1187,1884 1214,1884 1242,1884 1270,1885 1298,1885 1326,1885 1354,1885 1382,1884 1410,1884 1438,1884 1466,1883 1466,1849 1438,1850 1410,1850 1382,1850 1354,1851 1326,1851 1298,1851 1270,1851 1242,1850 1214,1850 1187,1850 1159,1850 1131,1850 1103,1849 1075,1849 1047,1849 1019,1849 991,1849 963,1849 935,1849 908,1849"/>
                <Baseline points="908,1872 935,1872 963,1872 991,1872 1019,1872 1047,1872 1075,1872 1103,1872 1131,1873 1159,1873 1187,1873 1214,1873 1242,1873 1270,1874 1298,1874 1326,1874 1354,1874 1382,1873 1410,1873 1438,1873 1466,1872"/>
                <TextEquiv>
                    <Unicode>quien vió cosa mas injusta</Unicode>
                </TextEquiv>
            </TextLine>
            <TextLine id="region_1607006529524_403l36" custom="readingOrder {index:33;}">
                <Coords points="910,1930 935,1930 961,1931 986,1931 1012,1932 1037,1932 1063,1932 1088,1932 1114,1932 1139,1932 1165,1932 1190,1932 1216,1932 1241,1932 1267,1932 1292,1932 1318,1932 1343,1931 1369,1931 1395,1931 1395,1897 1369,1897 1343,1897 1318,1898 1292,1898 1267,1898 1241,1898 1216,1898 1190,1898 1165,1898 1139,1898 1114,1898 1088,1898 1063,1898 1037,1898 1012,1898 986,1897 961,1897 935,1896 910,1896"/>
                <Baseline points="910,1919 935,1919 961,1920 986,1920 1012,1921 1037,1921 1063,1921 1088,1921 1114,1921 1139,1921 1165,1921 1190,1921 1216,1921 1241,1921 1267,1921 1292,1921 1318,1921 1343,1920 1369,1920 1395,1920"/>
                <TextEquiv>
                    <Unicode>ni una ley tan rigorosa</Unicode>
                </TextEquiv>
            </TextLine>
            <TextLine id="region_1607006529524_403l37" custom="readingOrder {index:34;}">
                <Coords points="903,1979 934,1979 965,1979 997,1980 1028,1980 1060,1980 1091,1980 1123,1980 1154,1980 1186,1980 1217,1980 1248,1980 1280,1980 1311,1980 1343,1980 1374,1980 1406,1981 1437,1981 1469,1981 1500,1982 1532,1982 1532,1949 1500,1949 1469,1948 1437,1948 1406,1948 1374,1947 1343,1947 1311,1947 1280,1947 1248,1947 1217,1947 1186,1947 1154,1947 1123,1947 1091,1947 1060,1947 1028,1947 997,1947 965,1946 934,1946 903,1946"/>
                <Baseline points="903,1968 934,1968 965,1968 997,1969 1028,1969 1060,1969 1091,1969 1123,1969 1154,1969 1186,1969 1217,1969 1248,1969 1280,1969 1311,1969 1343,1969 1374,1969 1406,1970 1437,1970 1469,1970 1500,1971 1532,1971"/>
                <TextEquiv>
                    <Unicode>como la que el rey promulga.</Unicode>
                </TextEquiv>
            </TextLine>
            <TextLine id="region_1607006529524_403l38" custom="readingOrder {index:35;}">
                <Coords points="916,2028 945,2028 974,2028 1003,2028 1033,2029 1062,2029 1091,2029 1121,2029 1150,2029 1179,2029 1209,2029 1238,2029 1267,2029 1296,2029 1326,2028 1355,2028 1384,2028 1414,2028 1443,2028 1472,2028 1502,2028 1502,1995 1472,1995 1443,1995 1414,1995 1384,1995 1355,1995 1326,1995 1296,1996 1267,1996 1238,1996 1209,1996 1179,1996 1150,1996 1121,1996 1091,1996 1062,1996 1033,1996 1003,1995 974,1995 945,1995 916,1995"/>
                <Baseline points="916,2017 945,2017 974,2017 1003,2017 1033,2018 1062,2018 1091,2018 1121,2018 1150,2018 1179,2018 1209,2018 1238,2018 1267,2018 1296,2018 1326,2017 1355,2017 1384,2017 1414,2017 1443,2017 1472,2017 1502,2017"/>
                <TextEquiv>
                    <Unicode>pues aquel que mas te adora</Unicode>
                </TextEquiv>
            </TextLine>
            <TextLine id="region_1607006529524_403l39" custom="readingOrder {index:36;}">
                <Coords points="894,2069 924,2071 955,2073 986,2074 1017,2074 1048,2075 1079,2076 1110,2076 1141,2076 1172,2076 1203,2076 1233,2076 1264,2076 1295,2076 1326,2076 1357,2075 1388,2075 1419,2076 1450,2076 1481,2076 1512,2077 1512,2046 1481,2045 1450,2045 1419,2045 1388,2044 1357,2044 1326,2045 1295,2045 1264,2045 1233,2045 1203,2045 1172,2045 1141,2045 1110,2045 1079,2045 1048,2044 1017,2043 986,2043 955,2042 924,2040 894,2038"/>
                <Baseline points="894,2059 924,2061 955,2063 986,2064 1017,2064 1048,2065 1079,2066 1110,2066 1141,2066 1172,2066 1203,2066 1233,2066 1264,2066 1295,2066 1326,2066 1357,2065 1388,2065 1419,2066 1450,2066 1481,2066 1512,2067"/>
                <TextEquiv>
                    <Unicode>y aquel que tu bien procura, </Unicode>
                </TextEquiv>
            </TextLine>
            <TextLine id="region_1607006529524_403l40" custom="readingOrder {index:37;}">
                <Coords points="916,2124 943,2124 970,2124 998,2124 1025,2124 1052,2125 1080,2125 1107,2125 1134,2125 1162,2125 1189,2125 1216,2125 1244,2125 1271,2125 1298,2125 1326,2125 1353,2125 1380,2125 1408,2125 1435,2125 1463,2125 1463,2091 1435,2091 1408,2091 1380,2091 1353,2091 1326,2091 1298,2091 1271,2091 1244,2091 1216,2091 1189,2091 1162,2091 1134,2091 1107,2091 1080,2091 1052,2091 1025,2090 998,2090 970,2090 943,2090 916,2090"/>
                <Baseline points="916,2113 943,2113 970,2113 998,2113 1025,2113 1052,2114 1080,2114 1107,2114 1134,2114 1162,2114 1189,2114 1216,2114 1244,2114 1271,2114 1298,2114 1326,2114 1353,2114 1380,2114 1408,2114 1435,2114 1463,2114"/>
                <TextEquiv>
                    <Unicode>tiene que ser tu homiciña,</Unicode>
                </TextEquiv>
            </TextLine>
            <TextLine id="region_1607006529524_403l41" custom="readingOrder {index:38;}">
                <Coords points="903,2172 932,2173 961,2173 991,2173 1020,2174 1049,2174 1079,2174 1108,2174 1137,2174 1167,2174 1196,2174 1225,2174 1255,2174 1284,2174 1313,2174 1343,2174 1372,2174 1401,2174 1431,2174 1460,2174 1490,2174 1490,2140 1460,2140 1431,2140 1401,2140 1372,2140 1343,2140 1313,2140 1284,2140 1255,2140 1225,2140 1196,2140 1167,2140 1137,2140 1108,2140 1079,2140 1049,2140 1020,2140 991,2139 961,2139 932,2139 903,2138"/>
                <Baseline points="903,2161 932,2162 961,2162 991,2162 1020,2163 1049,2163 1079,2163 1108,2163 1137,2163 1167,2163 1196,2163 1225,2163 1255,2163 1284,2163 1313,2163 1343,2163 1372,2163 1401,2163 1431,2163 1460,2163 1490,2163"/>
                <TextEquiv>
                    <Unicode>que ni las fieras mas bruzas</Unicode>
                </TextEquiv>
            </TextLine>
            <TextLine id="region_1607006529524_403l42" custom="readingOrder {index:39;}">
                <Coords points="914,2223 940,2222 966,2222 992,2222 1018,2222 1044,2222 1070,2222 1096,2222 1123,2222 1149,2223 1175,2223 1201,2222 1227,2222 1253,2222 1279,2222 1306,2221 1306,2187 1279,2188 1253,2188 1227,2188 1201,2188 1175,2189 1149,2189 1123,2188 1096,2188 1070,2188 1044,2188 1018,2188 992,2188 966,2188 940,2188 914,2189"/>
                <Baseline points="914,2212 940,2211 966,2211 992,2211 1018,2211 1044,2211 1070,2211 1096,2211 1123,2211 1149,2212 1175,2212 1201,2211 1227,2211 1253,2211 1279,2211 1306,2210"/>
                <TextEquiv>
                    <Unicode>tal rigor ejecutaran</Unicode>
                </TextEquiv>
            </TextLine>
            <TextLine id="region_1607006529524_403l43" custom="readingOrder {index:40;}">
                <Coords points="911,2270 937,2271 963,2272 990,2272 1016,2272 1042,2273 1069,2273 1095,2273 1121,2273 1148,2273 1174,2272 1200,2272 1227,2272 1253,2271 1279,2271 1306,2270 1332,2270 1358,2270 1385,2269 1385,2235 1358,2236 1332,2236 1306,2236 1279,2237 1253,2237 1227,2238 1200,2238 1174,2238 1148,2239 1121,2239 1095,2239 1069,2239 1042,2239 1016,2238 990,2238 963,2238 937,2237 911,2236"/>
                <Baseline points="911,2259 937,2260 963,2261 990,2261 1016,2261 1042,2262 1069,2262 1095,2262 1121,2262 1148,2262 1174,2261 1200,2261 1227,2261 1253,2260 1279,2260 1306,2259 1332,2259 1358,2259 1385,2258"/>
                <TextEquiv>
                    <Unicode>y para que no me huya</Unicode>
                </TextEquiv>
            </TextLine>
            <TextLine id="region_1607006529524_403l44" custom="readingOrder {index:41;}">
                <Coords points="903,2321 931,2321 960,2322 988,2322 1017,2322 1046,2322 1074,2322 1103,2322 1132,2323 1160,2323 1189,2323 1218,2323 1246,2323 1275,2323 1304,2322 1332,2322 1361,2321 1390,2321 1418,2320 1447,2319 1476,2318 1476,2282 1447,2283 1418,2284 1390,2285 1361,2285 1332,2286 1304,2286 1275,2287 1246,2287 1218,2287 1189,2287 1160,2287 1132,2287 1103,2286 1074,2286 1046,2286 1017,2286 988,2286 960,2286 931,2285 903,2285"/>
                <Baseline points="903,2309 931,2309 960,2310 988,2310 1017,2310 1046,2310 1074,2310 1103,2310 1132,2311 1160,2311 1189,2311 1218,2311 1246,2311 1275,2311 1304,2310 1332,2310 1361,2309 1390,2309 1418,2308 1447,2307 1476,2306"/>
                <TextEquiv>
                    <Unicode>ha mandado que el palacio</Unicode>
                </TextEquiv>
            </TextLine>
            <TextEquiv>
                <Unicode>Sacó la carta que oculta
traia, y le dice conde
hay veras como te acusan:
tu de has dado la sentencia
y antes que la oriental cuna
del mayorazgo del dia
peine sus madejas rubias
ha de estar ejecutado
y sinó será la tuya,
Fuese y quedo el conde hech:
de piedra inmovil columna
sin poder huir que el mar
aquellas olas circundan.
Fuese y cuando Florisela
vió que el color se le muda,
le dice, esposo del alma
que pesares te atribulan
¿Que confusion te suspende?
cuándo tu vista fué mustia?
Y formando en sí un suspiro
dijo con ancias profundas.
Ay de tí esposa del alma!
desdichada y sin ventura,
mas hay de mi que el dolor
alma y corazon me asusta,
y pues de pena no muero
parece que no son muchas.
Mas bien lo dicen mis ojos
hechos dos copiosas lluvias.
Sabrás como el rey me manda,
de que hoy sin falta alguna,
yo mismo te dé la muerte:
quien vió cosa mas injusta
ni una ley tan rigorosa
como la que el rey promulga.
pues aquel que mas te adora
y aquel que tu bien procura, 
tiene que ser tu homiciña,
que ni las fieras mas bruzas
tal rigor ejecutaran
y para que no me huya
ha mandado que el palacio</Unicode>
            </TextEquiv>
        </TextRegion>
    </Page>
</PcGts>
