1737 2508
432 655 1298 696 SEGUNDA PARTE.
222 868 1517 908 En que se refieren los trabajos que sufrieron el conde don
217 921 1510 963 Federico de Barcelona, y su esposa Florisela en la corte
546 972 1184 1013 del rey Casimiro de Irlanda.
213 1173 739 1208 Quedó la infanta Flamina
159 1220 654 1256 tan yerta como confusa,
155 1265 818 1303 viendo en su presencia al conde
155 1314 714 1351 con la preciosa hermosura
161 1363 685 1401 de su muger y dos hijos,
163 1412 780 1447 y aunque entonces la condesa
162 1460 626 1499 cortesmente la saluda,
164 1508 624 1545 no miraba ni entendia
159 1558 730 1596 ningunas de sus preguntas,
156 1605 731 1641 pues con suspiros y llantos
162 1651 776 1693 los ojos ni aun se la enjugan,
163 1699 652 1740 queria hablar y la pena
164 1749 676 1789 su bella garganta anuda,
161 1797 712 1834 que tal vez un sentimiento
157 1845 795 1885 siendo impensado no hay duda
167 1896 663 1930 cause repentina muerte
167 1943 821 1981 como se ha visto otras muchas.
166 1990 678 2028 Todos de ver la princesa
165 2040 700 2078 llena de penas y angustias
167 2088 608 2123 gran lástima la tenian
168 2137 700 2175 sin saber en que se funda,
161 2182 685 2221 y mas cuando del letargo
170 2232 611 2270 se levantó moribunda
165 2279 662 2320 diciéndole á la condesa,
165 2328 657 2367 traidora tu eres la culpa
161 2376 708 2416 de mi deshonra, y por eso
165 2424 778 2466 he de hacer que te confundan
895 1169 1417 1211 y al traidor de tu marido,
893 1220 1390 1261 por falsedad tan injusta,
899 1267 1314 1304 en una pública plaza
900 1314 1436 1356 haré que pague la injuria.
895 1363 1426 1405 Quedó Florisela entonces,
900 1411 1432 1454 asombrada, yerta y muda,
899 1459 1359 1499 porque tales amenazas
894 1509 1434 1550 no sabe en que se fundan.
891 1556 1372 1595 Pero arrestada le dijo:
900 1604 1408 1645 si vuestra alteza procura
900 1653 1479 1695 que nos volvamos á España.
903 1701 1390 1743 presto lo verá sin duda,
895 1748 1406 1794 y eso de matar al conde,
898 1799 1345 1837 detenga su loca furia
896 1850 1434 1886 y ponga mas peso al paso
897 1898 1344 1935 y á tanta locura cura,
896 1944 1530 1985 que el conde, yo, ni mis hijos,
901 1994 1385 2031 tenemos culpa ninguna.
897 2041 1386 2078 Y el rey dijo caballeros
895 2089 1446 2128 no le hableis por vida suya
899 2138 1442 2176 que mi hija hay siete años
891 2186 1446 2226 que una pena la conturba,
898 2234 1500 2275 los médicos no la entienden,
893 2282 1552 2324 aunque ha habido varias juntas,
891 2332 1311 2369 irse todos y dejarla
902 2382 1416 2421 pues la soledad le gusta.
900 2431 1450 2470 Quedó el rey solo con ella
