1765 2512
86 393 751 433 Atento escuchaba el conde
91 441 589 484 y le dice de esta suerte:
83 490 579 531 señora que os engañais
88 538 613 579 ó que por otro me tienes
91 589 671 630 por que esta noche tu padre
85 637 667 675 sin culpa mandó prenderme
89 686 680 723 conque ni con vos he estado
91 731 623 771 ni yo se que anillo es ese
91 781 598 820 ¿como no? dijo Flamíña,
97 830 671 870 traidor haré que te quemen
92 880 777 916 despues de haberme... engañado
84 928 558 964 ahora negarlo quieres.
93 978 709 1017 ¿conque asi niegas tu infamia
97 1024 589 1064 y tus falsos procederes?
99 1073 621 1111 pronto veras la venganza
95 1122 779 1160 para que el mundo escarmiente.
95 1172 572 1205 Y airada cual una fiera
90 1218 680 1256 le volvió la espalda y fuese,
93 1267 586 1305 quedando don Federico
96 1316 697 1354 mas confuso que al prenderle
96 1364 592 1401 sin saber lo que le pasa
102 1412 542 1451 estando tan inocente,
101 1461 526 1498 y dice si llega el rey
104 1509 597 1547 á seberlo es claramente
102 1556 635 1597 que de por fuerza me case
103 1606 677 1644 aunque yo en mis intereses
100 1656 607 1693 me considere agraviado,
99 1702 661 1741 como el vulgo decir suele,
103 1751 589 1790 plato de segunda mesa
105 1802 639 1840 y para que no me afrente
110 1850 720 1883 ya que mi honor se reciente,
108 1896 636 1933 mejor será irme á España
105 1944 676 1981 pues al fin estando ausente
103 1992 693 2028 el tiempo y ausencia borran
104 2041 670 2078 memorias, males y bienes;
107 2089 685 2128 partió en un bajel surcando
102 2139 603 2175 nontes de olas y peces
109 2186 509 2226 y á Barcelona llegó
112 2235 661 2271 sin que nadie lo impidiese
106 2282 607 2321 donde fué bien recibido
824 387 1321 426 de la nobleza y la plebe,
824 434 1473 473 mas como en aqueste mundo
819 482 1300 522 todo se vuelve reveces,
825 530 1306 570 un poderoso Almirante
827 579 1407 620 vivia en la ciudad, y este
823 627 1293 668 tenia por hija un cielo
825 675 1408 717 que en hermosura le eesede,
827 724 1229 765 llamábase Florisela
827 772 1345 813 con la cual merecio verse
826 824 1246 861 desposado Federico,
831 870 1321 910 viviendo los dos alegres
819 918 1360 959 siete años y en los cuales
830 967 1365 1009 dos hijos hermosos tienen
819 1016 1357 1060 aunque de seeso distinto,
827 1063 1400 1106 fué el primero don Vicente,
834 1109 1347 1155 de estas delicias gozaban
827 1159 1293 1202 el par de Barcelonases
827 1208 1339 1252 sin advertir que Flamina
831 1257 1291 1300 formaba lazos y redes
833 1306 1309 1349 para que don Fedcrico
833 1355 1317 1397 á la Irlanda se volviese
835 1401 1301 1444 inventó una carta falsa
828 1448 1401 1493 finguiendo ser propiamente
833 1496 1398 1541 del rey, por favor pidiendo
833 1547 1415 1589 que en su corte se presente,
841 1595 1363 1638 y al punto con su familia
831 1644 1403 1685 fuese por ver lo que quiere;
834 1692 1343 1735 llegó al palacio y apenas
831 1742 1337 1781 tuvo la infanta presente
829 1789 1379 1831 la conde, y vió qne venia
835 1839 1343 1879 casado, allá en su mente
830 1886 1323 1928 la cólera estalla, y jura
842 1934 1361 1975 vengarse inhumanamente
827 1985 1277 2026 á costa del pundonor
839 2033 1398 2071 y aunque la vida le cueste,
840 2078 1383 2122 diré la venganza en suma
835 2127 1403 2170 ahora en la parte siguiente
831 2177 1389 2220 pues ya cansada mi pluma
834 2225 1405 2267 el cortarla es muy urgente.
487 2300 1151 2454 FIN DE LA PRIMERA PARTE.
