1752 2480
71 313 519 358 y quisieca con mi vida
71 363 532 405 la tuya poder librarte,
72 407 546 453 solo porque os pareceis
70 455 557 501 á la inecente inculpable
71 504 601 548 de Florisela, aquí el alma
66 554 569 598 solo en decirlo se parte.
71 602 515 646 Esta sentida querella
78 651 523 693 decia con pena grave.
67 696 563 741 Su misma esposa desea
77 744 567 790 trocar en placer pesares
75 794 518 839 engregocijo las penas
73 843 553 888 y poner fin á los males
69 892 533 937 aguardando la ocasion
71 941 539 986 de llegar á declararse.
80 988 573 1035 Llegando por fin la hora
79 1037 605 1084 sacan los dos de la carcel
79 1083 559 1132 métenlos en el suplicio
79 1134 617 1182 y estando ya en el paraje,
82 1180 593 1231 llegó el confesor piadoso
79 1231 469 1281 para reconciliarles;
82 1281 545 1327 A quien Florisela dijo,
79 1328 603 1374 todo por puntos cabales.
84 1374 565 1423 Con esta fausta noticia
79 1423 629 1474 al rey se le ha dado parte.
85 1470 603 1524 Que suspendan la justicia
88 1520 594 1575 y que pase el Almirante
92 1568 647 1617 con su séquito y sus tropas
92 1614 685 1665 dice el rey, alli en presencia
83 1664 636 1714 de todos los circunstantes
95 1713 617 1762 se hizo notorio el suceso;
89 1762 609 1810 bien puede considerarse,
83 1810 613 1860 los júbilos, los estremos,
87 1859 561 1909 de caricias paternales,
98 1904 718 1959 que mas se esplica en silencio
96 1955 649 2005 que la pluma que lo trace.
93 2001 567 2053 Todos juntos á palacio
792 299 1337 339 al rey fueron á informarle
796 347 1193 387 del referido suceso.
794 395 1294 433 fin de tantas novedades.
803 443 1356 482 Estando presente el duque
797 490 1304 531 no pudiendo ya librarse
797 539 1267 579 le fué preciso el decir,
796 587 1349 627 aunque con recelo grande,
799 636 1383 675 toda la historia, y la infanta
807 683 1375 723 quiso en la ocasion negarse
812 732 1388 770 por no descubrir su engaño.
807 781 1315 820 Mas Florisela al instante
808 830 1300 868 sacó el anillo, que fué,
803 880 1285 917 el testigos juez y parte,
815 925 1365 965 viendo la verdad la infanta
807 972 1453 1015 se humilló á los pies del padre,
811 1020 1388 1062 lo mismo el duque, y el rey
813 1068 1337 1109 viendo historia semejante
807 1115 1316 1158 al duque ofreció su hija
815 1168 1227 1208 para lazo maridable,
812 1211 1412 1256 y al conde con nuevo empleo
807 1263 1411 1304 quiso en la ocasion honrarle,
815 1310 1343 1352 siendo infinitas las fiestas
815 1357 1397 1399 que hicieron para alegrarles.
819 1404 1381 1448 Finalmente desde entonces
820 1454 1389 1497 quedaron hechas las paces.
813 1499 1494 1544 No hay mal que por bien no venga.
815 1550 1389 1594 Ni bien que no espere males
816 1599 1330 1642 este es el fin del suceso
815 1646 1411 1690 de esta historia y lo restante
826 1698 1376 1739 dirá el discurso del tiempo
824 1746 1256 1785 siendo su panejirista
828 1792 1323 1835 Alonso de Pablo Morales
828 1840 1336 1883 el cual al noble auditorio
815 1891 1262 1931 le suplica muy afable
828 1937 1338 1981 que le perdonen las faltas
832 1981 1500 2029 que ha tenido en las tres partes.
730 2102 862 2161 FIN.
605 2224 1001 2274 CARMONA:—1856.
220 2272 1395 2345 Imp. de D. J. M. Moreno, calle Juan de la Cabra, núm. 5.
