1765 2512
109 286 738 334 de dobles guardias circundan.
110 336 671 379 Y esto es porque la infanta
112 384 594 423 con diabólicas astucias
112 431 702 476 ha engañado al rey diciendo
114 480 675 525 que con cautela y segunda
111 526 595 572 yo la gocé y es incierto
102 575 559 621 bien lo sabe Dios....
100 625 600 666 Primero caiga del cielo
101 671 650 719 un rayo que me confunda,
106 723 600 763 que tal barbarie ejecute
106 769 631 812 aunque mi cuello desuna.
104 816 588 860 Mas facil será el tomar
104 866 639 911 con las manos sol y luna.
148 912 578 956 Jesus, dijo Florisela
100 962 679 1007 nunca mi pecho acostumbra
98 1011 594 1050 temer el morir, pues es
98 1058 631 1103 deuda que todos tributan.
100 1106 546 1148 Y asi moriré gustosa
98 1154 710 1202 porque á mayor trono subas.
94 1203 630 1247 Dos cosas quiero pediros
94 1253 671 1295 pues los reyes acostumbran
96 1300 606 1342 á hacer mercedes el dia
98 1347 702 1392 que sus casamientos ajustan.
93 1397 721 1441 La primera es que á mis hijos
98 1444 711 1488 espejos que al alma alumbran
88 1491 563 1535 los embies á mi padre
88 1539 729 1585 á España, que mas bien cuidan
94 1588 678 1635 abuelos, que padres á hijos,
96 1637 672 1682 y mas con madrasta, nunca.
84 1685 684 1730 La segunda es que mi honra
97 1733 610 1775 de castidad, no se altore
841 298 1418 350 ni se alegue alguna infamia
841 346 1366 400 para tapar otras muchas.
852 392 1541 475 Y lo malque te he servido
840 439 1385 497 tu mucha piedad lo supla.
840 488 1318 539 No desmayes ten valor
838 539 1543 623 el templado acero empuña
848 588 1362 639 ya mi cuéllo se apercibe,
840 634 1302 685 maneja acerada punta.
840 682 1372 734 Y al ir á embotar los filos
840 732 1374 783 en la ya eclisada y turbia
842 780 1362 831 candidez de aquel lucero,
838 828 1400 882 entró en la sala con mucha
832 875 1348 931 velocidad su sucretario;
839 927 1314 976 diciendo tened la furia
834 974 1426 1024 que otra muerte puede haber
836 1022 1308 1070 que sea menos injusta.
830 1070 1327 1118 Anda ve y en las orillas
833 1119 1331 1170 hay mil barcos y faluas,
832 1168 1328 1219 barrenar uno y meterla,
832 1217 1466 1269 que tenga en el mar su tumba.
836 1266 1334 1313 Apenas la oscura noche
831 1310 1461 1359 tendió su sombra nocturna
826 1361 1308 1408 se ejecutó lo mandado,
834 1412 1412 1458 quedando lleño de angustias
835 1458 1408 1510 en los brazos de la muerte,
827 1509 1514 1556 y el fin de esta historia en suma
828 1554 1309 1599 dirá Alonso de Morales
835 1602 1358 1650 todas las verdades juntas
832 1650 1276 1695 en otra tercera parte
832 1698 1454 1751 pues no puede en la segunda.
455 1922 1129 2088 FIN DE LA SEGUNDA PARTE.
