1765 2512
174 190 679 233 este anillo quiero darte,
170 241 760 283 ponlo en tu mano y advierte
176 288 791 335 que encierra misterio grande,
174 334 680 379 tanto que pende mi vida
166 381 656 427 si llegara á declararse.
176 429 616 471 Y Florisela responde
169 479 804 524 pues gran señor eso es darme
169 528 733 570 gran rigor sobre mis penas
168 577 714 617 y disgustos á mis pesares
168 625 854 668 y en mi no ha de ecsistir prenda
172 672 654 712 que tantos méritos trae
158 722 656 762 y asi es preciso que yo
160 767 772 813 lo sepa, y el cielo os guarde.
158 814 748 861 Dice el duque, pues atiende
164 865 652 907 yo te juro por mi parte
160 913 732 959 que eres la primer persona
160 962 726 1007 que eñ este mundo lo sabe,
160 1009 678 1049 Ya te he dicho como soy
154 1056 709 1100 duque de aquestos lugares
142 1109 666 1146 y por ciertos infortunios
158 1156 730 1194 que tuve en mis mocedades
147 1201 760 1246 de aqui fuí á parar á Irlanda
151 1250 668 1293 donde tuve mi hospedaje
150 1298 592 1346 en el palacio del rey,
146 1347 720 1391 en donde asistia un grande
146 1395 730 1442 que era conde de Barcelona,
145 1441 670 1489 tan discreto como afable;
144 1490 582 1532 tenia el rey una hija
144 1540 830 1587 que del conde dió en prendarse,
142 1589 600 1628 y yo que la pretendia
148 1636 740 1677 viendo tan grande el desaire
144 1682 609 1725 uná noche que tenian
137 1730 697 1777 dispuesto los dos amantes
135 1779 664 1823 en el cuarto de la infanta
137 1828 660 1872 á solas verse y hablarse,
141 1876 694 1919 yo arrastrado de la envidia
137 1923 693 1969 hice que al conde llevasen
135 1971 632 2016 á una prision, y yo fuí,
137 2020 640 2065 fingiendo con tanto arte
132 2070 636 2112 ser el conde, que logré
125 2117 653 2163 de amor los lazos suaves
128 2171 550 2207 y por fineza me dió
906 200 1426 247 este anillo de diamantes,
903 251 1382 294 y al otro siguiente dia
907 296 1334 344 dispuse yo mi viaje;
897 346 1484 390 yo me vine, y no he sabido
905 392 1440 440 si hay algunas novedades.
910 443 1450 488 Quedóse muda y suspensa
898 491 1377 531 con historia semejante
902 536 1390 580 Florisela, pues le halló
900 585 1366 627 á tal enredo el desate.
896 631 1364 673 Pidióle al siguinte día
899 681 1381 721 licencia que la llevasen
898 729 1382 772 á su patria, pues queria
896 779 1370 822 visitar á sus parciales,
892 827 1431 871 se la concedió y al punto
896 876 1344 919 se le dispuso el viaje,
892 925 1462 968 y en tanto que á Barcelona
886 972 1418 1012 llega surcando los mares
892 1018 1348 1058 referiremos la historia
888 1065 1420 1110 de su muy querido padre;
889 1115 1450 1160 luego que vió á sus nietos,
891 1163 1440 1206 y supo de que á su madre
885 1211 1442 1257 tan cruelmuerte le dieran
880 1261 1380 1305 hecho una fiera salvaje,
880 1311 1448 1351 manda al instante se armen
887 1358 1379 1398 entre todos sus estados
884 1407 1336 1448 una tropa numerable,
883 1459 1358 1493 y por general de todos
882 1505 1382 1543 puso al nieto para darle
880 1553 1410 1592 por su mano la venganza.
880 1599 1414 1640 Y el abuelo incontrastable
880 1646 1327 1685 le decia, hijo querido
876 1694 1433 1735 luego que á saber alcances
880 1741 1438 1786 que tu padre con la infanta
872 1789 1390 1831 se desposare, no repares
880 1838 1386 1878 sino la ley de la justicia
872 1885 1456 1932 es que manda que le mates;
875 1937 1320 1975 para lo cual dibujado
873 1983 1365 2025 en magnífico estandarte
878 2031 1310 2072 esa en ataud metida
880 2080 1346 2122 es Florisela tu madre.
874 2127 1387 2169 Prevenidas las escuadras
878 2178 1454 2220 les dió licencia que marchen.
