1765 2512
93 305 580 344 y con alagos y astucias
97 353 529 391 y paternales cariños,
97 402 630 439 le dice hija mia, escucha.
98 448 548 486 Esa causa de tu pena
99 497 586 535 tanta es mia como tuya,
91 549 619 584 y para vengar tu agravio
100 596 630 633 no ocultes tus travesuras,
97 644 692 682 pues das á entender con eso
96 691 687 730 segun por lo que pronuncias
95 737 596 778 que alguno triunfó de ti
98 788 658 832 haciendo afrentosa injuria,
99 838 623 876 y asi en decirmelo ganas
93 886 644 924 y pierdes si me lo ocultas.
90 934 672 974 La infanta respondió, padre
95 983 760 1026 pues que usted me lo pregunta
101 1031 645 1073 diré mi mal aunque tarde,
96 1082 634 1121 puesto que no tiene cura,
96 1129 632 1168 mi estrella y mi desdicha
92 1177 650 1220 hoy contra mi se conjuran,
93 1228 625 1266 y pues que yo fuí la causa
94 1276 650 1318 tambien es sentencia justa
93 1325 593 1366 que pague la dura pena
96 1373 630 1412 aquel que su mal procura;
96 1421 632 1459 y asi padre para hablaros
95 1470 676 1511 quiero papel, tinta y pluma,
96 1517 713 1558 que quien con letras se queja
90 1564 630 1607 fiado que no le escuchan,
94 1612 644 1654 habla ó dice cuanto siente
88 1664 624 1703 pues nadie se lo repugna.
98 1709 548 1751 Diéronle todo aparato
97 1757 580 1799 y en una sala se oculta
89 1807 686 1848 haciendo allá en su eleccion
87 1853 602 1898 esta siguiente escritura.
139 1903 674 1947 Padre y señor, si el amor
88 1952 663 1993 halla en tu piedad disculpa
96 2000 646 2042 de amor procede mi daño,
95 2048 639 2090 y en vos el remedio busca,
91 2097 592 2140 Siete años ha que estoy
91 2147 559 2189 en una continua lucha,
90 2195 608 2237 sin saber del mal que mi
96 2243 592 2286 pero ya venganza busca.
96 2291 550 2334 El conde de Barcelona
842 305 1319 349 vino por sus travesuras
836 354 1352 398 como sabeis á esta corte,
832 403 1365 446 me agradó su compostura
832 449 1304 491 tanto que vino á parar
838 498 1368 542 mi amor en desemboltura,
838 546 1274 585 dándole libre licencia
830 595 1495 637 que entrase una noche á oscuras
832 642 1402 686 en el jardin y en mi cuarto,
830 692 1407 735 llevada de amor pues nuuca
832 742 1288 784 el hidrópico repara
830 789 1304 830 beber con la calentura;
832 839 1312 877 allí con mano y palabra
835 888 1344 927 una y mil veces me jura
840 935 1384 977 ser mi esposo, y yo creílo;
828 985 1356 1024 mas con cautela segunda,
841 1032 1288 1068 viendo la desigualdad
840 1081 1352 1118 de su bajeza y mi altura,
828 1131 1376 1170 aquel dia se fué á España,
831 1182 1289 1217 y para seguridad suya
834 1229 1264 1263 allá se casó, y ahora
828 1275 1334 1316 sin reparar cosa alguna,
837 1324 1346 1361 como veis viene casado.
838 1372 1454 1411 Esta es mi pena, mi angustia,
836 1418 1318 1457 vos como padre podeis
837 1468 1318 1507 poner medicina alguna.
881 1518 1442 1554 Con esto dió al rey la carta
835 1568 1406 1603 y se fué por que no escucha
830 1615 1266 1649 ningun reo su delito
835 1665 1517 1723 que si lo puede se oculta;
834 1713 1344 1747 La leyó y quedó confuso
833 1760 1513 1810 pensando en alguna industria
828 1809 1312 1844 como castigar al conde
832 1859 1511 1914 sin que persona ninguna
832 1905 1318 1940 sintiese motivo ó causa
827 1953 1517 2002 pues luego el pueblo murmura.
834 1999 1511 2060 Mandó que el conde viniera
832 2045 1511 2107 y alli con pocas preguntas.
828 2097 1515 2154 Dice, sabrás conde amigo
834 2147 1509 2198 que hoy mi afecto te precura,
831 2195 1516 2249 porque de tu buen discurso
831 2244 1518 2296 y por ser tu ciencia mucha
822 2294 1515 2347 me des amigo un consejo
