1737 2508
240 220 707 256 Vamos á don Federico
241 269 921 309 que desde aquel mismo instante
241 314 843 355 que hechó á Florisela al mar
237 364 815 404 dió una pena en no dejarle
234 412 766 451 pues melancólico y triste
226 457 854 499 muy descompuesto en el traje
237 506 670 547 andaba por la ciudad
234 551 728 595 diciendo mil disparates,
232 604 722 642 tanto que ya como loco
224 653 762 692 lo trataban por las calles,
226 701 623 738 diciendo si yo gocé
226 747 786 790 la infanta el cielo me mate,
232 795 754 836 pues ya Flamina ni el rey
225 841 690 883 lo querian de su parte
225 890 805 934 antes mas bien procuraban
222 938 642 979 alguna bebida darle
223 987 754 1031 con que muriese pues era
231 1035 734 1081 pregonero por las calles.
219 1082 722 1128 En este tiempo llegaron
221 1131 718 1176 con estruendo militares
221 1179 767 1223 el nieto y suegro pidiendo
229 1227 844 1274 guerra campal en los parques,
228 1273 786 1321 Viendo el rey su perdicion
216 1325 621 1365 alistó sus generales
223 1370 698 1416 y todos sus consegeros
220 1420 720 1466 á ver lo mas importante.
217 1467 733 1513 Todos de comun acuerdo
220 1518 721 1563 dicen al rey que llamase
212 1564 699 1611 al gran duque de Milan
217 1612 719 1661 gran ingeniero que sabe
211 1661 824 1714 con poca gente hacer mucho,
210 1711 731 1757 le escribieron al instante
211 1759 744 1807 el cual vino por la posta;
206 1807 750 1855 llegó á palacio y le hacen
205 1854 717 1901 sabedor de aquel suceso
213 1904 748 1952 habiendo sido él causante.
205 1953 729 1997 Gran duque le dice el rey
211 2002 757 2047 ya sabrás que el almirante
207 2049 816 2096 me ha puesto guerra diciendo
213 2098 791 2144 que en mí tiene de vengarse
210 2146 764 2194 porque yo he sido el motivo
207 2195 685 2240 que la vida le quitasen
964 226 1499 269 á su hija, y que en la mia
971 274 1562 322 sin remedio ha de vengarse,
969 323 1454 364 y asi el remedio mayor
970 369 1556 416 que discurras puedes darme.
964 418 1502 460 El duque quedó suspenso
962 468 1495 510 dudando como escusarse,
965 513 1400 557 y ya recobrádo, dice,
960 564 1422 603 mi parecer y dictamen
967 611 1399 650 es asegurar al condo
961 657 1488 702 y entregarlo al Almirante,
969 708 1548 751 pues que con él comenzaron
961 757 1551 801 los hierros que en el acaben
960 803 1496 849 Aquesta injusta sentencia
952 852 1577 899 fué dicha y hecha al instante.
952 900 1463 941 Metieron el pobre conde
955 950 1547 993 entre prisiones muy grandes
959 999 1449 1043 al tiempo que Florisela
962 1047 1366 1087 llegó con feliz viáje
959 1095 1455 1139 y andaba á lo masculin.
955 1144 1464 1187 sin comunicar con nadie.
956 1193 1518 1238 Préndenla diciendo que era
953 1242 1406 1281 espia de la otra parte
955 1290 1478 1332 ante el general la ponen,
963 1338 1554 1382 (quien vió historia semejante)
955 1387 1515 1429 pues sin que se cónocieran
956 1434 1452 1477 estaban todos neutrales.
944 1483 1474 1526 Manda el almirante hecer
943 1530 1424 1574 con rigor incomparable
944 1578 1450 1623 un cadalzo y que en él
943 1628 1427 1674 al conde lo degollasen,
943 1674 1459 1721 y que á la espia enemiga
948 1724 1464 1768 tambien la arcabuseasen.
939 1773 1458 1816 Metieron entre prisiones
939 1822 1488 1866 á estos dos finos amántes,
947 1870 1491 1913 y el conde á su compañero
943 1919 1463 1960 con palabras lamentables
936 1965 1385 2009 le decia, ciertamente
942 2015 1418 2059 amigo que ya me place
941 2066 1506 2110 tan solo el veros, pues sois
941 2112 1373 2156 viva copia semejante,
932 2161 1562 2211 de un bien que perdí, y ahora
930 2210 1512 2260 miro en tu vista su imagen,
