1752 2480
210 378 1562 486 DON INESTIMABLE,
255 512 1563 632 y gracia singularísima emanada de la cabe-
247 601 1556 707 za visible de la iglesia, á sus miembros que
244 684 1132 773 son los verdaderos creyentes.
241 837 1557 914 Cualquiera que habiendo confesado y comulgado rezare á los pies
185 906 1560 963 de la imágen de nuestro Redentor Jesucristo Crucificado la Oracion
183 959 1563 1027 abajo puesta, ganará una indulgencia plenaria, y sacará un alma
183 1006 496 1087 del purgatorio.
521 1131 1185 1238 ORACION
345 1249 1387 1357 A JESUCRISTO CRUCIFICADO.
192 1418 1555 1531 Y eme aquí, ó Dulcísimo Jesus mio, que, humillado me pos-
171 1531 1558 1579 tro ante tu Divina presencia, y con él mas encendido fervor te
174 1576 1553 1643 pido y ruego que estampes en mi alma vivos sentimientos de Fé;
174 1628 1555 1688 Esperanza y Caridad, de verdadero dolor y arrepentimiento de
176 1696 1556 1746 mis pecados, y de eficaces deseos de una firmísima enmienda:
178 1737 1554 1811 mientras que yo con el mayor afecto y compasion de mi alma
171 1794 1558 1845 repaso en mi interior y contemplo con mi mente vuestras cinco
174 1848 1556 1905 llagas, teniendo siempre á mi vista lo que de vos cantaba el
172 1904 1559 1972 Santo Profeta David: Traspasaron mis pies y manos y contaron
171 1954 554 2036 todos mis huesos.
219 2101 1551 2185 La Santidad de Clemente VIll concedió esta Indulgencia, la cual
171 2161 1556 2228 canfirmó Benedicto XIV, y últimamente Pio VIl por su oráculo de
170 2203 1560 2265 viva voz en el año de 1807 la confirmó de nuevo, limitándola para
171 2266 1555 2324 solo aquellos dias que confesaren contritos sus pecados, y recibiesen
166 2309 928 2388 devotamente la Sagrada Eucaristia.
