1752 2480
61 345 632 517 CORONA DE ROSAS,
114 520 1419 612 para que sus devotos adornen á María Santí-
109 580 1029 679 sima nuestra Madre y Señora.
413 713 847 788 Para alabar á María
410 778 982 871 Dadnos gracia en este dia.
359 857 821 953 María, Reina gloriosa.
354 935 951 1009 Mi amor te ofrece esta rosa.
86 1025 1420 1097 Ahora se rezará un Ave María con Gloria Patri, y lo mismo en
48 1088 739 1166 cada uno de los versos siguientes:
357 1170 917 1261 En tu Concepcion dichosa,
356 1238 835 1317 Niña la mas primorosa,
354 1288 821 1363 Princesa Magestuosa,
356 1343 815 1419 Emperatriz poderosa,
354 1399 866 1468 Santa la mas milagrosa,
358 1448 948 1526 Luz de los Cielos hermosa.
351 1496 893 1576 Mujer fuerte y victoriosa,
360 1561 965 1628 De Dios Padre Hija amorosa,
351 1610 883 1668 De Jesus Madre Piadosa,
353 1655 905 1724 Del Santo Espiritu Esposa,
355 1723 847 1777 Madre la mas amorosa,
1044 1180 1091 1801 Mi amor te ofrece esta Rosa.
406 1809 941 1892 Guirnalda de rosas bellas
400 1868 1030 1951 Ponga en tus sienes gloriosas,
404 1925 874 1997 María, logre por ellas
413 1977 948 2052 Quien te corona de rosas
416 2024 996 2107 Vértela puesta de estrellas.
76 2107 1411 2187 El Exemo. Sr. Cardenal Arzobispo de Sevilla, é Illmos. Señores
36 2189 1419 2244 Obispos de Córdoba y Ceuta, han concedido varias indulgencias á
24 2235 1334 2293 esta devocion, que por todas ascienden á mas de cuatro mil dias.
150 2321 1269 2404 Reimpreso en Carmona.—Imp. de D. J. M. Moreno.
