1737 2508
272 292 1634 452 DON INESTIMABLE,
328 470 1635 610 y gracia singularísima emanada de la cabe-
323 587 1634 675 za vísible de la Iglesia, á sus miembros que
318 652 1204 731 son los verdaderos creyentes.
311 789 1631 897 Cualquiera que habiendo confesado y comulgado rezare á los pies
255 855 1631 942 de la imágen de nuestro Redentor Jesucristo Crucificado la Ora-
248 923 1628 993 cion abajo puesta, ganará una indulgencia plenaria, y sacará un
257 961 679 1044 alma del purgatorio.
571 1099 1301 1215 ORACION
411 1181 1446 1301 A JESUCRISTO CRUCIFICADO.
270 1399 1613 1499 Veme aquí, ó dulcísimo Jesus mio, que humillado me pos-
247 1476 1620 1555 tro ante tu Divina presencia, y con el mas encendído fervor te
236 1543 1607 1616 pido y ruego que estampes en mi alma vivos sentimientos de Fé,
242 1585 1618 1675 Esperanza y Caridad, de verdadero dolor y árrepentimiento de
235 1644 1609 1728 mis pecados, y de eficaces deseos de una firmísima enmienda:
235 1702 1609 1776 mientras que yo con el mayor afecto y compasion de mi alma
237 1742 1620 1828 repaso en mi interior y contemplo con mi mente vuestras cinco
235 1803 1611 1888 llagas, teniendo siempre á mi vista lo que de vos cantaba el
235 1844 1615 1957 Santo Profeta David: Traspasaron mis pies y manos y contaron
240 1904 635 1993 todos mis huesos.
276 2043 1616 2147 La Santidad de Clemente VIll concedió esta indulgencia, la cual
235 2122 1613 2198 confirmó Benedicto XIV, y últimameate Pio VIl por su oráculo de
230 2165 1611 2243 viva voz en el año de 1807 la confirmó de nuevo, limitándola para
235 2211 1608 2307 solo aquellos dias que confesaren contritos sus pecados, y recibiesen
228 2262 978 2353 devotamente la Sagrada Eucaristia.
