1765 2512
121 266 1445 451 CORONA DE ROSAS,
171 457 1485 533 para que sus devotos adornen á María Santí-
175 522 1055 627 sima nuestra Madre y Señora.
475 665 906 741 Para alabar á María
474 722 1033 804 Dadnos gracia en este dia.
420 810 911 896 María, Reina gloriosa,
416 881 1010 964 mi amor te ofrece esta rosa.
157 954 1484 1045 Ahora se rezará un Ave Maria con Gloria Patri, y lo mismo en
114 1024 798 1108 cada uno de los versos siguientes.
417 1097 984 1187 En tu Concepcion dichosa,
427 1177 919 1250 Niña la mas primorosa,
431 1236 888 1305 Princesa magestuosa,
417 1283 881 1355 Emperatriz poderosa,
422 1335 935 1407 Santa la mas milagrosa,
423 1391 1007 1461 Luz de los Cielos hermosa,
424 1443 961 1515 Mujer fuerte y victoriosa,
424 1498 1040 1555 De Dios Padre Hija amorosa,
417 1556 962 1620 De Jesus Madre Piadosa,
418 1608 978 1673 Del Santo Espíritu Esposa,
424 1655 916 1743 Madre la mas amorosa,
1105 1110 1162 1736 Mi amor te ofrece esta Rosa.
479 1740 1017 1830 Guirnalda de rosas bellas
470 1799 1105 1888 Pongo en tus sienes gloriosas,
477 1861 947 1936 Maria, logre por ellas
472 1922 1015 1989 Quien te corona de rosas
490 1970 1057 2053 Vértela puesta de estrellas.
155 2045 1485 2134 El Exemo, Sr. Cardenal Arzobispo de Sevilla, é Illmos. Señores
109 2119 1482 2189 Obispos de Córdoba y Ceuta, han concedido varias indulgencias á
109 2172 1404 2227 esta devocion, que por todas ascienden á mas de cuatro mil dias.
238 2266 1345 2325 Reimpreso en Carmona.—Imp. de D. J. M. Moreno.
