1765 2512
280 280 727 316 con el santo matrimonio,
288 328 748 365 y con su estado de gracia,
298 377 718 411 rica, apacible y gustosa,
298 422 782 457 contenta y bien empleada,
295 470 759 504 sin entender que tu esposo
299 516 673 553 en nada te disgustára:
299 565 711 601 Atiende los documentos
290 611 751 651 que en este se te preparan:
292 659 767 697 no te aflijas, que consuelos
292 706 734 745 te ofrece la piedad santa,
291 755 722 790 como tú con la paciencia
297 803 741 841 sepas conseguir su gracia.
288 850 666 886 El primer preparativo
297 899 729 937 que has de observar, mal casada,
298 946 637 983 es amar á tu marido
289 995 752 1032 con tierno cariño, y santa
292 1043 702 1080 amistad, tan verdadera,
292 1091 774 1127 que no le agravies en nada:
285 1138 720 1175 no por la concupiscencia,
297 1186 710 1225 por el gusto, ni la gala,
287 1234 710 1271 ni por su gran gallardía,
296 1281 680 1320 ni disposicion bizarra;
291 1330 720 1366 sino por el propio amor,
285 1379 793 1417 porque asi Dios te lo manda,
288 1424 664 1463 Sírvele como á señor,
287 1473 672 1510 súfrele con tolerancia,
284 1520 736 1559 cuida mucho de su honor,
290 1568 720 1606 no le dés pesar en nada,
283 1616 690 1654 estímale mas que á ti,
285 1666 736 1700 y los disgustos que traiga
288 1712 692 1747 cuando de fuera viniere
283 1760 696 1800 bórraselos con tu gracia:
288 1809 670 1844 que agradarás al Señor
287 1854 689 1893 si te vales de esta traza
279 1903 678 1941 Si contigo se agraviare,
280 1951 698 1990 no le repliques palabra,
280 1999 664 2036 ni le muestres altivez,
279 2046 744 2086 ni pongas ceño en la cara:
276 2092 682 2132 no le mires rostrituerta,
269 2142 696 2181 ni separes mesá y cama,
272 2190 748 2227 porque con solo esta chispa
275 2238 742 2278 podrá encenderse la llama,
1020 280 1468 322 Sulre, y disimuia cuerda,
1013 330 1467 371 no contradigas lo que hab!
1024 375 1412 421 obedece con modestia,
1021 424 1468 469 dile muy dulces palabras,
1020 471 1490 517 que si del todo enmudeces,
1017 519 1530 565 mas que apaciguas , agravias;
1018 566 1383 607 y si alguna vez la ira
1016 614 1406 659 superáre tu templanza,
1021 665 1395 705 por cuyo fatal motivo
1014 711 1390 754 te mostráres enojada,
1016 759 1460 802 no sea por mucho tiempo
1017 805 1423 849 que te vea destemplada.
1020 852 1446 899 y en caso que te acaricie,
1015 901 1416 942 correspóndele tú grata.
1016 948 1426 992 Aunque no tenga rizon,
1008 997 1402 1040 si la cólera le arrastra,
1010 1045 1374 1086 y el enojo le domina,
1015 1094 1441 1137 toda humilde te avasalla,
1013 1140 1414 1180 sin contradecir en cosa
1003 1187 1452 1231 de cuanto á él le agrada,
1012 1236 1507 1281 porque el soplo de un aliento
1008 1283 1456 1330 no apresure mas la llama,
1001 1336 1373 1371 y unida su condicion
1004 1380 1346 1419 se abrasaria la casa.
1004 1427 1530 1473 Pero cuando amaine el viento,
1001 1475 1495 1521 y la mar se quede en calma,
1002 1525 1360 1563 entra lú como galera
1006 1570 1420 1615 á rendir su intolerancia;
1000 1621 1314 1659 y si para combatir
1000 1667 1430 1710 respondiere con la salva,
1000 1716 1478 1760 no le empieces dispa ando;
996 1763 1510 1806 tendras paciencia, y aguarda
992 1811 1401 1851 á ver si con otro bordo
996 1858 1440 1900 le puedes dar la descarga:
995 1907 1510 1948 que aunque sea mayor buque,
994 1954 1412 1996 si la municion se acaba,
988 2002 1379 2043 suele rendirse puntual
988 2051 1428 2094 á quien la tiene sobrada;
988 2097 1386 2138 y en tal caso podra ser
988 2146 1396 2186 el que ganes la batalla;
991 2194 1433 2235 que si él de una vez gasto
990 2242 1406 2286 todá la pólvora en salva,
