1765 2512
284 267 674 302 Evangelio de S. Lucas
171 301 822 353 En aquel tiempo saliendo Jesus de la
124 364 827 395 Sinagoga, entró en casa de Simon, cu-
131 402 810 443 va suegra estaba con gran calentura: y
128 441 810 479 le pidieron por ella. Y Jesus puesto en
125 480 799 518 pie junto á la enferma, mandó á la fie-
124 519 804 557 bre y la fiebre la dejó, y leventándose
129 560 799 596 luego, les servia. Puesto el sol todos los
131 600 801 636 que tenian enfermos con diferentes enfer-
119 636 802 676 medades, se los llevaban; y él poniendo
113 677 754 717 sobre cada uno las manos, los curaba.
258 737 644 772 Evangelio de S, Mateo
155 794 799 832 En aquel tiempo fué llevado Jesus al
119 833 799 872 desierto por el Espiritu Santo para que
109 873 793 910 fuese tentado del diablo; y habiendo a-
109 912 794 950 yunado cuarenta dias y cuarenta noches,
109 951 789 988 tuvo hambre; y acercándosele el tenta:
108 991 795 1029 dor, le dijo: sí eres hijo de Dios, haz que
107 1030 789 1067 estas piedras se hagan pan. El le res-
114 1069 798 1107 pondió diciendo: está escrito; no de pan
108 1109 788 1146 solo vive el hombre, sino de toda palabra
114 1149 794 1186 que sale de la boca de Dios. Entonces le
104 1187 794 1225 trasladó el diablo á la santa ciudad y le
102 1227 788 1265 puso on la cumbre del templo, y le dijo;
98 1265 783 1302 si eres Hijo de Dios, échate de ahí aba-
96 1308 784 1341 jo, porque está escrito; que ha mandado
99 1344 784 1381 á sus ángeles cuidar de tí, y te llevarán
95 1383 788 1421 de las manos para que tu pié no tro-
106 1422 776 1460 piece acaso en alguna piedra. Dijole Je-
91 1464 784 1501 sus; tambien está escrito; no tentarás
98 1501 778 1538 al Señor tu Dios. Segunda vez le tras-
93 1539 801 1571 ladó el diablo á un monte muy eleva-
93 1581 801 1602 do, y le manifestó todo los reinos del
93 1618 785 1644 mundo y la gloria de ellos, y le dijo; to-
98 1659 790 1690 das estas cosas te daré, sí postrándote
88 1701 775 1727 me adorares. Entonces le dijo Jesus; re-
88 1732 785 1763 tirate, Satanás, porque está eserito: ado-
88 1778 783 1799 rarás al Señor tu Dios: y á él solo servi-
90 1818 777 1844 rás. Entonces le dejó el diablo, y luego
95 1857 652 1896 llegaron los ángeles y le servian.
236 1914 632 1953 Evangelio de S. Juan,
131 1973 1144 2019 En el principio era el Verbo, y el estos serán curados.
105 2013 772 2050 Verbo estaba en Dios, y el Verbo era
848 274 1536 309 Dios. El estaba en el principio en Dios.
853 311 1545 338 Todas las cosas fueron hechas por él; y
853 353 1527 388 nada de lo que ha sido hecho se hizo sin
848 390 1550 410 él. En él estaba la vida, y la vida era la
851 432 1530 467 luz de los hombres, y la luz luce en las
849 471 1532 507 tinieblas; pero las tinieblas no la compren-
845 508 1532 547 dieron. Hubo un hombre enviado da
843 550 1520 583 Dios que se llamaba Juan. Este vino co.
844 587 1526 627 mo testigo, para dar testimonio de la luz,
847 628 1523 662 á fin de que todos creyesen por él No
839 667 1522 701 era él la luz, pero vino para dar testimo-
828 707 1516 741 nio de la luz. El Verbo era la luz verda-
844 745 1519 780 dera que ilumína á todo hombre que vie-
835 784 1517 820 ne á este mundo. El estaba en el mun-
836 823 1521 861 do fué hecho por él: mas el mundo no lo
840 864 1517 901 conoció. Vino á lo que era suyo, y los
840 903 1518 938 suyos no le recibieron. Mas á todos los
832 944 1512 978 que le recibieron, dió el poder de hacer-
836 981 1512 1017 se híjos de Dios; á aquellos que creen en
835 1020 1507 1057 su nombre, que no nacieron de la san-
840 1059 1511 1097 gre ni de la voluntad de la carne, ni de
824 1099 1504 1133 la veluntad del hombre, sino de Díos Y
838 1137 1510 1171 el Verbo se hizo carne y habitó entre nos-
836 1175 1512 1214 otros, y vimos su gloria, como la gloria
836 1215 1514 1253 del Unigénito del Padre, lleno de gracia
832 1255 1038 1290 y de verdad.
968 1326 1369 1360 Evangelio de S. Marcos.
864 1392 1510 1434 En aquel tiempo se apareció Jesús á
830 1433 1503 1472 los once apóstoles, cuando estaban á la
828 1471 1485 1511 mesa y le reprendió su incredulidad y
826 1511 1498 1550 dureza de su corazon, porque no creyeron
822 1555 1524 1576 á aquellos que le habian visto resucitado.
816 1586 1514 1612 Y les dijo: id por todo el mundo y predi.
822 1633 1503 1654 cad el Evangelio á todas las criaturas. El
822 1670 1519 1690 que creyese y fuese bautizado se salvará,
816 1701 1498 1742 pero el que no creyese se condenará. Y
822 1748 1508 1774 ved aqui los milagros que harán los que
818 1786 1491 1811 creyeren. En mi nombre lanzarán los de-
811 1827 1507 1848 monios: hablarán lenguasnuevas, cogerán
815 1865 1490 1903 con las manos las serpientes; y si beben
815 1905 1490 1943 algun licor venenoso no les hará daño;
819 1944 1492 1989 pondrán las manos sobre los enfermos, y
713 2063 884 2215 FIN.
596 2272 974 2319 CARMONA:=1856.
175 2326 1396 2374 Imprenta de D. José M. Moreno, calle Juan de la Cabra, núm. 5.
