1724 2380
417 1548 1216 1706 DEVOTA ORACION
276 1737 1347 1788 Á MARIA SANTISIMA DEL PILAR,
112 1827 1516 1880 protectora y generala de los egércitos de España, pues por llevarla consigo
113 1871 1517 1924 sus devotos se han concedido tres mil trescientos dias de indulgencias por el
111 1913 1516 1969 Santo Padre á los que devotamente rezaren un Ave Maria ó Salve ante esta
114 1958 1051 2006 Soberana Señora, poniendo su nombre y apellido.
149 2045 1478 2098 Oracion y piadoso coloquio de María Santísima del Pilar y Nuestro
604 2096 1032 2131 padre Jesus Nazareno.
153 2177 598 2218 Al alto Espíritu Santo
118 2222 598 2264 le pido me dé su gracia,
116 2268 570 2305 para publicar grandezas
122 2312 593 2351 e esta Virgen Soberana.
882 2191 1409 2230 Que en la ilustre Zaragoza
827 2234 1391 2276 hay una imágen que llaman
821 2276 1304 2317 nuestra madre del Pilar
821 2324 1246 2357 protectora y abogada.
