1737 2508
501 1208 1428 1362 LOS CUATRO SANTOS EVANGELIOS.
257 1366 1656 1402 Se ezorta á llevarlos todos consigo, porque se sabe que son maravillosísi-
435 1411 1496 1445 simos contra todos los males estando en gracia de Dios.
263 1485 1670 1522 Nuestro Santísimo Padre Pio Ví. concedió muchos dias de nidulgencías á
305 1529 1674 1565 los fieles que devotamente alaben al Santísimo Sacramento, y mucho mas
308 1573 1667 1610 todos los jueves del año y toda la octava del Corpus, como tambien in-
309 1617 1356 1651 dulgencia plenaria confesando y comulgando cada mes.
309 1700 939 1733 Los que en el mundo habitabamos
268 1744 789 1778 mientras que la vida dura,
261 1787 856 1822 siempre en el peligro estamos;
260 1832 850 1865 no hay punto ni hora segura,
265 1876 846 1908 y hacer la esperiencia vamos.
316 1919 832 1953 Quien se quiera preservar,
259 1963 782 1995 aunque en el peligro esté.
261 2006 659 2039 acostumbre atesorar
263 2051 710 2084 los Evangelios con fé,
271 2095 731 2127 que es defensa singular.
315 2138 726 2170 Esta reliquia preciosa
267 2181 734 2213 sirbe contra hechicerias
263 2224 694 2259 y nubes tempestuosas,
265 2269 685 2304 y contra las brujerías
267 2315 692 2346 es defensa prodigiosa,
1035 1701 1454 1733 Al cristiano temeroso
987 1744 1459 1778 libra esta reliquia bella
991 1788 1476 1825 del terremoto espantoso,
992 1833 1450 1866 del rayo, de la centella,
990 1875 1428 1907 y del huracan furioso.
1034 1919 1586 1955 Y pues hay ejemplos tantos,
985 1963 1502 1995 que esta reliquia preserva
988 2006 1548 2042 del demonio y sus encantos,
988 2050 1538 2085 dichoso aquel que conserva
996 2094 1568 2130 los cuatro Evangelios santos.
1033 2138 1593 2176 Lucas, Juan, Marcos, Mateo,
987 2180 1444 2216 nos libre de todo mal,
983 2225 1414 2258 hasta gozar el recreo
996 2268 1405 2304 de la Patria celestial,
989 2313 1528 2349 á medida del deseo. Amen
