1737 2508
203 167 722 209 un poco ya vuelto en mí,
194 219 700 260 y me vide, que martirio!
198 272 690 316 me quedé circunvalado,
197 324 689 367 valedme Cielos divinos!
197 376 690 421 Rodeado de mil gentes,
195 427 710 473 riyéndose y dando gritos,
204 480 671 524 otros haciéndome aire,
204 532 690 576 otros me dicen; musito,
193 585 773 628 que precioso que está usted!
208 636 743 682 Yo avergonzado y corrido,
203 689 662 733 el decirlo me dá pena!
203 746 756 789 Los calzones tan rompidos,
206 798 726 844 la camisa hecha pedazos,
200 852 696 895 colgándome mil rabitos,
195 906 694 948 la chupa sin una manga,
194 958 632 1001 el chaleco destruido,
195 1011 658 1055 el pelo todo en la cara,
203 1067 670 1106 parecia el mismo grifo:
201 1117 680 1161 y lo que yo mas sentia,
201 1171 730 1212 que me vido el dueño mio
203 1226 757 1266 tan mantés, tan guiñaposo:
212 1278 723 1318 si me muero al referirlo!
208 1330 640 1371 Hice calle, y me salí
201 1382 742 1427 y á mi casa me encamino,
201 1437 719 1478 por donde quiera que iba
204 1491 704 1532 tados pegaban conmigo,
1496 114 1532 153 3
926 169 1529 207 me preguntaban: qué es éso?
925 220 1435 262 yo callar y á mi camino,
927 273 1459 313 me metí pues en mi casa,
939 326 1506 367 cuando mi madre me vido,
931 378 1390 417 me dijo: maldito seas,
937 430 1536 469 por do diablos te has metido?
929 482 1428 525 y la capa y el sombrero,
937 532 1541 578 y lo demás del vestido?
938 589 1538 628 Fio respondí una palabra
933 638 1533 681 y en la cama me acochino
935 695 1540 734 porque el cuerpo lo llevaba
927 747 1544 788 conio costal bien molido:
933 800 1499 840 lo peor fué, que á la noche
932 850 1546 892 el Mercader ha venido
929 906 1381 947 á pedirme los dineros
929 958 1537 999 de la capa y el vestido.
931 1016 1539 1051 Con que con estas dos penas
935 1064 1541 1105 un desate me ha ocurrido
939 1119 1525 1160 que se me quiere salir;
941 1173 1467 1212 el alma por el postigo
950 1225 1538 1266 Ya no quiero mas madamas
945 1280 1545 1318 porque el escarmiento mio.
940 1332 1455 1372 llegó ya con esta afrenta,
933 1383 1477 1430 y asi tengo ya ofrecido,
931 1439 1446 1477 si acaso me pongo bueno
933 1491 1403 1533 morir Lego Capuchino.
693 1636 1296 1688 PASILLO
236 1741 1602 1782 DE PABLO Y NICOLAS.
200 1854 852 1896 Pab. Compadre? no sabe usted
249 1907 805 1949 la noticia que me ha dado
257 1959 712 2001 un sugeto inteligente?
207 2013 861 2054 Nic. Nada sé, compadre Pablo.
200 2067 893 2108 Pab. Pues, compadre, este sugeto
257 2122 830 2162 me dijo que habian llegado
259 2175 763 2218 dos botes de manzanilla
984 1856 1573 1902 á la tienda de ahí abajo
990 1910 1609 1952 que puede beberla un rei.
936 1963 1620 2001 Nic. Vaya deme usté un abrazo,
993 2015 1591 2058 en dando las doce iremos
991 2068 1595 2113 los dos á paladearlo.
937 2121 1440 2161 Pab. A las doce, yo creí
993 2177 1529 2221 que bajase usted rodando
