1803 2521
271 143 313 182 4.
219 196 714 237 la escalera! Vava, vaya
226 248 810 293 que tiene usted lindo cuajo.
168 298 812 346 Nic. Por hora mas ó menos...
172 353 864 396 Pab. Yo soi pronto en estos casos
233 405 754 448 Cuando estaba mi muger
234 456 804 505 (que Dios haya) agonizando,
220 510 620 553 salí con una receta
230 562 837 606 como á las once i tres cuartos
229 613 678 658 de la mañana, i al pié
225 665 680 711 de la torre de Recaño
225 720 761 766 encontré á Miguel Perales
232 772 728 818 que venia en su caballo
223 823 744 873 de la lsla: á Dios Miguel:
218 881 853 926 Dios guarde á ueted, señor
728 939 861 982 (Pablo
226 989 808 1030 Qué hai de nuevo por la lsla?
232 1040 812 1083 Que en la tienda de Naranjo
213 1091 761 1136 hai un vino para hombres
219 1143 781 1197 de gusto; pasó de largo,
211 1196 643 1242 i yo tomé el arrecife
218 1250 694 1295 hasta la lsla pian piano.
222 1304 730 1347 Compadre, si viera usted
224 1356 791 1403 que néctar! Hasta las cuatro
218 1408 728 1456 me tiré cuarenta medios,
208 1460 734 1509 í á no ser por el cuidado
210 1512 740 1560 de mi muger hago noche
215 1567 766 1615 en la taberna; mas cuando
216 1618 742 1666 volví á Cadiz la encontré
205 1673 667 1718 amortajada. Qué paso
207 1727 597 1772 tan doloroso! Ojalá
203 1779 814 1831 no hubiese vuelto en un año,
210 1832 739 1881 pues á lo menos hubiera
204 1888 722 1932 pasado el dolor á tragos.
157 1937 756 1987 Nic. Compadre, que feliz fué
187 1991 728 2039 usté en haber enviudado!
206 2043 696 2093 usted trabaja si quiere:
200 2099 739 2146 bebe, pasea, hace cuanto
958 202 1421 246 le dá la gana, sin que
961 255 1466 301 nadie le corte los pasos.
958 306 1428 354 Pero yo, pobre de mi,
962 361 1454 405 tengo una mujer al lado
957 410 1464 459 que no me deja siquiera
957 465 1133 505 respirar.
1139 516 1597 570 Pab. Usted es muy blando
953 572 1461 618 compandrito, mi muger
959 625 1512 675 (téngala Dios en descanso)
955 677 1517 730 era lo mismo que un tigre,
958 731 1468 782 pero yo con mis halagos,
953 784 1508 832 mi prudencia i mi dulzura,
961 836 1548 887 y una vera de á dos cuartos,
953 888 1389 933 en poco tiempo logré
952 941 1491 990 que no moviera los labios.
900 994 1498 1041 Nic. Amigo, bien se conoce
952 1048 1534 1096 que no tuvo uste un cuñado
958 1100 1508 1149 que por cualquiera friolera
962 1154 1340 1198 pudiese desafiarlo.
904 1206 1594 1261 Pa. Es verdad; pero hay mil modos
950 1259 1430 1305 de manejarse, Atanacio
949 1313 1522 1361 es de los nuestros, le gusta
944 1367 1482 1415 como es regular un trago
947 1419 1502 1467 de buen vino; conque todo
945 1474 1434 1521 se reduce á convidarlo,
946 1527 1478 1573 i por dos ó tres chiquitas
944 1578 1470 1626 será siempre su abogado.
890 1632 1554 1680 Nic. Dice usted bien: i aunque
949 1686 1534 1732 cuando me ha visto borracho
946 1738 1440 1784 se ha encolerisado mas:
889 1793 1560 1838 Pab. Pues! la envidia. Si yo calo
942 1846 1538 1891 á las gentes. Los que tienen
943 1898 1313 1942 un olfato delicado
946 1952 1420 1997 no se pueden contener.
942 2009 1456 2047 Qué hacemos, compadre?
950 2058 1552 2106 Vamos á probar aquella bota,
883 2112 1544 2158 Los dos Escurrámonos volando.
347 2128 1384 2296 CARMONA:—Imprenta de D. José Maria Moreno.
