1765 2512
351 92 391 131 2
257 143 832 185 Lo que si haré por ustedes,
259 195 731 236 para quedar mas lucido
256 248 706 292 es referir un suceso,
259 300 834 343 que en sabiéndolor les digo,
249 354 708 396 reirán todos sin gana,
253 406 856 447 y me han de poner un victor.
256 459 811 500 Pues, Señores, hubo un dia
251 510 744 553 un muy grande regocijo
255 565 681 606 en la calle de la feria
259 618 738 661 de unos toros repulidos;
256 667 660 711 yo me iba paseando
256 722 775 764 con tres ó cuatro mositos
258 776 776 817 echando piernas y plantas
247 828 760 873 mirando á los ventanijos,
244 881 830 929 solo por ver las muchachas,
246 938 786 979 por que por ellas me fino.
257 986 762 1033 Ví pues en una ventana,
248 1042 704 1086 allí cerca de portillo,
242 1094 698 1140 una tan repulidisima,
254 1150 758 1194 que me dejó sin sentido,
248 1202 703 1246 por fin me despaturré,
251 1253 864 1302 y me quedé hecho un liquido,
246 1308 712 1352 elado, sin movimienta,
242 1360 720 1406 mordicandone Cupido,
247 1413 752 1460 la miraba, y ine miraba,
259 1465 650 1510 e reia y vo me rio;
244 1518 686 1566 al fin me desabroché,
243 1574 649 1618 y le dije: Cielo mio,
238 1628 752 1673 tal dicha tienen mis ojos
244 1678 742 1727 de mirar un tal prodigio,
235 1732 686 1778 ese garbo y ese talle,
237 1785 808 1831 de suerte, que engurruñido
232 1839 754 1883 me he quedado sin saber
240 1892 870 1938 si estoy muertoo si estoy vivo.
231 1943 786 1991 Me respondio: sin lisonjas
233 1999 818 2046 son esas que me ha ofrecido,
235 2053 770 2100 aprecio mucho la arenga,
239 2105 814 2152 vaya á engañar á los Indios.
235 2161 812 2208 Le repliqué: Dueño amado,
980 139 1471 183 lisonjas no las practico,
984 194 1506 236 mis afectos darán señas,
989 247 1528 287 y ellos serán mis testigos.
992 301 1531 338 Señor, con estos coloquios
992 352 1408 392 estaba tan divertido,
991 405 1528 447 que de nada me acordaba;
991 458 1542 502 cuando oigo un gran ruido,
993 512 1562 553 diciendo: que viene el Toro:
987 566 1444 606 amigo, reparo y miro,
988 619 1578 659 que se me acercaba el Toro.
984 672 1502 716 ácia aquel paraje mismo:
987 723 1428 767 de prisa dije: señora,
984 776 1516 823 á vuestra salud me rindo,
992 830 1519 874 voy á guardar á este Toro
990 886 1544 929 y á ofrecerme en sacrificio.
986 939 1442 979 Me puse delante de él
988 993 1456 1035 la capa de pico á pico,
986 1044 1468 1086 lo llamé, le dije, Toro?
986 1098 1616 1144 Se me entró tan de improviso,
983 1151 1472 1193 que la capa mil pedazos
987 1205 1456 1249 en un instante la hizo,
990 1261 1602 1314 pues no contento con esto
982 1315 1608 1359 ine ha bailado un fandanguillo,
986 1367 1464 1410 encima de mi persona,
988 1417 1472 1463 y estaba tan encendido,
988 1468 1582 1521 y enrabiado como un diantre,
980 1524 1527 1570 me agarró por el fondillo.
980 1576 1558 1625 me ha rasgado los calzones,
972 1631 1430 1674 salieron los jarapillos,
977 1686 1502 1732 y con las calles colgadas,
977 1738 1486 1782 corriendo fuera de tino.
979 1791 1534 1838 sin saber lo que me hacia,
974 1844 1542 1893 los calzones hechos grillos,
976 1898 1450 1944 los zapatos se cayeron,
970 1953 1532 1998 el reloj se hizo mil pizcos,
972 2006 1394 2050 la redecilla y la faja
976 2059 1492 2108 nadie sabe donde ha ido,
970 2112 1456 2156 mirándome la persona,
974 2168 1617 2227 por si acaso estaba herido,
