1752 2480
1153 170 1421 324 Número 386.
451 1139 1186 1208 RELACION BURLESCA
225 1231 1397 1310 LA CALLE DE LA TERRA.
151 1338 680 1380 Salgo á serviros Señores,
104 1392 630 1432 Señoras, salgo á serviros,
100 1446 600 1486 á servir á ustedes salgo,
97 1499 545 1538 á servir á todos digo,
101 1552 557 1592 á todas estas Señoras
105 1606 578 1646 y á estos Caballeritos,
105 1658 615 1699 y á todos en este mundo
99 1712 626 1752 quiero servir, esto es fijo,
112 1764 652 1806 porque me dá á mi la gana
105 1818 595 1861 y como lo haré lo digo,
105 1872 680 1913 pues ahora que reflecciono,
99 1926 657 1965 me parece que el servicio,
107 1978 624 2018 digo; de tantas personas
99 2032 660 2073 me meterá en un conflicto,
97 2085 680 2125 como he de servir á tantos,
95 2138 678 2179 me vuelvo atrás en lo dicho;
102 2192 588 2231 el servir á dos Señores,
102 2246 682 2285 dicen, que nadie ha podido,
112 2300 731 2339 con que á tantos guarda pablo!
832 1335 1364 1379 ahora no echo este juicio:
832 1389 1324 1431 si cada uno de ustedes
838 1441 1522 1485 me llamára á un tiempo mismo,
840 1496 1311 1538 como habia de acudir?
840 1548 1336 1594 Con que es un desatino,
844 1605 1283 1646 uno me pidiera agua,
843 1656 1338 1699 y otro me pidiera vino,
842 1709 1380 1753 otro lo capa, el sombrero,
836 1764 1318 1803 el corbatin, el vestido.
844 1816 1427 1856 pues diga usted las mujeres
840 1871 1368 1912 si acaso tienen chiquillos;
844 1924 1288 1966 una, vé por alfileres,
835 1977 1290 2018 otra mese al angelito,
837 2031 1340 2071 otra tráeme aquel vaso,
833 2083 1410 2126 que voy á envolver al niño,
836 2138 1308 2179 sube agua á la cocina,
842 2193 1297 2232 y cada uno así mismo
839 2245 1448 2284 me mandara, Dios nos libre!
843 2299 1364 2337 solo en pensarlo me fino.
