1765 2512
204 149 784 193 Berlinc. Ei indecente malvado
238 193 767 240 será usted, so vil, infame,
233 236 810 282 marche pronto á su cuidado
240 283 760 328 y sino de un puntapié....
235 324 744 371 le mando á Poncio Pilato;
240 369 732 416 habrá hombre como él...
191 414 759 459 Cata. Esta mañana temprano
229 457 828 506 le ví cuando entraba en misa,
230 503 762 547 y es un valiente muchacho,
231 544 763 591 oiga usted y tan jovencito
222 589 684 633 á coronel ha llegado?
223 637 810 681 ¿y á usted que tiempo le queda
236 677 676 720 para verse licenciado?
183 723 855 770 Berl. Encontré lo que buscaba..ap.
228 769 825 813 ¿Con qué se llama Juan Blanco
224 813 798 857 el que ha herido á ese pobre?
219 858 753 900 ¿y no han podido agarrarlo?
220 900 642 939 Ese es uno que vive
222 943 727 988 en la plaza del mercado:
220 986 676 1031 Pues amiguito mandar,
226 1035 748 1079 que tengo mucho cuidado.
324 1078 708 1121 Váse á dar cuenta.
174 1119 704 1166 Cata. Amiguito oigo usted,
220 1163 758 1213 vaya un borrico estremado,
210 1210 817 1256 pues no se ha ido el muy bestia
214 1255 746 1298 y me ha dejado plantado:
204 1299 684 1340 le aseguro á ese señor
204 1343 676 1383 no quedará sin pagarlo:
203 1384 681 1429 ese pobre que yo herí
209 1428 740 1477 sin ser él que iba buscando
200 1473 631 1515 ha sufrido ese infeliz
199 1517 770 1568 sin tener culpa, ese agravio,
204 1565 626 1603 y este picaro bribon
202 1607 741 1653 que así de mí se ha burlado
201 1652 646 1692 dejándome sin motivo
194 1696 707 1740 con la palabra plantado:
199 1740 697 1782 en cuanto le vuelva á ver
192 1783 714 1829 ha de llevar buen recado,
202 1829 794 1875 pues es menester que entienda
202 1873 724 1918 que el valiente Catacaldos,
187 1917 726 1961 no se la ha hecho ninguno
189 1960 720 2006 que no se la haya pagado,
189 2008 724 2047 ¿y qué siendo yo quien soy
191 2050 703 2090 me mantenga tan templado
186 2094 618 2135 y no corra la ciudad
181 2137 732 2181 hasta que logre encontrarlo?
184 2181 792 2229 Marcho á buscarle al momento,
180 2229 692 2270 y si le hallo (desdichado),
182 2271 692 2315 el otro sufrió una herida,
176 2318 744 2360 pero éste ha de llevar cuatro.
936 167 1614 217 Váse por una puerta y por la otra sale
968 212 1612 260 Juan Blanco descalzo y en cuerpo.
927 300 1591 344 J. Blanco. Confuso estoy ¿qué será?
963 346 1495 388 á mí el Alcalde de barrio...
968 394 1494 430 ¿para qué puede quererme?
972 433 1426 477 yo no he escandalizado,
963 478 1408 520 a nadie le debo nada,
959 523 1494 565 ni á ninguno he agraviado:
964 567 1412 607 el pueblo puede decir
960 611 1508 655 la conducta de Juan Blanco.
968 653 1452 699 Vaya que sé lo que es....
960 703 1564 741 ¿pero me han de haber llamado
958 742 1420 783 por una cosa tan corta,
959 786 1483 827 porque la novia he dejado?
956 831 1514 872 Si á el contrario hubiese sido
951 876 1486 917 á mi me hubiera tocado....
954 923 1482 960 y si quedrán de pof fuerza
956 964 1462 1004 que sea con ella casado?
949 1008 1490 1049 pues están mal entendidos,
947 1052 1587 1094 que aunque me lleven los diablos
944 1096 1498 1139 no me he de casar con ella,
944 1139 1410 1177 vaya que estoy abiado:
939 1188 1455 1224 yo he conocido muy bien
939 1229 1514 1273 que tiene el génio muy malo,
944 1276 1460 1312 y otras cosas que no sabe
940 1317 1432 1355 el Alcalde de mi barrio:
940 1360 1496 1401 es verdad que la he querido
938 1405 1426 1446 con un afecto estremado;
940 1450 1312 1487 pero ya se remató,
938 1495 1514 1532 que yo mismo he presenciado
935 1538 1424 1576 que la ronda otro señor
940 1584 1432 1622 y que es hombre casado,
934 1628 1510 1666 y que estas noches de pascua
932 1669 1528 1714 le encontré con ella hablando,
931 1717 1405 1751 por la puerta del corral
929 1758 1542 1799 cuerpo á cuerpo y mano á mano.
926 1806 1460 1843 y que los ví yo tambien....
1004 1867 1440 1906 Sale Catacaldos y dice.
884 1928 1520 1974 Catae. Adios señor de Juan Blanco,
930 1973 1410 2014 que tal vá amiguito mio.
881 2016 1564 2061 Blanc. A qué vendrá este borracho?
882 2061 1558 2107 Calac. Me ha dicho el señor Alcalde,
915 2106 1422 2149 que tienes en este barrio,
917 2152 1513 2193 que los dos marchemos juntos
920 2195 1342 2236 a su casa de contado,
914 2239 1448 2281 por ciertas declaraciones...
863 2284 1546 2326 J. Blanco. Amonestaciones....malo:
911 2332 1466 2369 ¿yo amonestarme á disgusto?
