1737 2508
312 184 882 221 ¿quién diablos tal ha pensado?
265 226 860 266 Catac. Este es sordo como yo:
303 271 896 311 le hablaré un poco mas alto,
312 313 940 354 vamos que se pasa el tiempo récio.
307 355 856 397 y está el Alcalde aguardando.
308 446 834 487 ó que me aguarde sentado,
306 490 800 529 que voy á buscar la capa
312 534 923 572 y á ponerme los zapatos... váse.
255 578 1652 627 Catac. El demonio es don Berlincho, J. Blanco. Oiga usted señor Alcalde
302 626 872 661 ¿qué diablos habrá ordenadó?
302 669 810 704 yo le herí, mucha verdad,
297 710 823 748 pero el Alcalde del barrio
304 754 882 799 segun me ha dicho, no es eso
302 802 846 841 por lo que he sido llamado,
293 842 848 887 y citar ahora á este pobre,
291 887 832 929 esto me tiene en cuidado....
298 932 798 971 por fin, sea lo que fuese.
247 1019 922 1061 Sale Juan Blanco con capa y dice:
287 1108 764 1150 Camará vamos andando,
296 1153 932 1199 pero aunque sepa que me hechan
283 1195 794 1237 á Ceuta por veinte, años,
286 1240 752 1282 no consentiré casarme,
286 1284 790 1326 no faltaba mas... canario,
285 1329 770 1368 consentir consentiduras,
287 1372 787 1413 y ser conde sin condado?
285 1417 849 1460 pues lleve el diablo la novia
281 1460 815 1504 y á su casta... vaya vamos.
232 1550 921 1591 Sale por una puerta, y por la otra en-
235 1593 921 1635 tra el Alcalde y Berlincho con un bra-
229 1637 895 1682 zo liado, lo dice el Alcalde al oido.
231 1726 869 1769 Alcalde. Usted Sr. D. Berlincho
275 1774 707 1812 ¿estará bien enterado
277 1816 739 1856 que la herida se la dió
271 1857 801 1903 ese señor de Juan Blanco?
224 1901 908 1954 Berlinc. Luego que el testigo venga,
264 1946 772 1995 él lo cantará bien claro,
272 1994 744 2036 pregunto señor Alcalde,
268 2039 704 2077 ¿usted lo tiene citado?
222 2079 858 2127 Alcalde. Si señor, pronto vendrá,
263 2124 859 2170 que hay rato que lé he enviado
259 2169 909 2218 á llamar al delincuente. Se sienta.
233 2231 882 2279 Llegan á la puerta Calacaldos y
299 2277 807 2322 Juan Blanco, y dice éste.
216 2340 850 2390 Blanco. Dios en casa sea alabado,
1026 193 1581 232 ¿dá su merced su licencia?
991 282 1679 324 El Alcalde hace seña con la mano pa-
983 327 1672 369 ra que entren y pasen adelante ambos.
253 400 1646 452 Blanco. Que preste alguna paciencia Alcalde. Señor Blanco, diga usted,
1027 456 1538 493 sin retrónieas ni engaños,
1035 501 1626 539 ¿en dónde estuvo usted anoche
1040 543 1570 581 desde las doce á las cuatro?
1031 629 1510 669 yo le voy á hablaz claro,
1028 676 1553 714 es verdad que la he querido
1032 722 1532 759 muy cerquita de dos años,
1031 766 1621 804 pero hace unas cuantas noches
1025 810 1637 848 que he visto a cierto embozado
1025 854 1541 890 entrar por la, puertá falsa
1023 897 1418 933 y salir de dia claro,
1015 944 1575 979 y pienso no está en el órden
1015 986 1550 1024 el que yo le siga hablando.
978 1030 1657 1073 Alc. Qué diablos biene áser esto. ap.
1016 1074 1514 1114 descubriremos el campo.
972 1120 1667 1158 Blanco. Yo no digo que este hombre
1011 1164 1516 1203 entre allí por aada malo,
1020 1207 1442 1243 pero creo que no será
1026 1252 1446 1286 para rezar el Rosaria,
1013 1292 1519 1336 y por fin, reze ó no reze,
1013 1339 1567 1381 allá su almá en su almario,
1011 1384 1459 1421 á mi no me pide prisa
1011 1428 1451 1465 por ahora ser casado,
1005 1473 1457 1510 si mañana me precisa
1001 1515 1534 1558 me miraré en lo que hago,
1004 1561 1464 1600 casando con gusto es,
1011 1604 1550 1645 y hay cien leguas de barro:
997 1648 1580 1691 con que siendo da por fuerza
999 1692 1465 1732 hagámonos todos cargo:
1002 1736 1383 1776 últimamente señor,
1006 1780 1578 1822 ni por Dios, ni por los diablos
996 1826 1471 1864 me caso con tal muger;
1004 1870 1446 1909 consiento ser fusilado,
996 1914 1548 1954 aunque me hechen á Melilla
1007 1958 1568 2001 ó á el canal por veinte años,
992 2002 1473 2040 no tapo ningun portillo
1001 2047 1524 2085 que otro haya desportillado;
997 2089 1614 2131 con que usted haga lo que guste
993 2135 1535 2173 á cualquier cosa me hallano
991 2179 1486 2219 menos casarme con ella.
956 2221 1626 2266 Alcalde. Quedo muy bien enterado,
997 2267 1526 2306 usted es sordo, sin remedio.
948 2310 1606 2354 Blanco. Me mato de un trabucazo,
983 2357 1434 2396 me pego una puñalada
