1752 2480
197 179 711 220 antes de hacei tal disparo.
155 221 836 267 Catac. ¡Una puñalada dice? aparte.
198 269 764 308 ¿vaya que me está acusando?
152 310 805 356 Blane. Pienso que voy á la iglesia.
196 358 764 397 el cuerpo me éstá temblando.
148 400 834 443 Alc. Sosiéguese V. amiguito, al oido.
196 447 736 486 que de eso no se ha tratado,
187 491 605 526 para una declaracion
187 535 697 572 es usted á casa llamado.
182 580 784 618 ¿En dónde estuvo usted anoche
190 623 762 662 desde las doce á las cuatro?
138 666 823 708 Blanc. ¡Ay Dios mio! que respiro...
182 711 632 748 A esas horas acostado.
137 756 718 792 Alc. Se sabe que estuvo usted
185 802 717 836 en la calle de San Pablo
180 846 754 884 y riñó usted eon un hombre,
139 888 813 930 Blanc. ¿Quiéntal disparate á hablado.
132 934 696 975 Alc. El señor es el testigo,
180 978 626 1015 digo, señor Catacaldos,
175 1023 733 1059 ¿fué el señor el que le hirió?
133 1068 815 1105 Catac. Vírgen Sta. del Collado... ap.
173 1111 732 1149 señor Alcalde, mire usted...
170 1153 688 1194 yó señor contaré el caso.
168 1198 642 1236 Pues ha de saber usted
167 1243 724 1284 que yo me hiabia equivocado;
170 1289 644 1323 tuve palabras con uno
167 1333 686 1370 que vive en el barrie alto,
176 1378 634 1413 y me pegó dos palillos
168 1422 648 1461 que me puso mareado
164 1468 594 1501 y el picarrillo se fué
166 1512 700 1546 y yó me quedé angustiado:
170 1554 598 1592 luego que me reporté
166 1598 712 1637 me marché paso entre paso,
163 1645 725 1680 y ví un bulto en una puerta
160 1686 688 1723 de la calle de San Pablo;
168 1730 638 1766 como estaba tan oscuro
156 1772 662 1812 á él me fuí aproximando,
164 1816 588 1855 se me figuró que era
167 1861 692 1901 el que me habia castigado;
158 1907 720 1946 él que me vió á mi cercarme
155 1951 624 1991 se previno con un palo,
166 1997 551 2034 y yo dije para mi
160 2041 622 2077 que te mata Catacidos.
163 2083 700 2123 Tiré entonces de mi espada
156 2131 640 2169 y tuve tan buena mano,
924 198 1518 235 que le encendí un par do puros
934 240 1404 278 que los estará chupando:
928 282 1506 324 pero diga usted señor Alcalde,
916 327 1452 366 si á usted le hubiera pasado
918 373 1506 410 ¿uo hubiera hecho lo mismo?
878 413 1560 457 Atc. Pues señor, no ha estado malo,
911 457 1394 497 se podrá ver un enredo
912 500 1516 543 como el que se ha presentado,
920 545 1553 588 pues á la cárcel va usted, al oido.
918 589 1400 630 despues será sentenciado.
880 634 1523 676 Catac. Iré donde usted me mande
916 679 1550 723 quién tal hubiera pensado.... ap.
872 724 1384 763 Alc. Llamaré á el alguacil
914 768 1486 808 que este juicio se ha acabado.
952 812 1440 853 Le llama.  Pepe Trinca.
868 856 1272 894 Alguacil. Señor mio.
860 900 1464 944 Alc. A el señor de Catacaldos,
899 945 1500 990 me lo pone usted en la cárcel.
860 991 1480 1033 Alguacit. Allá le llevo volando,
912 1034 1548 1078 heche V. á andar por delante, van.
858 1077 1546 1125 Alc. Y usted señor de Juan Blanco,
908 1122 1349 1160 está libre de la herida
899 1165 1414 1207 que le habian acomulado.
899 1210 1401 1252 Cuando quiera se retira;
895 1259 1429 1294 y de lo que antes hablamos
902 1298 1388 1337 sino quiere encabritarse
900 1342 1464 1386 no tome usted nunca estado,
900 1391 1388 1426 que la que parece buena
904 1433 1402 1471 suele darnos peór el pago.
856 1475 1490 1521 Blanco. Si señor dice usted bien,
895 1521 1391 1560 y si á el remate me caso,
892 1564 1378 1606 haré lo que dijo el otro,
888 1606 1320 1647 á cazazo, morterazo.
891 1650 1474 1694 Ea usted lo pase bien.... vá.e.
848 1697 1480 1739 Alc. la estado bonito el chasco,
888 1740 1470 1781 Señor Bierlicho, usted marcha
884 1784 1352 1825 á huscar á el cirujano,
892 1833 1350 1868 y todo lo que se gaste
886 1875 1354 1911 lo pagará el encausado.
840 1916 1516 1962 Bertinc. Mil gracias señor Alcalde,
889 1959 1506 2005 voy al instante á buiscarlo, váse.
846 2006 1390 2046 Alc. Y ustedes perdonarán
892 2050 1344 2091 los defectos dislocados,
883 2096 1432 2135 del juicio de los tres sordos
880 2141 1434 2180 ó cada cual con su cuidado.
671 2164 967 2322 FIN.
156 2260 1475 2433 CARMONA:—1856. Imp. de D. J. M. Moreno, Descalzas, núm, 1.
