1752 2480
1312 167 1550 323 (Num. 295.)
463 363 1365 426 NUEVO PASILLO
834 450 1024 507 TITULADO
288 552 1540 624 CADA CUAL CON SU CUIDADO,
857 651 974 706 Ó SEA
457 746 1364 813 EL JUICIO DE LOS TRES SORDOS.
786 965 1054 1026 PERSONAS.
201 1083 1627 1136 Berlinche... Sordo.—Juan Blanco... Sordo.—Catacaldos... Sordo.
462 1139 1358 1188 El Alcalde.—Pepe Trinca.... Alguacil.
202 1267 1631 1318 Sala con dos puertas, se presenla Berlinche embozado en capa, con un
244 1314 1414 1360 garrote bajo de ella, y un brazo liado como que está herido.
203 1468 894 1506 Berlinc. Cuando la desgracia quiere
252 1514 796 1549 perseguir á un desgraciado.
243 1557 718 1591 aunque la fortuna corra
243 1601 745 1636 no le alcanza, es probado:
248 1643 740 1682 en una noche comó esta,
256 1687 716 1725 oscura por su nublado,
249 1732 869 1771 despues de andar por las calles
249 1776 766 1815 bien herido y mal cenado,
245 1820 731 1855 he llegado á la ventana
252 1864 726 1902 de mi dueño idolatrado,
251 1909 754 1945 á dar alivio á mis penas,
252 1954 826 1991 y por mas que la he llamado,
244 1997 774 2034 no ha consentido asomarse,
251 2042 798 2080 que si se hubiera asomado,
244 2085 783 2120 aunque soy un poeo sordo
249 2130 700 2163 no lo soy tan apurado
252 2172 672 2208 que no la pudiera oir;
244 2219 748 2256 si me hubiese aconsejado,
248 2263 767 2298 y con contar mi desgracia
256 2307 642 2341 mi corazon agitado,
258 2351 716 2387 al menos con referirla
254 2395 794 2435 sé hallaría mas desahogado,
976 1476 1458 1517 y estaria mas contento.
979 1540 1575 1580 Calacaldos por la otra puerta.
938 1604 1500 1643 Cala. Aquí huele á bacalao,
971 1650 1476 1688 sin duda le están friendo,
972 1694 1434 1727 si llegára por un lado
975 1737 1490 1774 me comiera diez tajadas:
972 1783 1488 1819 allí veo un embazado.....
933 1827 1597 1862 Berlinc. Quién será este caballero?
985 1871 1409 1904 ¿si será por un acaso
977 1914 1598 1950 el mismo que á mi me ha herido?
946 1959 1504 1996 Cata. Yo llegára de contado,
986 2003 1494 2039 pero ¿qué haré con llegar?
983 2049 1482 2082 si me habla algo callando
982 2093 1453 2128 no le puedo responder;
984 2135 1488 2171 le diré que me hable alto.
973 2179 1464 2217 Maldita sea mi sordera,
979 2223 1516 2263 este es un grande trabajo,
979 2268 1252 2305 quién vá......
928 2313 1376 2348 Berlinc. Quién biene!
940 2359 1586 2394 Cata. Hableme usted un poco alto
978 2402 1484 2439 que soy un poco teniente.
