1677 2456
196 159 762 200 mandando su cuerpo y alma
191 207 672 249 al Principe del infierno.
191 255 724 299 Puesta la soga en la nuez
200 304 740 348 tomó la pluma en los dedos
198 352 664 392 sus haberes repartió
198 399 676 442 bufando, y asi diciendo:
197 449 855 491 Dos bolsas que me han qüedado
203 498 701 543 una espuerta y un talego,
190 545 684 592 á los despenseros mando,
196 591 656 638 y sin balansas un peso.
192 643 659 687 Item, unas pesas faltas
197 691 701 737 de plomo y algo de acero,
194 739 676 784 una ganzua y dos llaves,
196 786 715 832 porque son mis herederos,
192 836 662 877 Mis uñas sen garabatos;
195 883 686 925 y asi con gusto las dejo
184 931 728 981 á los que pescañ pescados
195 980 627 1024 cortadores y fruteros.
183 1029 721 1071 Para aguar leche y vinagre;,
191 1078 832 1122 mando á los que tratan de ello,
183 1127 642 1171 con un libro de cocina,
193 1174 726 1220 dos arcas y cuatro cueros.
183 1224 774 1267 Que vendan la leche aguada,
188 1272 780 1315 y dén por cuartillos, medios,
183 1320 794 1364 que aunque lo sienta el vulgo,
180 1368 703 1415 sacarán mucho provecho.
188 1418 686 1463 Echen en la miel harina,
182 1468 706 1512 para que tenga mas peso,
184 1515 567 1557 y la meloja socorra
178 1564 623 1607 á todos ios buñuleros.
179 1610 671 1653 Vendan turron y arropia
176 1660 724 1706 los chulos á todos tiempos,
186 1710 640 1752 que jugando de la uña,
182 1757 724 1799 se hacen ladrones profesos.
183 1806 660 1846 Aguardiente y tajadillas
187 1853 710 1897 vendan Galfarrones necios,
179 1904 656 1944 y á medio dia aceitunas,
183 1952 718 1994 á peso malo y buen precio.
175 1999 655 2040 La aloja y la carraspada
178 2047 620 2090 á los mortales la dejo,
184 2097 663 2137 y la Boca de la espuerta
175 2146 588 2190 á Coritos y Gallegos.
927 159 1459 209 Una gruesa de escardíllos,
938 210 1392 252 y de azadones prometo
924 257 1382 298 á todos los hortelanos
935 306 1482 350 de Samaríá y de Marruecos.
926 356 1469 398 El palo con que á mi padre
930 403 1430 446 le descoyunté los huesos,
932 451 1460 494 mando á todos los casados
934 500 1462 544 con hembgas de poco seso.
918 549 1420 589 Las botas y las espuelas
925 597 1424 638 á dos franceses cocheros
923 649 1439 688 y á un cónitre de galera
924 697 1390 734 cuatro látigos de cuero.
924 745 1496 790 Item, mando á los verdugos,
930 795 1542 838 que ahorquen con mucho asco,
930 843 1434 882 y con arrojo, pues tienen
921 889 1443 933 en mi unseguro maestro.
924 937 1400 980 Dos redes falsas y rotas,
921 985 1482 1031 séis cañas con sus anzuelos,
926 1035 1474 1080 que guardé mal adquiridas,
922 1083 1400 1126 valiéndome de lo ageno,
918 1130 1460 1178 mando á todos los ociosos,
926 1180 1396 1221 que flemáticos y necios
916 1228 1437 1269 se van á pescar las fiestas
920 1276 1460 1320 con soles, agüas y vientos.
918 1324 1360 1369 Esta túnica que visto,
914 1374 1363 1417 é injustamente poseo,
920 1422 1304 1463 la dejo para casaca
916 1471 1406 1512 á un gordo bodégonero.
924 1519 1496 1565 El báculo en que me arrimo,
924 1572 1482 1615 por ser largo y algo grueso,
924 1619 1432 1657 dividase en dos bordones
920 1667 1534 1708 para un cojo, y para un tuerto.
918 1716 1332 1756 Esta larga cabellera,
920 1764 1472 1806 que heredé de mis abuelos;
917 1814 1422 1851 repártase en dos pelucas
920 1859 1448 1902 para dos lindos del tiempo,
909 1907 1492 1952 Una estera, y dos banquillos,
915 1958 1395 1997 á un saludador entrego,
909 2007 1377 2045 y si fuere muerto, pase
910 2055 1402 2095 á un tornillero sargento.
916 2104 1396 2144 La vara con que media,
911 2151 1447 2195 aunque le falten tres dedos,
