1636 2460
1078 106 1374 258 Número 217.
151 1290 1465 1338 ROMANCE GRACIOSO Y ENTRETENIDO,
111 1400 1522 1441 en que se refiere el Testamento que hizo el maldito Judas al pié del
113 1450 1528 1488 Sahuco, las mandas que dejó de sus bienes, y los Albaceas que señaló:
111 1498 1521 1537 compuesto por un Calabré que fué Cómitre en las galeras, y Ventero
159 1546 1478 1586 de la venta Quemada, alojamiento de ladrones, de garabatos,
503 1594 1133 1638 y esponja de bolsas y cueros.
164 1777 687 1814 Despues que Judas traidor
118 1826 616 1864 logró su malvado intento,
120 1874 704 1914 que fué vender lo que es mas,
117 1922 602 1960 por tan vil y bajo precio,
118 1971 679 2009 llevaba el Diablo en el alma,
116 2020 696 2058 teniendo á Dios en el cuerpo,
119 2068 588 2103 haciendo por la codicia
120 2116 520 2153 de la triaca veneno.
119 2165 555 2201 Corriendo desesperado
841 1774 1446 1812 hechó el dinero en el Templo,
844 1822 1310 1859 y aunque dijo yo pequé,
841 1870 1335 1907 no tuvo arrepentimiento.
842 1919 1298 1955 Entregó al Dulce Jesus
837 1967 1298 2004 á los pérfidos Hebreos,
843 2016 1470 2051 y desde el Templo, no es nada,
842 2064 1512 2100 se fué á hechar el lazo al cuello.
845 2112 1345 2149 Al pié del Sahuco infame
848 2162 1415 2200 se puso á hacer Testamento,
