1765 2512
188 247 574 285 Ese refajo, Cólasa,
189 297 756 333 remángalo, que me estorba
183 345 727 380 si no me enseñas la corva
183 393 710 429 me pronuncio... puñalaa.
196 439 731 478 Vaya un ángel retrechero,
189 491 649 528 ¿que viva la Macarena?
189 539 876 574 valen mas que el trocaero, ¡puñala!
196 586 676 622 las ligas de mi morena.
240 652 750 691 Cruo es tu talle, tu cara,
192 703 612 742 y tu castillo é popa,
185 751 657 788 pero si te alzas la ropa
188 800 704 835 no te enfaes, no digo ná.
184 848 792 885 Que al ver, morena, tus ligas,
192 896 750 932 el cuerpo se me estremece,
186 944 678 984 la lenguecita enmudece,
183 993 578 1033 y se me vá la toná.
234 1059 623 1096 Vendecio el ataero
183 1108 648 1148 que sugeta cual caena,
182 1158 522 1195 ¡ui! salero!.......
182 1206 666 1243 las ligas de mi morena.
215 1273 774 1313 Por Dios serrana por Dios,
188 1322 640 1358 alza la ropa otro poco,
192 1370 760 1408 que me estás volviendo loco
183 1420 647 1455 por instantes, puñalaá.
178 1467 744 1504 Dejame que absorto admire
184 1515 627 1553 de tu edificio la base;
187 1563 721 1602 deja que el alma se abrase
179 1611 620 1649 contemplándose, salá.
229 1677 712 1718 Vaya una curra ¡salero!
180 1730 704 1766 ¡que viva la gente güena!
187 1776 803 1813 vale mas que el mundo entero
178 1826 666 1863 las ligas de mi morena.
236 1892 715 1930 Vaya unos ojos ladrones
178 1942 628 1978 temerarios y atrevios;
182 1993 698 2030 ¿por qué me miran reñio,
182 2042 650 2074 si no los hice por qué?
187 2088 669 2123 Vaya unas cejas reondas
177 2136 748 2176 y unas pestañas... ¡salero!..
180 2183 748 2224 vaya un mirar retrechero...
178 2236 748 2272 vaya una jembra ¡oiga oste!
967 244 1521 280 Que soy capaz si me muero
921 292 1360 332 de placer en la faena,
924 338 1456 377 de llevarme... ole, salero!
916 388 1398 427 las ligas de mi morena.
961 456 1426 495 Tan dura de condicion
920 506 1410 545 es la negra de mis ojos,
916 555 1575 591 que hasta verme hecho despojos
914 603 1424 640 no se ha de compadecer.
918 648 1458 690 Por mas que la digo reina,
921 698 1457 736 ¿hasta cuando ha de durar
912 745 1302 782 ese modo de jugar
909 794 1377 834 que me tiene mi valer?
916 860 1358 900 ¡Colasillal... Resalero!
908 909 1444 951 hermosa, blanca azucena,
910 956 1530 1000 no te enfaes... por que quiero
910 1005 1398 1047 las ligas de mi morena.
958 1073 1435 1117 Si llego á lograr un dia
906 1121 1400 1163 á cojerte por mi banda,
910 1170 1436 1211 ¡puñalaá!... y qué zaranda
916 1219 1454 1259 seva á armar entre los dos.
916 1267 1460 1307 Del primer golpe... naita...
907 1315 1490 1359 hasta los mismos banquillos,
914 1363 1416 1406 van á parecer chiquillos,
910 1412 1446 1454 llorando... ¡várgame Dios!
956 1481 1472 1520 Por que soy capaz de dar
916 1531 1440 1571 como te muestres serana,
904 1580 1552 1618 mas guerra que me estan dando
912 1628 1398 1668 las ligas de mi morena.
963 1685 1525 1725 Vamos, gachona, que quiero
912 1732 1367 1777 verte pronto preparaá,
909 1784 1267 1822 y esa liga coloraá
914 1833 1412 1871 hacerte dos mil pedazos,
906 1880 1402 1917 Levanta toda esa tienda
906 1930 1426 1968 de ropa hasta la cintura...
906 1979 1444 2014 ¡várgame Dios!... criatura,
911 2027 1497 2064 ya te tengo entre mis brazos.
958 2085 1459 2121 Y pronto en el fondeaero
909 2134 1318 2173 echaremos la caena,
915 2182 1337 2223 y diré: víván, salero,
908 2234 1389 2272 las ligas de mi morena!
