1765 2512
388 878 1335 1032 LA
203 1050 724 1095 Cuando canto, el corazon
157 1104 577 1144 me hace ti piti pitá,
161 1151 639 1196 y ciento tal conmocion,
155 1196 629 1242 ma má mia, ¿que será?
203 1247 651 1288 Eso Ramon lo sabrá;
163 1296 667 1344 yo mujer es lo que pido;
165 1350 485 1392 y tú, Luisita?...
171 1390 759 1435 marido, lo mismo que mamá,
206 1437 721 1483 La vió una tarde Ramon
171 1491 583 1532 sola, por casualidad;
167 1534 687 1584 ¿Se aprovechó la ocasion?
163 1590 473 1631 Luisita lo dirá.
212 1634 641 1677 Eso Ramon lo sabrá,
175 1684 677 1728 yo muger es lo que pido;
173 1734 489 1778 y tú, Luisita?...
168 1775 775 1823 marido, lo mismo que mamá.
209 1828 613 1871 Luisita dijo que no;
174 1876 623 1921 que vendria su mamá;
175 1924 647 1968 en esto la madre entró,
169 1969 715 2024 y preguntó: ¿quien va allá?
219 2020 647 2064 Eso Ramon lo sabrá;
169 2070 679 2120 yo muger es lo que pido,
175 2122 511 2167 y tú, Luisita?...
180 2164 783 2211 marido, lo mismo que mamá.
902 1035 1568 1079 Madre la flor mequitó-hija¿quien?
891 1088 1321 1125 vea usted quién será:
895 1137 1273 1174 hija eso si que no;
891 1182 1481 1222 bien puedes ver donde esta.
940 1231 1382 1270 Eso Ramon lo sabrá;.
884 1280 1404 1323 yo muger es lo que pido;
891 1331 1213 1372 y tú, Luisita?...
896 1373 1489 1417 marido, lo mismo que mama.
942 1423 1469 1463 De cabeza un gran dolor,
899 1475 1309 1517 y ganas de vomitar,
893 1521 1525 1562 siempre, Luisa, en su interior;
894 1569 1387 1619 ¿que será esta novedad?
939 1619 1381 1660 Eso Ramon lo sabrá;
895 1667 1399 1712 yo muger es lo que pido:
897 1717 1199 1761 y tú, Luisita?..
900 1762 1485 1805 marido, lo mismo que mamá.
943 1811 1445 1852 La inocencia y el candor
899 1861 1358 1901 Luisita ha perdido ya,
905 1910 1295 1954 y victima del amor
911 1957 1359 1998 por su desgracia será.
949 2006 1378 2045 Eso Ramon lo sabrá;
903 2057 1391 2099 yo muger es lo que pido;
907 2106 1235 2147 y tú, Luisita?...
904 2152 1507 2193 marido, lo mismo que mamá.
241 2166 1514 2341 CARMONA: Imp. de D. José Maria Moreno, Calle Juan de la Cabra, núm, 4.
