1752 2480
1140 187 1420 341 Número 390.
524 1020 1122 1175 NUEVA RELACION
234 1154 1434 1318 EL MARISCAL DE VIRON.
646 1309 986 1466 DE DAMA.
164 1477 601 1512 Al espectáculo grande
112 1526 637 1563 del mayor teatro, en cuya
113 1573 556 1611 tragedia representaba
116 1623 623 1661 sus mudanzas la fortuna,
116 1672 668 1709 manchado de sangre el sol,
116 1720 646 1758 cubierta de horror la luna,
120 1767 668 1809 vestido el dia de asombros,
115 1817 594 1854 llena la noche de dudas,
112 1866 695 1905 ciego el aire, sordo el viento,
109 1914 616 1952 y en su variedad confusa
120 1962 608 2001 dividido el vulgo en olas,
112 2013 618 2050 partida en votos la turba,
116 2062 579 2097 á ser lastima y ejemplo
115 2112 664 2148 de las privanzas, que duran
832 1481 1350 1522 lo que la vida en la rosa,
832 1528 1448 1571 lo que en la flor la hermosura,
836 1578 1412 1621 llegó el Duque al cadahalso,
840 1626 1384 1669 trono infame de sus culpas,
840 1674 1299 1713 cuya maquina sublime
832 1723 1312 1764 negros ropages enlutan.
827 1771 1276 1810 Era el funesto aparato
828 1820 1223 1859 geroglifico ó figura
828 1869 1396 1914 de la noche y de la muerte,
838 1918 1332 1958 tan expreso en cada una
834 1969 1292 2006 por el color y la forma,
830 2017 1422 2058 que sin que allí se confundan
826 2063 1363 2106 dos imagenes, á un tiempo
830 2116 1298 2154 parace nublado y urna,
