1765 2512
296 87 328 121 2
184 133 758 175 por cualquiera parte noche,
190 180 746 224 por cualquiera parte tumba.
190 227 728 273 Dudaba Frañcia el suceso
184 278 744 324 no porque ignoró la injuria,
191 325 684 367 ni por que llegó á dudar
187 377 650 418 la pena como la culpa,
192 423 762 465 sino porque siendo el Duque
189 471 682 510 dueño de la gracia tuya,
188 520 804 560 dudó que hubiese en el mundo
193 570 739 609 quien sus delitos descubra,
193 618 724 658 que las fallas de un valido
188 665 663 707 cualquiera las disimula.
184 714 757 753 Entro el Duque por la plaza:
190 764 804 804 quien duda, señor, quién duda
183 811 751 852 que esta fue su mayor pena
185 858 666 900 y su mayor desventura?
182 909 846 950 Pues por donde entró triunfando
182 958 722 1000 de tantas handeras turcas,
177 1007 629 1045 entre ahora despojado
183 1055 740 1099 de aquellas armas angustas,
180 1105 680 1147 que no se muda el lugar,
181 1154 758 1196 aunque las dichas se mudan.
176 1200 710 1244 No aguardaban su persona
179 1249 782 1295 estas vez, como otras muchas,
180 1298 664 1340 de sus mejores soldados
180 1346 640 1389 tantas militares puntas,
179 1395 618 1435 antes llevando su vida
173 1441 698 1488 en mas peligro que nunca,
173 1493 708 1536 iba allí con menos guardas
176 1540 648 1586 su persona mas segura.
176 1590 624 1631 Apenas de que llegaba
171 1639 614 1678 dieron noticia confusa
169 1689 724 1728 lenguas de metal, entónces
170 1736 608 1778 retóricamente mudas,
160 1784 672 1828 cuando le señalan todos,
164 1837 678 1877 y de repente se escuchan,
165 1884 684 1926 pidiendo atencion al ayre,
166 1932 622 1972 todas las voces en una.
168 1980 668 2023 Descolorido el semblante,
919 143 1408 186 las mejillas mal enjutas,
918 190 1360 233 desaliñado el cabello,
920 239 1432 283 la barba sin compostura,
918 284 1368 334 libre la mano derecha,
915 333 1424 383 con que compone y justa
911 384 1478 432 el capús sobre los hombros,
914 433 1392 482 y con afecto y ternura,
922 481 1376 527 un Crucifijo en la otra,
924 531 1360 575 cuya devota escultura,
908 580 1439 626 cuanto enternece los ojos,
908 627 1348 671 los cabellos espeluza,
913 677 1446 722 al cadaalzo llegó el Duque:
912 724 1382 769 aquí la lengua se turba,
912 772 1398 817 aquí la voz se entorpeco,
912 820 1396 865 aquí la vista se angustia,
905 869 1424 917 aquí el corazon se pasma,
904 918 1354 963 aquí la pena se ofusca,
907 967 1400 1015 aquí el dolor se reprime,
914 1017 1384 1061 aquí el aliento se anuda,
911 1064 1480 1112 aquí los brazos se extienden,
911 1113 1418 1159 aquí las manos se cruzan,
899 1159 1350 1204 y aquí finalmente todo
902 1208 1388 1258 el cuerpo se descoyunta,
906 1257 1364 1305 todo lo padece el alma,
902 1308 1402 1355 todo el amor lo disculpa.
904 1358 1364 1402 Junto al teátro se apea,
900 1409 1356 1448 y sube, sin mas ayuda
906 1456 1448 1502 que su valor, tan constante,
898 1504 1415 1549 que dos veces se le arruga
902 1553 1366 1601 el capúz entre los pies,
904 1603 1404 1645 para estorbarle que suba:
900 1649 1364 1692 y él con despejo bizarro
896 1698 1404 1742 le acomoda, y se disgusta
888 1748 1456 1794 de que le estorbe el camino,
888 1796 1408 1840 porque ninguno présuma,
900 1845 1398 1887 que para llegar mas tarde
892 1890 1274 1934 era diligencia suva.
892 1938 1394 1985 En llegando á lo mas alto
886 1989 1490 2057 del sitio que él selo ocupa,
