1737 2508
1516 35 1535 187 3
171 150 711 193 mirando á una y otra parte
171 198 642 240 coñ atencion y mesura,
175 246 699 291 á Francia vió de dos veces,
178 297 654 338 y Francia le vió de una.
171 343 533 384 Allí se dejó mirar
172 392 609 437 de toda la plebe junta,
171 441 629 485 sin excusas ni porteros
165 487 572 532 y pagó solo con una
173 536 592 582 cuantas visitas debia,
166 585 786 631 que en un privado son muchas;
167 636 688 675 Dispuesta una silla estaba
167 682 698 728 en lugar de blanda pluma,
174 730 672 776 para lecho de su muerte,
170 782 690 823 para estrado de su injuria:
168 829 642 868 sentóse, y sentóse bien
160 876 741 921 de otra vez, donde le ayudan
163 924 663 969 con cristianas diligencias
163 973 662 1017 dos religiosos, columnas
170 1022 651 1064 de la Fe, cuyas palabras
164 1070 644 1116 le ofrecen y le aseguran
165 1117 670 1165 en su sangre su remedio,
161 1166 730 1215 y en su infamia su disculpa.
158 1218 575 1257 Por última diligencia
157 1265 664 1310 le intima y le pronucian
164 1314 692 1360 la sentencia de su muerte,
157 1361 691 1407 que vivo y atento escucha.
156 1411 723 1455 Ah pension de los mortales!
159 1459 647 1501 que la mayor desventura
153 1507 720 1554 de los hombres, sea ignorar
157 1557 590 1598 la hora postrera suya!
166 1604 730 1650 Y que llegue á ser la muerte
156 1655 715 1699 de un delincuente tan dura,
155 1703 821 1749 que el saber que muere entónces,
148 1752 622 1794 sea su mayor angustia.
155 1801 663 1843 Llegó á vendarle los ojos
157 1849 658 1891 con mano aleve é impura
157 1897 657 1941 el verdugo, pretendiendo
150 1946 596 1987 con infames ligaduras
155 1995 632 2038 atar su cuerpo á la silla,
885 158 1482 201 y él, con impaciencia alguna,
909 209 1385 248 que en pie le deje morir
899 256 1426 296 pide al verdugo, y le jura
901 304 1445 345 por su Rey y por su sangre
899 353 1354 393 de no resistirse nunca,
895 403 1349 438 aunque vea la cuchilla
897 451 1382 490 sobre su cuello desnuda,
903 499 1437 539 como el que se vé sangrar,
895 549 1580 590 que él mismo el brazo se alumbra,
895 594 1457 639 y aunque la vena le rompen
892 643 1369 685 no se resiste á la punta.
899 693 1426 736 No fue acción desesperada,
900 740 1443 787 aunque alguno lo murmura
898 790 1451 835 en Francia, ántes me parece
904 838 1464 884 que fué una obediencia justa
897 886 1359 927 ó para hacer voluntaria
896 935 1376 977 la pena cuando la sufra,
896 982 1342 1026 ó para dar á entender,
902 1032 1466 1075 que aun allí el valor le dura,
893 1078 1393 1121 y que así no ha menester
892 1130 1400 1170 ignorar lo que no excusa.
900 1180 1402 1221 En efecto, hecha la seña,
897 1227 1428 1270 el verdugo que la escucha,
888 1276 1458 1317 levanta el brazo, y del goipe
900 1324 1422 1368 fué la presteza lan ruscha,
897 1374 1570 1414 que aun no pudo come:chenderla
891 1422 1382 1464 el mismo que lo egecuza.
885 1470 1384 1512 Saltó la cabeza en tierrá,
887 1521 1422 1562 huyendo del que la injuria,
884 1569 1423 1608 que solo en huir entónces
891 1617 1370 1656 no pareció que era suya;
891 1665 1283 1707 pero como no podía
896 1714 1372 1758 vengarse ya por difunta,
891 1763 1359 1805 andando por el tablado,
890 1812 1490 1857 parece que iba, aunque muda,
886 1862 1410 1903 pidiendo á todos venganza
886 1909 1384 1952 de aquella mano perjura.
884 1956 1406 2000 El cuerpo, (raro prodigio!)
886 2008 1450 2050 quedó en su propia estatura,
