1737 2508
517 1406 1393 1464 CANTICO
155 1507 1574 1571 A LA SAGRADA MAGNIFICA, TRADUCIDA DEL LATIN AL CASTELLANO
160 1552 1570 1615 por un verdadero sacerdote, Canonigo de la Santa Iglesia Catedral de To-
162 1598 1574 1658 ledo, y revisada por el Sr. Arzobispo de dicha Iglesia se ha dignado el con-
168 1644 1577 1702 ceder ochenta dias de indulgencias á toda persona que rezare ó leyere la
163 1688 1574 1749 Magnífica de la Virgen, defensa singular para toda clase de tormentas, nu:
529 1743 1201 1789 bes tempestuosas, rayos y centellas.
235 1854 856 1903 Magnífica y engrandece.
163 1903 631 1940 mi alma con todo amor
168 1952 605 1991 al Señor Omnipotente,
174 2000 625 2039 que el cielo y tierra cri
172 2049 586 2087 y con admirable gozo
171 2095 592 2137 mi espiritu se alegró
181 2146 651 2184 en Dios su querido Hijo
176 2195 574 2233 mi Jesus y Salvador
177 2244 644 2281 por que miró la bajeza
178 2291 701 2332 de su Sierva y me ensalzó
175 2342 635 2383 á una dignidad tan alta
899 1844 1597 1891 que otra pinguñá igualo,
906 1893 1600 1941 sin duda por ótra causa.
910 1942 1600 1985 toda fiel genéración
907 1989 1603 2040 dirá que por exceleñcia
908 2036 1294 2075 Bienaventurada soy,
910 2078 1590 2126 porque obró eñ mi grañdes cosas
907 2133 1323 2173 el que poderóso Dios
916 2182 1449 2219 y su nombre sáñto y uigno
916 2230 1336 2270 de eterna veneracion,
905 2279 1355 2320 y su gran misericordia
911 2329 1389 2371 de gente en gente pasó,
