907 1299
590 75 720 138 Núm. 36
105 573 755 731 DÉCIMAS TROVADAS,
85 710 780 743 que cantan al valiente ejército español vencedor
189 746 675 779 de la raza mahometana en Africa.
284 863 528 897 Dios libre á los españoles
260 888 491 921 de las terribles batallas,
263 912 506 944 todos saldrán victoriosos
261 937 507 969 si no faltan las metrallas.
114 1008 352 1044 Sagrada Virgen del Mar,
83 1033 323 1067 sois patrona de Almería,
80 1059 352 1092 gracias á Dios, madre mia,
81 1083 310 1115 que se tomó á Tetuan.
89 1108 313 1139 Con mucho celo y afan
447 1012 711 1043 te nombran ya las naciones,
451 1035 690 1068 por Madre de defensores,
444 1060 671 1093 siendo tu hijo el tesoro,
450 1085 691 1118 y de las manos del moro,
445 1109 689 1142 Dios libre á los españoles,
