1765 2512
431 175 454 210 6
272 223 815 273 mi gusto siendo mi esposa,
272 269 825 321 verás presto á tu obediencia
276 319 762 367 joyas, dineros, cautivos,
276 369 726 414 y Doña Juana resuelta,
268 416 800 461 le respondió: no te canses
270 463 764 510 en eso, Porque esa secta
270 512 764 560 que profesas de Mahoma,
267 559 846 612 no la quiero aunque perdiera
260 608 780 658 mas riquezas y mas vidas
260 658 752 707 que tiene la mar arenas.
254 706 830 758 Se quedó el Turco suspenso,
256 757 742 803 y viendola tan resuelta,
260 807 700 848 para gozar la cautiva,
254 850 726 899 modos y trazas ordena.
256 898 848 953 Tiene el Turco unos jardines,
253 948 710 999 y frondosas arboledas,
256 997 768 1049 con intencion de gozarla,
254 1045 784 1096 entró Doña Juana en ellas,
253 1093 658 1140 y le dijo: es posible
253 1142 767 1190 muger, que no te sugetas
249 1189 775 1237 á mi voluntad? Y al punto
246 1239 686 1287 abrazandóse con ella,
242 1286 728 1335 Doña Juana que llevaba
252 1335 730 1387 oculto en la faldriquera,
244 1384 710 1435 un puñal de fino acero,
246 1432 704 1482 lo sacó, y con ligereza
242 1483 820 1533 le ha dado muerte al alarbe,
234 1530 842 1583 con cinco heridas sangrientas,
238 1583 710 1624 y quitandole el vestido,
231 1627 720 1675 se lo puso con presteza
233 1673 702 1724 del Turco toda la ropa,
232 1722 692 1770 montando con ligereza
240 1771 704 1820 en un sobervio caballo,
230 1820 769 1869 que el Turco tenia: y entra
230 1867 680 1918 ligera por la espesura,
230 1915 749 1966 á tiempo que las tinieblas
229 1965 740 2015 del Sol venian rompiendo,
228 2020 682 2062 y dando luz á la tierra,
229 2063 772 2114 descubrió aunque dilatadas,
222 2110 680 2161 las fortalezas de Ceuta,
1002 243 1688 297 y aunque encontró muchos Turcos,
1002 291 1444 337 como sabia la lengua,
1008 336 1490 386 é iba vestida en su trage
1000 383 1536 437 fué imposible el conocerla.
1000 432 1552 490 Al cerrar la obscura noche,
1001 483 1562 538 llegó á las puertas de Ceuta,
995 530 1528 579 diciendo que era Cristiano
1008 580 1624 632 cautivo, y mandó que abrieran:
994 628 1440 675 la centinela que habia
995 679 1503 729 al Goberndor dió cuenta,
992 732 1510 775 y sin detenerse un punto,
990 777 1627 826 mandó al instante que abrieran,
990 828 1430 868 y ejecutando lo dicho,
991 873 1552 921 entró Doña Juana en Ceuta,
992 918 1564 970 sentó plaza, y luego al punto
988 966 1450 1016 le dieron una Vandera.
990 1013 1432 1066 Ella contra Mequinez,
991 1064 1400 1111 hizo salidas diversas,
982 1112 1482 1159 donde condujo á la Plaza
988 1160 1516 1210 muy considerables presas:
988 1209 1434 1259 en un año de servicio,
988 1258 1447 1305 alcanzó por su destreza
984 1306 1428 1354 de Capitan la vengala,
994 1355 1484 1405 y estuvo segun se cuenta
982 1403 1440 1450 tres años en el servicio
980 1452 1487 1501 de nuestra Corona Regia.
988 1500 1548 1552 Y estando un dia en la Plaza,
976 1549 1510 1600 jugando á la espada negra,
976 1598 1515 1647 habiendo mucho concurso,
974 1646 1496 1694 tomó la espada y con ella
978 1696 1404 1740 peleó con su querido,
980 1743 1482 1792 y ella se quedó suspensa,
970 1791 1462 1839 jugaron los dos corteses,
974 1841 1402 1883 y luego con una seña
967 1887 1586 1940 lo llamó á parte, y le ha dicho;
965 1936 1440 1982 Señor Soldado, quisiera
964 1985 1442 2028 solo el saber quien sois?
964 2033 1510 2079 porque sin tener vergüenza
958 2079 1478 2130 se puso á jugar conmigo,
960 2127 1470 2176 sabiendo que me veneran
