1752 2480
1329 154 1567 308 Núm. 350.
230 1240 1620 1302 DON PEDRO JUAN DE LA ROSA,
373 1357 1511 1417 Y DONA MARIA DE BARGAS.
216 1464 1649 1530 Nueva Relacion y curioso Romance en que se dá
222 1533 1651 1601 cuenta y declara, como D. Pedro Juan de la
222 1614 1644 1668 Rosa se enamoró de Doña María de Bargas, y
226 1679 1646 1740 despues la olvidó por Doña Juana Violante: con
319 1747 1521 1813 todo lo demás que verá el curioso lector.
723 1852 1155 2005 PRIMERA PARTE.
263 2042 870 2085 Los que présumen de amantes
225 2093 767 2134 pido que me estén atentos,
225 2143 761 2184 oigan à mi voz que suena,
950 2016 1537 2078 en los oidos de aquellos
954 2084 1530 2126 que al mirar otra hermosura,
957 2134 1453 2174 olvidan su amor primeró;
