1765 2512
357 198 393 230 2
213 240 611 277 pero sucede en fin,
209 286 706 325 disgustos y sentimientos,
208 334 688 373 y muy apretados lanzes,
215 382 715 422 como lo verà el discreto;
214 432 595 470 y así para prosegir,
219 478 685 517 pido á todos el silencio.
208 527 675 565 En la insigne Zaragoza,
211 573 609 613 residía un Caballero
208 624 736 662 D. Pedro Juan de la Rosa,
216 674 678 712 mozo, galan y discreto,
219 723 663 762 y sobre todo muy rico,
221 767 855 810 que es nobleza en estos tiempos.
213 819 609 858 Este tal se eñamoró
218 864 848 906 de una Dama, á quien el Cielo,
218 913 846 954 se esmeró en darle mil gracias,
217 964 775 1006 y perfecciones á un tiempo.
213 1015 633 1050 Llamáse Doña María
218 1060 709 1101 de Bargas este portento,
224 1107 719 1150 quisieronse algunos dias,
219 1155 823 1197 se escrivieron muchos versos,
215 1204 737 1246 fué D. Pedro á Barcelona
219 1253 763 1295 á un negocio que no quiero
223 1302 645 1342 cansaros en referirlo,
227 1348 813 1393 porque no importa el saberlo,
216 1400 708 1438 se despidió de su Dama,
216 1447 726 1488 y ella se quedó vertiendo
224 1493 746 1537 un mar de copiosas perlas
217 1543 677 1584 de dolor y sentimiento.
220 1592 710 1633 Llegó á la dicha Ciudad,
219 1639 805 1682 á donde en muy breve tiempo
220 1690 734 1731 compuso su dependencia,
218 1737 715 1780 y una tarde que saliendo
219 1786 693 1826 á divertirse á un Jardin
219 1836 758 1875 vido un hermoso portento,
221 1883 783 1924 que es Doña Juana Violante,
223 1931 879 1972 fué verla y quererla á un tiempo,
221 1978 787 2021 y á un mismo tiempo olvidó
223 2028 687 2069 á sus amores primeros,
223 2077 731 2119 Quedó D. Pedro abrasado
229 2128 795 2167 en flechas de ardiente fuego,
939 229 1405 267 y á un amigo que tenia
934 278 1412 313 le comunicó su intento,
940 324 1463 361 le respondió: es imposible
932 373 1326 411 alcanzar ese sugeto,
939 421 1504 456 porque es de parte muy rica
939 467 1423 509 y su Padre es Caballero;
935 516 1509 557 pero amor vence imposibles,
936 566 1400 600 comunicale tu intento.
942 616 1400 651 D. Pedro determinado,
939 666 1383 702 y sobre todo resuelto,
941 714 1421 748 con un papel á la Dama
945 759 1556 798 le dió á entender sus secretos,
949 807 1389 846 y Doña Juana Violante
942 854 1504 895 le responde en estos versos:
945 903 1448 942 no pretendas imposibles,
947 952 1475 993 pon tu amor en un sugeto
946 1001 1460 1038 que te pague con finezas,
941 1049 1598 1087 que yo aunque quiera no puedo,
947 1097 1550 1136 porque mis padres me tienen
955 1146 1473 1183 prometida á un Caballero,
939 1194 1425 1231 no te descubras á nadie
946 1244 1492 1279 ahora y en ningun tiempo,
951 1292 1505 1331 porque tengo tres hermanos
957 1339 1499 1378 que son centellas de fuego:
955 1388 1493 1425 hay hombres en Barcelona
949 1438 1426 1473 que si llegan á saberlo,
948 1484 1540 1519 se arriesgarán nuestras vidas,
949 1532 1495 1571 y ahora por Dios tesruego,
951 1582 1520 1617 no me escribas mas papeles,
954 1630 1440 1665 no seamos descubiertos:
955 1678 1467 1716 Si quieres verte conmigo,
947 1726 1471 1762 te has de valer del secreto
959 1775 1445 1811 de una tenebrosa noche,
947 1821 1447 1863 y por un balcon pequeño
953 1871 1493 1910 que cae al Jardin vendrás,
959 1920 1475 1959 y allí los dos hablaremos,
957 1968 1579 2006 puede ser que á un imposible,
957 2016 1453 2054 le demos algun remedio,
963 2065 1457 2104 Quedó D. Pedro confuso,
951 2114 1633 2154 por ver que en un mismo tiempo
