1737 2508
272 253 787 297 le despide, quiere y ama,
268 300 727 347 y valeroso y dispuesto,
276 350 730 396 se previno de pistolas,
279 398 794 448 y una noche con silencio,
279 451 677 490 asaltó por el Jardin,
279 497 789 541 hizo una seña, mas luego
277 545 627 586 asi como conoció
276 592 816 641 la Dama que era D. Pedro,
272 644 734 685 salen los dos al Jardin,
276 691 738 732 donde tomaron asiento
277 739 754 782 entre fragantes macetas,
273 781 776 833 y hermosos rámilleteros.
277 834 757 879 Doña Juana sin turbarse
271 883 769 929 le dijo á su amado dueño
273 931 836 981 si te has de casar conmigo,
275 981 868 1030 no ha de ser en estos Reynos.
273 1029 781 1077 Buscando modos y trazas
272 1078 783 1125 toda la noche estuvieron,
279 1126 820 1176 hasta que viriendo el Alva,
271 1176 797 1225 sus luces iban rompiendo,
271 1225 748 1266 se despidieron gustosos
269 1271 756 1317 los amantes que refiero.
273 1320 822 1367 Se fué D. Pedro á su tierra,
277 1368 781 1413 donde con mucho secreto
267 1417 677 1459 sin ver á Doña Maria
270 1466 764 1514 hizo su hacienda dinero,
269 1516 708 1561 y solo con un criado,
276 1561 708 1607 y dos caballos ligeros
265 1609 740 1658 de su Patria se ausentó,
271 1659 718 1704 su viage prosiguiendo:
266 1707 800 1755 Llegó, en fin, á Barcelona,
272 1757 776 1802 donde con mucho secreto
271 1803 800 1851 puso tienda en dicha calle,
271 1849 743 1897 y de noche con silencio
265 1901 699 1942 iba, y se comunicaba
267 1950 760 1996 con la Dama que refiero.
264 1999 694 2040 Dejemosle por ahora,
273 2042 751 2092 y vamos á que sabiendo
271 2095 719 2141 Doña Mariá de Bargas,
266 2144 892 2192 no está en la Ciudad su dueño,
1524 219 1544 257 3
1009 265 1467 306 yo no sé de que parage
1003 315 1458 355 tuvo aviso y le dijeron,
1009 364 1523 403 que en la noble Barcelona
1009 412 1458 450 ha tratado casamiento.
1009 458 1584 498 Se vistió en trage de hombre
1003 507 1555 547 fué á Barcelona, y sabiendo
1008 554 1440 595 donde D. Pedro vivia,
1007 603 1542 648 fué allá, porque le dijeron,
1008 650 1469 694 que el criado que tenia,
1009 700 1618 743 vuesa merced se habia muerto,
995 748 1486 793 si gusta de que le sirva,
998 798 1556 842 lo haré por su justo precio.
1001 849 1427 887 A D. Pedro parecióle
1006 896 1492 939 en su persona dispuesto,
1006 944 1526 988 en fin, luego se ajustaron,
998 990 1533 1037 y entró la Dama sirviendo,
1008 1040 1470 1084 esto le obligó al honoí:
995 1091 1548 1132 mirad que lances son estos!
1008 1140 1504 1182 de noche le acompañaba,
1003 1188 1491 1227 para qué fuese D. Pedro
1004 1238 1410 1279 á visitar á su Dama;
997 1284 1484 1327 pero con rabiosos celos,
992 1332 1423 1375 sufria al fin y callaba,
996 1387 1520 1426 y aguardó lugar y tiempo.
991 1431 1492 1474 Cumpliósele su designio,
995 1479 1601 1524 fué, que una tarde escribiendo
996 1527 1500 1570 Doña Juana á su querido,
998 1576 1487 1617 le dijo: sabrás D. Pedro,
1004 1624 1608 1669 que aquesta noche te aguardo,
999 1673 1579 1715 porque mis hermanos fueron
998 1720 1384 1761 á un dilatado viage,
991 1766 1483 1811 y asi sin falta te espero,
993 1817 1530 1862 te vendrás bien prevenido,
1000 1866 1482 1908 que con joyas y dineros,
1006 1916 1494 1956 para las doce te aguardo,
992 1964 1562 2005 no hagas falta, dulce dueño.
995 2012 1474 2052 Leyó D. Pedro el papel,
997 2057 1443 2098 y valeroso y dispuesto
991 2105 1427 2148 se previño de pistolas
1001 2155 1485 2198 y á la noche con silencio
