1737 2508
655 1112 1257 1154 SEGUNDA PARTE.
298 1338 1603 1400 DE D. PEDRO JUAN DE LA ROSA,
497 1543 1607 1597 Y DOÑA MARIA DE BARGAS.
295 1842 875 1882 Ya dije como quedó
260 1890 866 1933 la desgraciada Doncella
249 1940 866 1981 en poder de aquel tirano
257 1987 886 2031 y cuál la fortuna adversa
254 2034 868 2079 en breve tiempo dispuso
256 2083 893 2128 que el gusto se vuelva en penas.
977 1828 1527 1869 El Turco que á Doña Juana
979 1878 1549 1919 compró, hecho una centella,
975 1925 1557 1968 enamorado y rendido
984 1973 1488 2016 de la cautiva, con tiernas
982 2022 1471 2064 palabras, le dijo un dia:
985 2069 1503 2112 Cristiana, si tú cumplieras
