1765 2512
377 173 421 209 4
230 224 755 264 llamó al criado, y le dijo:
241 272 803 311 para un muy preciso empeño
241 321 826 357 me has de asistir esta noche,
247 367 846 407 para que los dos saquemos
243 416 703 454 á Doña Juana Violante,
235 463 805 502 vendrás con grande silencio,
239 511 839 554 y en ejecutando el lance,
237 563 800 599 serás hombre, y te prometo
240 610 744 646 que te será bien pagado.
246 657 838 696 Y ella al punto respondiendo,
240 704 802 744 me tendrás á tu obediencia,
241 753 789 792 y á ponerme á todo riesgo.
245 802 767 838 Dijo D. Pedro: un caballo
245 849 805 890 has de llevar, y en subiendo
239 899 787 939 la Dama, montarás pronto,
243 949 709 989 y en el sotillo pequeño.
244 997 740 1034 de la márina te aguardo,
251 1044 666 1083 y registraré primero,
245 1093 720 1130 si está ocupada la calle.
243 1141 817 1179 Dieron las doce, y de presto
252 1191 783 1229 Doña Maria y Doña Juana,
249 1240 665 1278 apercibidas saliéron,
252 1288 750 1326 montan las dos á caballo,
252 1336 680 1373 Doña Maria diciendo:
249 1385 702 1422 como su amo quedaba
249 1432 746 1470 esperandola en el puesto,
252 1481 700 1519 con el caballo cargado
254 1531 661 1569 de las galas y dinero,
964 218 1448 258 en fin, picóle al caballo,
970 264 1478 303 retirándole del puesto
961 311 1509 350 donde D. Pedro aguardaba.
964 360 1495 398 La sacó al mar con intento
969 411 1432 446 de quitarle allí la vida,
972 457 1465 496 y dentro de poco tiempo
967 503 1616 544 se vieron las dos cercadas
975 550 1595 594 enmedio de unos sobervios
971 600 1581 643 Turcos, que con dos Fragatas,
975 650 1507 691 surcaban el mar sobervio.
971 700 1477 740 Con gran grita y algazara
971 747 1547 788 llegan á Argel, donde fueron
976 795 1407 837 en una pública plaza,
973 843 1539 886 y á pregones las vendieron:
976 892 1601 931 las compró un Turco muy rico,
971 939 1499 980 en mil y quinientos pesos.
969 987 1436 1027 Doña Maria de Bargas,
976 1037 1446 1076 que iba como sabemos,
977 1085 1527 1123 vestida en trage de hombre,
971 1133 1451 1173 la pusieron á que luego
984 1182 1456 1221 cultivase unos Jardines,
973 1231 1481 1270 y al cabo de poco tiempo
973 1280 1460 1319 renegó de la Ley Santa,
980 1330 1402 1366 adonde la dejaremos,
976 1374 1594 1415 que el que deja á Dios es justo
979 1423 1475 1463 de que todos le dejemos:
977 1475 1463 1517 y en otra segunda parte
985 1519 1607 1558 daré fin á este suceso.
849 1873 1086 1925 FIN
314 2063 1621 2138 de la primera parte.
