1752 2480
329 231 365 288 8
183 303 679 340 es el que sacó á mi hija,
184 351 686 387 y es preciso que perezca.
185 400 669 437 Haremos la informacion,
179 445 801 485 le respondió al punto es hecha,
179 494 766 534 llamó al criado, y le ha dicho
185 541 700 582 Pedro, por ser la primera
185 592 742 632 justicia que me han pedido,
188 641 694 678 no puedo negarme á ella,
191 690 643 726 sino parece esta Dama
185 738 685 775 será preciso que mueras.
183 785 700 824 Lo metió en un calabozo,
194 833 707 870 y al instante lo sentencia,
196 883 674 920 sin que tenga apelacion,
198 931 675 973 que arcabuseado muera.
195 980 651 1018 Doña Juana ae previno
193 1028 745 1066 de un gran vestido de seda,
194 1077 601 1113 y vestida de muger,
199 1125 743 1162 se cubrió todas sus prendas,
192 1175 636 1210 salen todos á la plaza,
195 1221 694 1258 y mandó que lo pusieran
192 1271 690 1308 ámar ado á una columna,
196 1320 666 1357 y ejecuten la sentencia,
194 1368 647 1405 y estando para tirarle,
200 1418 694 1453 dijo Doña Juana, tengan,
198 1464 783 1501 que está dentro en Barcelona
208 1513 684 1551 la Dama por cosa cierta,
197 1562 720 1597 ha dicho un sugeto ahora.
198 1611 719 1647 Dijeron los Padres de ella:
910 290 1537 332 no puede ser, que en seis años
908 342 1409 379 no habido noticia de ella,
909 392 1382 428 dentro de la plaza está,
916 440 1420 475 esto dijo, y con presteza,
920 482 1541 524 tiró la capa y sombrero
916 531 1551 575 dijo: miren bien si es esta.
914 583 1325 623 Fué tanta la griteria
918 629 1452 670 y alboroto, que no acierta
923 678 1552 720 hoy mi pluma á ponderarlo
925 730 1550 772 porque aquí los Padres de ella
919 775 1551 818 todo eran gritos y abrazos
923 822 1544 864 viendo su querida prenda.
913 875 1389 914 Llegó la noticia al Rey,
920 924 1362 964 y su Magestad ordena,
926 968 1550 1014 que se haga el casamiento
923 1015 1547 1061 con muy repetidas fiestas,
927 1064 1547 1108 y se le entregó la vara
926 1117 1373 1157 á D. Pedro, y con ella
917 1166 1477 1205 los dos viven muy gustosos,
915 1214 1523 1253 sirviendo á Dios muy de veras.
927 1264 1381 1303 Doña Maria de Bargas,
931 1313 1423 1351 que fué la dama primera,
921 1361 1443 1399 se casó allá con un Turco,
927 1409 1410 1447 y vive en su mala secta.
931 1459 1466 1496 Y aquí el Autor les suplica,
927 1507 1457 1545 le perdonen con prudencia
928 1554 1451 1593 de esta historia peregrina,
927 1603 1509 1643 las faltas qne hubiere en ella.
825 1907 1013 1950 FIN.
724 2144 1110 2182 CARMONA:—1859.
256 2190 1573 2235 Imprenta de D. José M.a Moreno, calle de Madre de Dios, núm. 1.
