1737 2508
225 263 695 309 por Capitan en la Plaza;
227 312 692 356 y otra vez no le suceda
217 362 713 407 ponerse á jugar, y ahora
222 412 730 455 ha de decir de que tierra
220 458 702 501 sois natural, y D. Pedro
209 506 744 554 respondió de esta manera:
212 553 734 603 Señor su merced perdone
211 604 694 648 lo descortés, y mi tierra
220 650 642 695 es Zaragoza mi Patria,
221 698 718 744 y entonces respondió ella:
212 747 830 795 pues por qué causa has venido,
204 795 672 840 debajo de las Vanderas
204 844 764 894 de nuestro Invicto Monarca?
210 891 667 937 Y dijo: fué tan adversa
208 939 716 990 mi fortuna, que fué causa
210 988 710 1039 el verme de esta manera,
212 1038 669 1083 como me sacó el criado
207 1085 625 1131 una noche á la rivera
199 1134 747 1180 del mar, donde se discurre
205 1184 788 1234 que hicieron los Moros presa.
199 1231 602 1272 Finalmente le contó
195 1279 650 1327 á su Dama su tragedia,
196 1328 624 1374 como faltó mi criado,
194 1377 628 1423 y vieron en la rivera,
194 1425 636 1475 andar solo mi caballo,
190 1473 677 1521 hubo quien lo conociera
184 1520 680 1572 dieron parte á la Justicia
182 1566 675 1621 y tres hermanos que ella
183 1618 604 1664 tenia, para matarme
180 1665 658 1714 hicieron las diligencias.
177 1714 666 1764 Me precisó sentar plaza,
187 1760 716 1816 y ahora me hallo en ceuta,
180 1812 634 1859 todo perdido y perdida
177 1860 828 1914 que es lo que siento, mi prenda;
183 1910 826 1961 no hay que perder la esperanza,
179 1958 832 2008 que el mundo dá muchas vueltas
171 2005 658 2053 si quieres ser mi criado,
182 2053 790 2106 puede ser que aquestas penas,
180 2100 673 2151 lleguen á tener remedio.
175 2151 744 2203 El respondió: asi cumpliera,
1456 216 1513 288 7
955 279 1389 325 y fuera tal ii fortuna
947 327 1549 381 señor, de que te sinviera!
955 378 1563 432 en fin se quedó D. Pedro
944 427 1561 477 siendo criado de aquella
892 476 1554 524 que en algun tiempo adoraba,
950 525 1394 567 y ahora sin conocerla.
952 570 1434 615 un año estuvo D. Pedro
946 618 1536 667 sirviendo á su amada prenda,
943 665 1516 718 y al cabo de aqueste tiempo,
942 712 1382 761 le vino orden espresa,
944 762 1441 814 de que pase á Barcelona,
937 809 1460 863 dandole por conveniencia,
943 859 1447 909 de Gobernador la vara
930 907 1548 962 que asi nuestro Rey lo ordena,
934 956 1544 1009 Llamó al criado y le ha dicho:
929 1005 1512 1057 Pedro, sabras que á la tierra,
936 1054 1470 1107 donde me cuentas y dices,
933 1103 1460 1155 que era tu querida prenda,
926 1151 1436 1202 me voy por Gobernador,
931 1201 1370 1247 y ya tengo la licencia,
924 1248 1424 1298 para que conmigo vayas.
923 1295 1441 1349 El respondió: asi pudiera,
922 1343 1376 1392 yo no voy á Barcelona,
929 1395 1502 1444 porque al pnnto que me vean
917 1441 1366 1491 solicitarán mi muerte,
924 1490 1414 1540 ella respondió: qué pena
920 1539 1467 1589 te dá, pues no vas conmigo
923 1586 1383 1636 por eso no te detengas,
920 1634 1396 1684 en fin, en una Balandra
916 1683 1501 1733 se embarèaron, donde llegan
915 1731 1380 1781 al Puerto de Barcelona,
919 1779 1424 1833 y asi que saltan en tierra,
915 1828 1294 1876 recibió la posesion
916 1877 1528 1930 con mucha pompa y grandeza,
904 1933 1418 1974 y al siguiente dia fueron,
901 1975 1420 2025 con muy repetidas quejas,
901 2022 1426 2074 los padres de Doña Juana,
907 2069 1462 2123 diciendo: si usted quisiera,
903 2119 1411 2169 Señor, obrar en Justicia,
903 2167 1502 2226 el que viene en su asistencia,
