1765 2512
332 167 342 200 2
241 205 809 247 Si oyes doblar las campanas,
203 254 809 298 no preguntes quién ha muerto:
197 305 657 346 que pronto te lo dirán,
197 353 703 395 niña tus remordimientos.
247 446 811 488 No llores, mi bien, no llores
202 497 775 541 del bien perdido la ausencia,
204 542 845 583 que para el bien nunca es tarde
205 594 765 638 cuando en la fé se alimenta.
241 689 714 736 Ayer despertaba alegre
205 740 779 787 y hoy me despierto llorando.
200 791 637 832 Ayer soñaba ilusiones
211 838 703 883 y hoy recojo desengaños.
251 934 715 975 No te asomes, vecinita,
205 983 769 1026 muy temprano á la ventana;
209 1032 791 1074 mira que á mí me despiertan
209 1081 741 1124 conforme el sol se levanta.
257 1180 689 1220 Ayer me dijo un loco
220 1229 585 1269 desde su encierro:
263 1278 757 1322 ¿Quieres tener juicio?.....
218 1330 591 1367 deja á los cuerdos.
261 1422 719 1462 Gloria, poder y riqueza
223 1474 723 1512 vanos fantasmas los creo;
219 1521 711 1566 y poder, riqueza y gloria
211 1569 789 1611 siempre son mi pensamiento.
263 1666 749 1705 De la lisonja el incienso
215 1715 721 1758 ciega, turba y enloquece;
219 1763 837 1805 No hay una muerte mas dulce,
227 1810 896 1855 pero jay, de aquellos que mueren!
261 1908 711 1951 No me vengas á decir
223 1959 719 2000 lo que yo debiera hacer:
223 2010 751 2054 ¡que me tengo que morir,
232 2058 675 2097 ó la tengo que querer!
276 2150 843 2193 Siempre que miro tus lábios
234 2205 676 2242 envidio á la mariposa,
230 2252 823 2291 que vé la miel, para el vuelo,
229 2300 795 2342 la bebe..... y el vuelo toma.
956 197 1443 237 Es el Templo de la fama
905 245 1441 286 para algunos ¡tan pequeño!
911 294 1483 333 que dicen, que nadie cabe...
917 342 1535 383 despues que están ellos dentro.
951 439 1465 478 El pensamiento es el rayo
917 489 1411 527 que lanza la inteligencia;
918 531 1494 568 rayo que abrasa los mundos,
907 584 1518 627 rayo que alumbra ó que ciega.
963 682 1527 722 Arboles que estais sin hojas,
911 730 1351 771 La primavera vendrá.
916 778 1501 819 Lágrimas que un amor causa
915 828 1315 867 otro amor enjugará.
956 922 1515 963 Al hombre que mata á otro
922 974 1380 1014 van y le quitan la vída:
918 1019 1587 1060 ¡Para la que engaña á un hombre
916 1067 1495 1111 no hay en el mundo justicia!
961 1164 1453 1205 Yo no sé si las mugeres
923 1216 1539 1255 quieren tanto como el hombre;
919 1267 1397 1305 pero que olvidan mejor,
918 1315 1376 1353 ninguno lo desconoce.
962 1409 1517 1449 Tu amor con la golondrina
923 1461 1369 1499 lo tengo de comparar;
929 1510 1381 1549 en la primavera viene,
927 1559 1379 1603 y en el invierno se vá.
973 1652 1419 1695 Género que vale poco
932 1702 1449 1743 es el que mas se pregona:
931 1750 1481 1791 Anda vé y dile á tu madre,
941 1797 1615 1844 que no está el tiempo de compras.
979 1894 1537 1938 Las gentes me llaman loco,
942 1944 1461 1988 porque digo lo que siento:
946 1995 1407 2035 Si soy loco por decirlo,
953 2037 1543 2086 ¡Dios me libre de los cuerdos!
980 2138 1492 2181 Los ojos de una morena,
943 2187 1483 2229 dicen, que mirando matan:
949 2236 1455 2278 ¡Mil vidas que yo tuviera,
941 2283 1417 2329 mil en los tuyos dejára!
