1765 2512
330 114 352 150 4
238 160 729 199 Con llanto quiero apagar
194 210 815 249 el llanto que arde en mi pecho;
185 259 738 298 pero es mi llanto muy poco
186 307 676 347 para apagar tanto fuego.
229 402 723 440 Es el dulce de tus lábios
188 453 539 493 de naturaleza tal,
195 501 767 540 que por mucho que se coma
186 549 695 590 nunca llega á empalagar.
230 645 679 686 A la fuente, morenita
188 694 694 734 te vás á llorar tus penas;
196 743 738 783 por eso en sus claras aguas
193 791 751 830 se están encontrando perlas.
227 888 727 928 A una flor un beso diste
195 941 689 979 y al punto la flor murió:
189 988 788 1023 dáme á mí un beso, bien mio,
191 1035 720 1075 aunque tambien muera yó.
231 1130 839 1169 Es cual piedra echada á un rio
187 1180 689 1220 el querer que puse en tí:
192 1230 757 1271 que llega al fondo, se clava,
190 1278 629 1327 y ya no vuelve á salir.
950 156 1576 196 Cuando se hunda el firmamento,
903 205 1390 243 cuando se seque la mar,
901 253 1579 291 cuando el sol no alumbre al mundo
904 302 1384 340 podrá mi pecho olvidar.
949 398 1506 436 ¡Cuando el sol nos abandona
897 447 1431 484 qué negra queda la tíerra!
909 496 1357 532 ¡Cuando nos falia la, fé.
906 546 1474 583 qué negra el alma se queda!
948 641 1464 692 El Asia dicen que fué
905 690 1543 748 del género humano cuna;
907 738 1327 774 en tus ojos, morenita,
908 787 1557 845 tiene la mitad su tumba.
948 884 1456 920 Al dar un beso á mi niña
903 933 1444 970 cuando me fuí de su aldea,
903 982 1366 1018 se puso como la grana,
904 1031 1359 1067 me puse como la cera.
951 1127 1408 1167 ¿Encima de tu ventana
897 1177 1453 1218 por qué un letrero no pones
905 1226 1454 1262 que diga á todo el que pase
901 1273 1380 1310 cárcel de los Corazones?
775 1723 1015 1885 FIN
197 2175 1584 2334 CARMONA:—Imp. de D. José M.a Moreno, Madre de Dios núm. 1.
