1737 2508
1347 130 1378 161 3
164 187 677 225 En los brazos de una niña
107 236 675 275 náufrago soy que me ahogo:
114 286 648 323 Llevadme á puerto seguro,
109 334 583 371 Madre mia del Socorro.
161 429 702 470 El vicio es mar borrascoso,
116 480 608 516 la virtud, tranquilo lago;
116 530 564 565 este se cruza apacible,
109 578 710 614 y en aquel todos son náufrago.
160 673 626 709 El árbol está sin hojas,
119 722 688 760 las fuentes ya no murmuran,
120 770 680 808 nieves cubren las montañas,
127 818 760 855 ¡mi amor duerme en una tumba!
167 914 584 950 Vistiéndo sedas te ví
117 965 600 1002 en la calle esta mañana,
115 1013 718 1051 y en cambio siempre de jerga,
120 1061 564 1098 vestida llevas el alma.
170 1157 654 1194 ¡Me quisiera usted decir
119 1208 652 1244 qué clase de gente es esta.
127 1256 604 1291 que para decir verdades
115 1304 590 1342 necesita una careta.....)
170 1400 684 1438 Hombres, las hijas de hoy
116 1451 638 1487 serán las madres mañana:
127 1499 695 1534 pensad en que vuestras hijas
122 1546 680 1584 téndrán ellas que educarlas.
174 1644 687 1679 Con el dulce de tus lábios
121 1692 642 1730 se puede endulzar el mar,
131 1739 638 1780 y con la sal de tu cuerpo,
127 1790 595 1833 ¿qué no se puede salar?
167 1887 724 1922 Siempre que se pone el sol
123 1936 650 1974 se ha de lievar mi alegría,
129 1984 591 2020 y ya no me la devuelve
130 2032 611 2069 hasta que nace otro dia.
174 2127 745 2166 Cuando me dices «te quiero»
132 2177 556 2214 el aire triste suspira,
133 2227 660 2261 que al dueño de tu cariño
123 2275 664 2313 hasta el aire tiene envidia.
869 183 1325 223 El talento una limosna
829 234 1276 272 pide en oscuro rincon,
826 280 1284 318 y la ignorancia le dice:
871 330 1448 367 Perdone, hermano, por Dios.
865 428 1410 462 Al marcharse los franceses
826 476 1281 513 una bala me encontré;
828 524 1304 560 llorando estaba la pobre
827 573 1374 609 porque no mató un francés.
867 669 1330 707 Te ries cuando me vés,
822 720 1448 758 y me han muerto tus desdenes;
832 768 1387 805 las campanas son de bronce
821 816 1409 854 y doblan por los que mueren.
875 911 1428 953 Tus ojos me están matando,
832 961 1384 1000 me hacen vivir tus sonrisas;
824 1008 1338 1046 desde que te quiero estoy
831 1058 1349 1099 entre la muerte y la vida.
873 1156 1305 1193 Con afeites y pinturas
825 1203 1301 1243 se pone blanca la cara:
827 1253 1390 1290 no hay pintura en el mundo
838 1303 1358 1340 para poner blanca el alma.
875 1399 1462 1438 Mi muerto amor de su tumba
834 1448 1396 1488 salió al ver tus ojos negros,
833 1496 1312 1534 porque tus ojos morena,
834 1544 1315 1582 resucitan á los muertos,
883 1641 1426 1681 Tras la noche vuelve el dia,
831 1691 1384 1728 tras la tempestad la calma;
839 1738 1284 1773 pero tras el desengaño
834 1788 1369 1825 nunca vuelve la esperanza.
875 1883 1347 1921 Hay un letrero que dice
837 1934 1344 1971 en la puerta del presidio:
837 1981 1265 2017 «Esta casa dá posada
834 2030 1329 2068 à todos los malos hijos.»
881 2127 1374 2164 En el jardin de su pecho
831 2176 1316 2212 suspiros plantó mi niña:
838 2225 1331 2261 con lágrimas de sus ojos
841 2274 1314 2311 los riega todos los dias.
