1765 2512
187 244 737 284 de tu esposo, diste entrada
192 293 728 332 al galán, Jesús, que yerro?
195 341 700 380 Tirano, aleve, qué haces?
185 389 633 429 A tu amigo verdadero
196 438 686 477 una crueldad tan grande
189 486 673 525 sin reparar en el riesgo?
183 535 657 573 Disfrutaron sus amores
191 584 693 623 con muchisimo contento;
185 636 739 676 y como Montero es hombre
190 685 702 719 de reputacion, y empeño,
192 729 676 770 temiendose que lo sepa,
190 778 662 817 toman galas y dineros,
196 825 636 864 y en un ligero caballo
191 874 645 912 una noche se salieron:
190 923 648 961 camino van de Sevilla
193 971 703 1009 estos dos amantes tiernos.
192 1019 724 1060 A aquella Ciudad llegaron,
191 1068 689 1110 alli pusieron su asiento,
195 1117 605 1155 y en una casa vivian
190 1165 673 1202 con muchisimo secreto.
198 1214 771 1249 Volvamos ahora á Antequera
191 1261 603 1300 á declarar el suceso
191 1311 733 1350 pues cuando Montero vino,
193 1361 796 1399 y halló á su muger de menos
195 1410 691 1445 aqui de corage tiembla,
191 1456 746 1495 y se abrasa en fiero fuego,
197 1506 683 1542 por boca y ojos echaba
195 1554 710 1590 volcanes de vivo incendio,
191 1601 728 1640 Yá se retuerce las manos,
189 1651 690 1687 echando mil juranentos
192 1699 682 1735 de no cortarse la barba,
192 1746 738 1786 ni vestir camisa al cuerpo,
192 1796 682 1833 hasta que matase aquel,
201 1845 734 1878 que maltrataba su credito.
204 1891 743 1927 Mas de dos meses pasaron
201 1939 634 1975 sin pasearse Montero
202 1988 710 2025 de dia, sino es de noche,
200 2036 696 2073 las diligencias haciendo,
198 2085 738 2121 hasta que alcánzó á saber
201 2134 808 2170 que en Sevilla están de cierto.
209 2183 684 2219 Yá se remuda la ropa,
197 2232 735 2273 y por no ser descubierto,
195 2280 747 2318 se pone unas barbas canas,
211 2329 757 2367 que le tapan todo el pecho,
911 238 1284 275 un jugon ojeteado,
922 285 1512 325 que lleva arrimado al cuerpo,
913 331 1421 373 un gaván de paño pardo
916 380 1548 421 con mas de dos mil remiendos,
923 428 1391 469 entre los cuales llevaba
917 479 1426 518 cuatro volcanes de fuego:
923 528 1286 566 un afilado cuchillo
919 575 1399 615 previno para su intento,
920 626 1348 661 una monterilla vieja,
916 674 1481 710 en medio un casco de acero,
913 720 1363 759 una capa mal formada,
919 767 1445 806 un bordoncillo; y pidiendo
910 817 1414 855 limosna se fue á Sevilla,
915 865 1464 904 y á ella llego bien presto.
913 914 1479 952 Donde estando con cuidado
911 962 1405 1003 las diligencias haciendo
915 1011 1387 1050 un dia en San Salvador
919 1059 1389 1098 tendió la vista Montero,
926 1108 1402 1148 vio pasar á su enemigo,
922 1157 1459 1195 los pasos le fue siguiendo,
915 1204 1449 1243 Lo vido entrar en la casa,
920 1252 1454 1295 pregunto y supo de cierto,
915 1301 1425 1342 que era alli donde vivia,
919 1352 1332 1391 y retirandose luego,
927 1398 1467 1437 le escrivió una carta falsa
922 1445 1496 1485 con mas de dos mil enredos
915 1495 1465 1533 de Don Francisco de Frias,
919 1543 1417 1582 tio de aqueste mancebo.
920 1592 1398 1631 En punto de la Oracion
923 1640 1407 1680 llegó á la casa Montero,
920 1688 1524 1729 y dando un golpe á la puerta,
921 1737 1440 1775 le bajo abrir el Mancebo:
926 1786 1413 1823 vido un viejo venerable,
924 1836 1400 1873 todo de canas cubierto,
923 1884 1393 1924 y de ropa mal fardado,
927 1932 1399 1975 y los ojos por el suelo;
926 1976 1525 2020 qué se ofrece, padre honrado?
929 2025 1415 2070 (le dice al fingido viejo)
923 2074 1441 2120 y el con grande disimulo
938 2122 1479 2165 preguntaba por el mesmo.
925 2171 1476 2212 Yo soy, le dice al instante;
935 2220 1471 2262 y fingiendo cumplimientos,
921 2269 1411 2310 sacó del pecho la carta,
927 2320 1399 2362 y besandola en el sello,
