1737 2508
285 219 793 259 se la dió, Diego de Frias
294 267 753 306 el sobreese ito leyendo
294 316 844 355 rompe la nema, y prosigue,
293 364 770 404 estas palabras disiendo:
292 414 756 452 Sobrino del alma mia,
291 462 860 500 mil años te guarde el Cielo,
298 509 784 548 y te libre de enemigos,
292 557 880 597 que contrá tí están opuestos.
299 606 791 645 Yo tu tio Don Francisco
293 656 798 693 te embio á decir aquesto,
303 703 826 742 que en Antequera se sabe
304 752 885 791 que en Sevilla estas de cierto,
293 799 824 839 por lo que á buscarte ván
292 848 846 887 Montero, y algunos deudos:
293 898 821 938 Quiero traerte á Carmona,
299 946 870 984 pues yo alli mismo te espero,
300 994 830 1032 y en la casa de un amigo
297 1043 802 1081 vivirás con gran secreto,
297 1093 775 1130 y nosotros descuidados,
303 1136 867 1181 que son tantos los lamentos
308 1187 891 1227 de tu madre, y tus hermanas,
298 1234 847 1276 las discordias, y los pleitos
302 1285 803 1323 de parte de tu enemigo,
308 1335 709 1373 originados del echo,
306 1383 784 1419 que me obligan a venir
297 1430 824 1468 á ponerte en salvamento:
300 1478 796 1517 con el portador saldrás,
299 1527 844 1565 á quien encargo el secreto,
297 1575 949 1613 porque antes que venga el Alva
300 1623 806 1662 estés de termino adentro
307 1672 862 1710 de Carmona, porque en ella
297 1720 792 1758 estarás libre del riesgo.
299 1769 863 1807 El Cielo os guarde, sobrino,
297 1817 765 1854 los años de mi deseo.
308 1865 852 1903 Se quedó el mozo elevado,
303 1914 829 1951 muy pensativo y suspenso;
305 1963 808 1999 la muger sale, y le dice:
301 2012 818 2047 Mira no sea algun enredo.
311 2060 803 2096 No es enredo, le replica,
307 2108 852 2145 y hemos de ir sin remedio.
311 2157 839 2194 Lo que conviene, Señora;
306 2204 863 2243 que al portador regalemos.
306 2253 770 2291 Aprestaron el caballo,
311 2302 823 2345 y aquella noche solieron
1014 212 1550 250 por la Puerta de la Carne
1016 262 1537 299 Dama, galan, y Escudero.
1019 311 1465 346 O desgraciada Señora!
1017 359 1476 395 ó malogrado Mancebo!
1023 408 1550 445 que no sabes la desgracia,
1015 457 1637 493 que vá en tu acompañamiento!
1023 505 1612 542 Mas en llegando á la Venta,
1019 554 1664 593 yá que el Alva iba rompiéndo,
1020 602 1530 639 dijo el Galan á la Dama:
1024 650 1551 687 Aqui un rato soseguemos.
1020 699 1470 736 Dice Montero, eso no;
1018 747 1582 785 pues vamos con tal secreto,
1027 796 1596 833 quiere usted parar en Venta?
1017 844 1487 881 mas adelante pasemos,
1023 892 1504 929 Toman una oculta senda
1025 940 1530 978 por unos montes espesos
1021 988 1474 1026 de pinos, y de jarales:
1028 1037 1545 1075 á las umbrias de un cerro
1023 1086 1494 1123 volvió Montero la cara:
1027 1135 1499 1172 y dice: aqui pararemos,
1026 1183 1556 1220 para que estemos seguros
1030 1231 1497 1268 de todos los Pasageros.
1025 1280 1489 1316 Se apearon del caballo
1023 1329 1628 1366 los dos muy amantes tiernos,
1023 1378 1493 1415 diciendose mil cariños,
1035 1425 1467 1461 veneno para Montero.
1026 1474 1528 1510 Dice el Galan á la hama:
1028 1522 1490 1559 Dulce regalado espejo,
1024 1572 1620 1607 almorsemos, que yá es hora.
1023 1620 1499 1655 Entonces sacó Montero
1023 1668 1489 1703 dos furiosas carabinas
1029 1716 1555 1755 de los cosidos remiendos,
1024 1764 1486 1801 se quito la mascarilla
1028 1813 1568 1851 de las barbas, y malgesto,
1027 1860 1485 1897 y en altas voces decia:
1035 1909 1546 1945 Yo soy Antonio Montero.
1033 1957 1584 1995 La muger que aquesto oyó,
1032 2006 1550 2043 cayó redonda en el suelo.
1036 2055 1508 2090 Diego de Frias turbóse,
1036 2104 1598 2141 quiso hablar, mas el aliento
1031 2152 1520 2188 le faltó, pues le dispara
1040 2200 1562 2237 una pistola á este tiempo;
1043 2248 1535 2286 que las penetrantes balas
1044 2298 1550 2335 le atravesaron el pecho,
