1737 2508
1305 150 1547 225 (Núm. 218)
232 237 1625 346 ANTONIO MONTERO, Y DIEGO DE FRIAS.
245 1102 1666 1181 ROMANCE, EN QUE SE REFIERE UN RARO SUCESO, Y
249 1152 1656 1230 notable tragedia, que en la Ciudad de Antequera les sucedió á dos Man-
252 1200 1662 1278 cebos muy amigos, el uno llamado Diego de Frias, y él otro Antonio
256 1249 1654 1327 Montero, el cual era casado con una muy hermosa Dama; y como Die-
321 1299 1589 1377 go de Frias, habiendose enamorado de ella, la sacó de su casa,
427 1350 1513 1423 y la llevó á la Ciudad de Sevilla; y como despues
563 1402 1373 1462 Antonio Montero los mató á entrambos..
310 1510 779 1559 A la Virgen del Rosario
267 1560 767 1607 la suplico me dé aliento,
263 1608 825 1654 mientras mi lengua declara
270 1657 705 1703 el mas notable suceso,
268 1702 894 1750 que en la Ciudad de Antequera
275 1754 841 1796 les sucedió á dos Mancebos,
270 1802 780 1847 el uno es Diego de Frias,
276 1850 828 1893 y el otro Antonio Montero.
275 1897 787 1944 Eran ambos muy amigos,
280 1946 816 1993 y de muy cercanos deudos:
271 1996 665 2042 era Montero cas ido
278 2042 809 2089 con Doña Juana de Cueto,
276 2090 907 2137 blanca y rubia es como un Sol,
277 2141 797 2186 y de lindo entendimiento,
282 2189 847 2235 discreta, entendida, y sábia;
284 2235 836 2283 mas aquel Dragon sobervio
282 2286 801 2331 siempre tiró á derribarla,
986 1487 1548 1534 armando trazas, y enrredos.
982 1536 1451 1583 Hizo que se enámorase
985 1582 1487 1631 Diego de Frías, teniendo
992 1631 1490 1679 tantarcabida en su casa:
996 1683 1525 1727 de amores andaha muerto;
1000 1731 1493 1775 hasta que la dijo un diá:
1000 1778 1487 1823 Si tú pagáras mi afecto,
996 1825 1557 1871 fueras dueña de mis bienes,
1004 1873 1632 1920 pues que tanta hacienda tengo:
1003 1922 1464 1970 La Dama le respondió:
999 1971 1573 2017 Mira, que Antonio Montero
1000 2020 1550 2067 es tu amigo, y si lo sabe,
1008 2070 1510 2115 mala fortuna téndrémos,
999 2118 1485 2163 mas al fin yo daré traza
1010 2163 1632 2212 que nuestro amor disfrutemos:
1012 2213 1489 2261 Ingrata muger, y fragil;
1014 2261 1618 2311 que quebrantando el precepto
