1656 2456
315 222 823 258 quién vió la muerte pintada?
318 270 794 306 pues sepan por cosa cierta,
308 316 825 355 que si allí estuviera entonces
309 365 808 402 dos muertes juntas hubiera,
313 416 763 449 y esto no es ponderacion
305 461 794 497 porque era horrible de fea.
310 508 734 546 Ya es preciso dibujarle,
308 556 780 593 porque el desengaño vean.
313 605 756 641 La estatura de su cuerpo
316 652 702 689 era muy alta escalera:
310 699 714 739 de la cabeza era calva,
320 746 770 786 porque de tiña ó de lepra
307 796 628 833 la tenia mas raida
314 844 862 882 que una enjundia de manteca,
310 890 684 930 su frente me pareció,
311 939 728 980 por lo cristalina y tersa,
308 989 666 1023 casco de calabacino
307 1035 728 1075 colgado en la chimenea;
303 1085 727 1120 y á sus ojos de lagañas,
306 1133 742 1171 unas verdes, otras secas,
302 1179 667 1217 bien le podia quitar
302 1226 829 1267 con colmo cuarenta espuertas.
308 1273 730 1312 De sus narices colgaban
302 1322 779 1365 dos mocos como dos velas,
305 1371 767 1409 que arrastraran como luto
300 1420 802 1460 á no embargarlos su lengua,
302 1467 652 1504 á la boca le servian
300 1516 686 1553 de presillas las orejas.
302 1563 640 1599 Elevado me quedé
296 1610 754 1652 al ver cosa tan horrenda;
306 1659 696 1696 por acabar de pintarla
296 1707 748 1744 la estuve mirando atenta:
306 1754 787 1793 los pies tenia muy grandes,
299 1804 783 1841 y muy delgadas las piernas,
300 1851 688 1885 pues á mí me pareció
304 1898 810 1938 las daguillas de hacer media.
291 1946 676 1982 En sus rodillas tenia
293 1995 754 2031 para el gasto de cuaresma
298 2043 698 2080 muchísimas espinacas,
293 2090 785 2129 y algunas matas de acelgas.
296 2138 680 2176 En su vientre reparé,
301 2186 771 2224 y esto me causó gran pena,
300 2235 732 2272 que si no estaba preñada
302 2284 696 2322 era opilada ó enferma,
298 2334 710 2369 porque tenia mas panza
1037 221 1508 257 que una tinaja de ocnenta.
1043 269 1617 305 Yo entonces, viendo mi engaño,
1034 318 1474 353 maldiciendo la alcahueta,
1032 366 1440 402 iba á salirme á la calle;
1037 413 1461 449 mas llegaron á la puerta
1044 462 1444 498 avisada de algun soplo,
1043 509 1490 547 sin duda que fué la vieja,
1033 560 1486 594 la justicia, y me llevaron
1034 606 1446 641 á la casa de mi abuela.
1032 654 1510 694 Me entran en un calabozo,
1037 701 1482 742 me asieron á una cadena,
1040 749 1470 787 y aunque yo no la queria
1038 796 1473 835 me obligaban á quererla.
1044 844 1472 883 Corrieron las moniciones
1038 893 1512 935 sin que nadie lo impidiera,
1031 941 1490 979 dentro de la misma cárcel
1037 988 1463 1026 me desposaron con ella.
1034 1036 1382 1071 lba la novia vestida
1027 1084 1545 1122 que era un desenojo el verla,
1038 1133 1401 1171 alpargatas con tacon,
1028 1181 1474 1219 hebillas , ligas y medias,
1042 1228 1506 1265 porque las piernas luciesen
1040 1276 1391 1313 iba Teresa sin ellas;
1035 1323 1460 1362 de paño viejo un refajo
1040 1372 1516 1411 con mil lámparas á egestas,
1033 1420 1432 1456 un monillo de tendido
1040 1468 1446 1508 con lista de lana negra,
1036 1517 1428 1553 por gargantilla llevaba
1036 1565 1430 1599 un collar de majoletas
1029 1611 1533 1648 con dos grandes marmalocas
1038 1660 1427 1697 colgadas de las orejas.
1040 1707 1388 1743 Como no tenia pelo
1032 1754 1420 1794 no llevaba escarapela,
1028 1803 1466 1845 el manto era de soplillo,
1027 1851 1479 1889 que no le llegaba al besa.
1034 1901 1447 1936 Cuando el cura la miró
1033 1948 1396 1983 dijo con risa severa:
1038 1996 1464 2031 Ojos hay en este mundo
1033 2044 1498 2081 que de lagañas se precian:
1036 2092 1427 2129 la vergüenza que pasé
1028 2141 1428 2177 ninguno pase por ella.
1028 2188 1532 2225 Por fin nos dieron las manos
1031 2235 1479 2272 y el cura á decir empieza:
1032 2284 1460 2322 Recibe usted por esposa
1024 2333 1349 2370 á la señora Teresa
