1652 2384
295 216 724 253 presagio de mi desdicha,
284 262 720 304 ó de mi fortuna adversa,
285 310 694 350 llegóse una vieja á mí,
284 359 760 395 que he presumido que era
286 405 788 445 la que engañó á san Anton,
287 455 757 491 y apedreó á san Esteban.
296 503 720 537 por fin aquesto me dijo
291 549 731 586 con palabras halagüeñas:
282 596 650 633 Hijo de mi corazon,
288 644 764 682 mucho en el alma quisiera
279 693 735 730 saber lo que se te ofrece,
279 741 760 778 que tanto el barrio paseas.
284 787 712 826 Yo le dije : madre mia,
288 837 728 875 irremediable es mi pena,
285 885 678 920 mas os la quiero decir
287 932 705 969 para descansar siquiera.
290 980 837 1017 Sepa usted que ando buscando
286 1027 708 1066 una doncella que tenga
282 1077 724 1114 lindo garbo y discrecion,
286 1124 698 1161 y que de mi gusto sea.
292 1170 748 1212 Y la perra vieja entonces,
282 1218 720 1257 como astuta y hechicera,
276 1268 686 1306 me dijo : Señor galan,
276 1315 694 1352 á famosa ocasion llega,
285 1364 775 1401 pues yo tengo una sobrina,
281 1411 809 1447 que se puede prendar de ella
275 1458 759 1495 el mismo Rey en persona:
282 1506 818 1544 es muy hermosa, es discreta,
281 1553 778 1592 tiene muchos pretendientes,
282 1602 760 1640 mas á todos los desprecia;
279 1649 770 1688 es verdad que esta mañana
277 1697 729 1735 me dijo en todo resuelta:
276 1746 698 1783 tia , yo quiero casarme
277 1794 836 1832 con el mismo que usted quiera;
279 1843 781 1880 y siendo usted de mi gusto,
284 1891 762 1929 tambien será gusto de ella.
278 1937 690 1976 Tanto me la encareció,
278 1985 786 2024 que vine á quedar sin verla
274 2034 676 2072 enamorado, de suerte
283 2082 846 2123 que era mi pecho una hoguera;
277 2128 796 2171 yo otorgué, y le dí la mano,
279 2178 770 2216 mas me hizo la advertencia
274 2227 800 2265 que hasta que ella me avisase
271 2275 765 2314 yo no puedo entrar á verla.
275 2322 708 2367 Se pasé infinito tiempo,
1013 212 1521 250 cumpliendo como era fuerza
1020 261 1428 299 con regalos á la novia,
1013 311 1423 347 y con gajes á la vieja,
1020 358 1543 390 de suerte que siempre andaba
1018 404 1488 440 sin un cuarto y de carrera,
1013 451 1465 487 hasta que un dia la dije:
1013 499 1535 535 madre , cuando me despena?
1015 547 1564 583 Y ella me respondió entonces:
1013 596 1454 631 en saliendo la Cuaresma
1024 643 1474 680 viene la Pascua de flores,
1019 691 1481 726 y hará la entrada primera.
1013 739 1501 777 Yo entonces quedé gustoso
1017 786 1409 823 porque ya venia cerca.
1011 834 1542 871 Llegó en fin la dicha Pascua,
1011 882 1578 918 que es costumbre donde quiera
1021 930 1405 966 el regalar á las novias
1019 978 1443 1014 con alguna carne fresca.
1015 1026 1545 1063 Yo compré un lindo carnero,
1011 1074 1407 1110 moteándolo con seda,
1011 1121 1430 1158 y me previne aquel dia
1017 1169 1395 1206 con una sortija bella
1014 1217 1450 1254 para llevarla á mi Cloris,
1011 1263 1441 1305 y otros regalos con ella.
1017 1312 1461 1349 Entré por fin en su casa,
1020 1359 1460 1397 donde á mi señora suegra
1011 1409 1408 1447 la saludé muy cortés,
1015 1456 1447 1499 y ella me recibió atenta;
1017 1504 1427 1544 preguntéle por la niña,
1007 1551 1473 1592 y entonces respondió ella:
1007 1600 1489 1636 ahora se entró en el corral
1008 1647 1439 1685 á sentarse en la secreta,
1009 1695 1469 1737 y desde adentro responde
1007 1746 1374 1781 la referida doncella:
1015 1792 1473 1830 espere usted, señor novio,
1009 1840 1449 1877 que soy larga de vareta,
1007 1887 1469 1926 y estoy haciendo buñuelos
1005 1936 1431 1974 para el dia de la fiesta.
1013 1985 1455 2021 Yo que oí tal disparate,
1003 2033 1507 2072 y tan grande desvergüenza,
1007 2081 1424 2118 le respondí sonriendo;
1015 2130 1497 2166 para la muy grande puerca.
1012 2178 1454 2213 En fin por ver á mi Filis
1011 2227 1444 2263 me senté en una silleta:
1005 2274 1377 2312 cuando la vide venir
1031 2323 1533 2360 Cielos, prestadme paciencia!
