1616 2476
1075 127 1366 283 Número 224.
82 1435 1455 1472 ROMANCE NUEVO DEL CHASCO QUE LE DIO UNA VIEJA A UN
231 1480 1302 1515 mancebo , dándole una sobrina suya por doncella, llamada
227 1579 1312 1631 TERESA MOCARRO Y GANGARRILLA.
129 1671 1407 1724 Compuesto por un capador de grillos y cardador de lana de tortugas.
95 1821 530 1858 Discreto auditorio mio
94 1870 596 1907 tengan en mi historia cuenta
82 1916 520 1953 verán con qué brevedad
86 1964 522 2001 les hago relacion de ella.
91 2013 554 2049 Atiéndanme los mancebos
81 2062 488 2097 los de la primer tijera,
79 2108 646 2146 los que andan buscando amores
90 2156 523 2195 valiéndose de alcahuetas.
75 2205 539 2244 Aquí á todos les encargo,
81 2253 512 2294 que no se fien de viejas,
87 2304 522 2344 y no lo tomen á burlas,
92 2351 552 2390 que hablo con esperiencia;
800 1820 1253 1859 de mí tomarán ejemplo,
811 1870 1231 1906 oigan al pié de la letra.
805 1917 1281 1953 Cuando yo mozo mancebo
805 1965 1254 2002 pretendí mozas diversas,
807 2013 1258 2049 sin hallar en mi capricho
808 2062 1308 2099 cosa que bien me estuviera,
809 2110 1247 2145 porque á mi me parecia
803 2158 1225 2194 que merecia á la Reina;
805 2208 1387 2243 aunque es verdad que me dieron
796 2255 1246 2291 tálegazos más de treinta.
803 2304 1216 2339 Mas yéndome paseando
801 2354 1268 2391 martes de Carnestolendas,
