1648 2416
94 237 550 275 de Mocarro y Gangarrilla,
94 287 541 321 que viene por línea recta
93 334 462 371 de la casa de Pilatos.
89 381 469 417 presidente de Judéa.
87 429 629 464 Yo entonces con grande enojo
89 478 484 512 dije falto de paciencia:
85 524 597 561 muy buenos hemos quedado.
92 573 558 609 tras de cuernos penitencia.
88 622 450 655 Teresa fea, y ahora
88 668 548 703 de tan mala descendencia?
89 716 545 751 Los demonos se la lleven
91 763 507 799 si hiciere vida con ella:
89 812 551 850 y ella abriendo tanta boca
85 859 551 893 como una espuerta terrera
88 907 606 942 me dice: traidor, mal hombre
86 955 598 990 cómo á tu esposa desprecias?
87 1003 490 1038 Por no dilatarme mas
85 1050 558 1090 dejo algunas antepuestas,
90 1099 560 1137 por fin quedamos casados,
90 1147 514 1182 mas yo capitulé treguas,
92 1195 676 1232 que hasta que la pierda el miedo
85 1243 559 1278 no quiero dormir con ella.
97 1290 610 1328 Y antes que se fuera el cura,
90 1339 473 1375 para coronar la fiesta
93 1387 565 1423 parió la noviaun chiquillo
94 1435 468 1470 tan bonito como ella,
88 1483 521 1518 que no le quitaba pinta
88 1531 544 1566 al sacristan de la iglesia.
100 1578 600 1613 Yo entonces lleno de enojo
100 1626 550 1662 quise matarla y venderla,
83 1673 522 1710 mas la partera me dijo :
92 1723 584 1759 compadre, tenga paciencia,
86 1771 578 1806 no se espante de tan poco,
94 1819 620 1857 que esta vez no es la primera,
87 1867 593 1901 pues si no me engaño tiene
86 1916 488 1949 con este catorce fuera.
88 1961 588 2002 Yo entonces tomé la pluma,
86 2011 563 2047 y en breve sumé la cuenta.
94 2059 594 2093 Salió, que antes de casarme
90 2108 518 2141 saqué la ilustre bandera
89 2154 550 2189 de mi devoto san Márcos:
823 238 1290 273 quiera Dios que asi suceda
815 286 1240 321 á cuantos de mí se rien,
820 333 1308 369 porque mi desdicha sientan,
811 381 1295 421 y porque no hagan donaire
814 431 1290 462 lo que á mí me causa pena.
813 476 1238 511 La vieja que me engañó
824 525 1234 561 fué presa por hechicera,
819 573 1237 609 y en el Auto la sacaron
816 620 1220 656 con una corona puesta,
820 668 1254 703 y el verdugo le fué dando
819 715 1276 753 doscientos con una penca,
813 762 1204 800 y á cada azote soltaba
811 811 1239 847 por el postigo de afuera
808 857 1238 895 unos buñuelos de viento
812 907 1280 946 como manzanas cermeñas,
820 954 1206 991 para la vieja borracha
812 1001 1270 1040 vayan muy en hora buena
818 1052 1232 1087 y para el que no dijere
813 1099 1210 1136 que vaya para la vieja.
812 1145 1248 1187 Doblemos aquí la hoja,
819 1195 1189 1231 y volvamos á Teresa:
813 1243 1331 1282 ya estamos los dos muy bien,
813 1292 1273 1330 yo pagado, ella contenta,
824 1339 1316 1379 que es , como dice el refran,
813 1386 1435 1427 no hay mal que por bien no venga.
812 1433 1262 1475 De gravámen estoy libre,
823 1482 1192 1519 de milicias y boletas
824 1531 1278 1567 que todo lo mas del año
814 1577 1392 1634 nadie á mis puertas se llega
824 1626 1268 1665 que por no verle la cara
818 1673 1350 1714 me perdonan muchas deudas;
822 1721 1286 1759 ya no tiene tantos mocos,
815 1769 1307 1808 aunque no le faltan hebras:
812 1817 1198 1856 sazona bien una olla
817 1864 1210 1905 sin aliño de la tienda,
820 1914 1322 1953 y aunque la ponga con vaca
820 1961 1333 2001 siempre sale puerco en ella.
816 2008 1256 2046 Todo lo que he referido
820 2057 1254 2098 me pasa con mi Teresa,
824 2107 1278 2143 y ahora pido á mi auditori
815 2156 1283 2193 perdonen la impertinencia.
722 2228 818 2302 FIN.
67 2326 1422 2402 CARMONA: 1860. Imp. de D. José M. Moreno, cálle de Madre de Dios
