1530 2249
1264 35 1276 185 7
280 165 975 198 1. Aqui puede vueseñoría entretenerse
322 206 976 238 en ver algunas joyas mientras vamos.
279 248 468 281 Cosme. Sí.
282 289 573 322 2. Linda burla.
285 330 922 364 Almoned. No es malo que comamos,
327 371 913 405 para tener desembarazado el dia.
279 412 732 444 Mujer. Delante del señor?
280 454 968 486 Almoned. Su señoría nos dará licencia.
290 495 482 527 Cosme. Sí.
288 537 676 569 Almoned. Ola, Teresa,
311 577 940 609 luego al instante pon aquí la mesa.
285 618 846 650 Criad. Ya está aquí prevenida.
281 657 1063 691 Almoned. Trae el asado y saquen la comida.
295 701 990 731 Criad. Ya tienen en la mesa la vianda.
281 740 1190 772 Almoned. Cracias á Dios que hallé una polla blanda;
326 782 844 814 quiere vueseñoría un bocado?
297 822 1121 856 Cosme. Sí, gran cosa es, señor, el ser soldado.
324 901 1182 937 Llega la silla á la mesa Cosme, y pónese á comer.
289 988 963 1020 Almoned. Sírvase de beber vueseñoría.
285 1029 869 1062 Mujer. Pues beba con la garrafa,
335 1070 585 1102 que está fria.
293 1111 895 1143 Almoned. Digo, aquestos criados
327 1152 952 1185 no quisiera que fueran redomados,
333 1193 954 1224 y se llevasen lo que os he vendido:
333 1234 986 1266 pareceos que con todo se habrán ido?
291 1275 483 1307 Cosme. Sí.
293 1317 1081 1349 Almoned. Que si decis con flema tan melosa?
338 1357 686 1390 gran tonto parecéis.
295 1398 686 1430 Cosme. Es mucha cosa.
1127 1401 1374 1433 Sale el Vejete.
299 1438 650 1473 Vejete. Ha de casa,
298 1478 614 1513 Mujer. Quién es?
309 1521 753 1552 Vejete. Qué hace la gente?
300 1562 1056 1594 Almoned. Solamente comer, si sois servido?
305 1602 1110 1635 Vejete. Bartolillo está acá? quién le ha traido?
293 1644 1094 1676 AImoned. Qué Bartolillo? estais desalumbrado?
336 1683 730 1717 que es el señor varon.
303 1725 748 1760 Vejete. Os la han pegado;
338 1767 922 1801 algunos le vistieron de este traje,
338 1807 632 1841 y os han robado.
307 1848 489 1880 Cosme. Si.
302 1890 710 1921 Vejete. Sois un salvaje.
286 1932 1137 1964 Almoned. Es verdad que has venido disfrazado?
