1577 2243
238 612 1355 695 SAINETE DEL SI.
576 784 1004 936 Salen los dos ladrones.
183 1002 640 1033 Amigo, ya el noble oficio
186 1041 651 1074 de ladron no tiene medra,
199 1082 625 1114 pues no se halla ocasion
194 1120 638 1155 en que las uñas se metan.
191 1160 660 1201 Ya de moho, sin cursarse,
186 1204 691 1242 no abren las llaves maestras,
187 1242 627 1280 y como no están trilladas
188 1284 611 1320 las ganzuas,crian yerba.
196 1325 610 1360 En fin, perecemos todos,
189 1366 414 1400 sin remedio.
147 1408 472 1440 2. Esto te altera;
189 1449 775 1483 cuando en el ingenio hay trazas,
192 1490 635 1522 con que todo se remedia?
155 1530 674 1563 1. Es imposible encontrarse.
151 1571 656 1603 2. Mire, si hallarse pudiera
200 1611 630 1642 un hombre tan majadero,
196 1651 638 1684 que con nosotros viniera,
195 1688 680 1725 y metiéndole en un coche,
196 1733 696 1765 bien vestido, á una almoneda
190 1774 574 1805 le lleváremos, y todos
187 1814 717 1848 con muy grandes reverencias,
198 1854 672 1887 fingiéndonos criados suyos,
199 1895 603 1928 con disimulo y cautela
195 1935 571 1968 dijéramos al tratante
197 1977 728 2010 que era un Señor de suprema
856 997 1308 1031 calidad, que por alahajas
857 1037 1258 1071 venia desde su tierra,
857 1076 1345 1112 y despues de haber tomado
851 1120 1290 1152 fuentes, braseros y telas,
858 1161 1324 1194 dicie ndo que ibamos todos
857 1203 1345 1234 por dineró, á él en la tienda
855 1239 1173 1273 le dejáramos, yo sé
859 1283 1311 1314 que pudierá aquesta treta
861 1323 1339 1356 valernos mas que pensamos.
813 1364 1357 1396 1. Si pero en vano lo ordenas
860 1403 1441 1436 porque donde ha de haber hombre
855 1445 1263 1479 de tan sencilla rudeza,
862 1485 1259 1519 que así se deje engañar?
813 1525 1398 1560 2. No es posible que le hubiera.
825 1565 1341 1602 1. No, pero no ha de quedar
865 1605 1279 1645 jamás por mi diligencia.
816 1646 1267 1686 2. Retiremos á un lado,
862 1688 1158 1723 que viene gente.
875 1769 1362 1806 Sale el Vejete y el Gracioso,
824 1849 1142 1885 Vejete. Dí, bestia,
859 1890 1409 1928 no te he dicho que me busques
853 1929 1442 1969 á aquel hombre que en la feria,
852 1972 1233 2007 me habló el otro dia?
