1565 2231
146 229 633 264 has de venir con nosotros,
147 266 630 305 y entrar en una almoneda,
141 306 626 345 y á cuanto te preguntaren,
152 352 653 383 solo has de dar por respuesta
152 393 546 425 si, mas por diferenciar,
148 433 650 467 tal vez cuando te se ofrezca,
144 473 632 507 dí tambien, es mucha cosa.
111 514 685 547 Gracioso. Como yo coma sin pena
151 555 616 588 haré lo que me mandaren.
107 595 631 628 1. Cumplióse la estratagema.
111 637 696 669 2. Que en fin lo harás? Gra. Sí.
1282 184 1322 221 5
763 227 1047 259 2. Que lindo.
767 268 1346 301 1. Cómo te llamas? Gracioso. Si.
771 308 978 340 1. Apriesa
808 349 1194 382 ha tomado la leccion.
766 390 1291 422 2. Mas pregunto tu simpleza,
808 431 1396 462 nos has de echar á perder? Gr. Si.
768 471 1400 505 2. A mil diablos, si esto hicieras,
821 513 1396 544 te daria. Gracios. Es mucha cosa.
779 554 1316 584 2. Vamos que aun en la idea
807 593 1183 626 imaginado, ninguno
808 636 1240 669 mas á propósito fuera.
352 717 1163 750 Entranse, y sale el Almonedero con su mujer.
316 800 958 833 Almoned. Cuelga aquestas polieras.
349 841 959 875 ponlas enfrente de las ordinarias,
356 881 953 914 para que mas reluzca la esterilla,
347 922 1072 955 alcanza ese vestido, y mas le ensancha,
359 962 936 996 porque el Sol famosamente trilla,
351 1003 1056 1036 y mete entre el doblez aquesta mancha.
360 1042 958 1076 Y cuidado os encargo, y ojo alerta,
359 1085 1072 1117 con todos los que entraren por la puerta:
359 1125 973 1158 y lo que mas encargo es la bajilla,
360 1167 1074 1198 porque hay dama de aquestas de la villa,
358 1206 1078 1240 que entra buena, y sana en la almoneda,
354 1247 1178 1281 sin que estorvarse, ni impedirse aquesto pueda,
358 1289 1003 1322 le dá un achaque allí mas de repente,
381 1329 1023 1361 en un brazo sacar suele una fuente.
310 1369 1080 1403 Mujer. Todo está prevenido: cosa es rara?
307 1411 901 1444 Criada. Con cuídado estarémos.
320 1453 690 1484 Dentro. Para, para.
352 1534 1086 1566 Sale Cosme de gala, con pluma y banda.
310 1617 970 1648 1. Aquí puede comprar vueseñoría,
361 1657 1012 1688 que esta es casa, señor, de gran valía.
314 1697 917 1730 Almoned. Usted me hace merced.
315 1737 670 1770 J. Servirle espero.
314 1778 1116 1810 Almoned. Pregunto, quien es este caballero?
313 1819 768 1852 1. Es el Varon de Sandi.
312 1859 828 1893 Almoned. Es de gran casa?
351 1901 973 1932 Ya se reconoce, miren lo que pasa.
310 1942 992 1977 Almoned. Quiere vueseñoria sentarse;
316 1983 520 2015 Cosme. Sí.
