1737 2508
431 287 843 322 sobre iumediata malaad
438 335 822 369 un desdoro vérdadero.
437 381 902 417 Y temiéndose que el Rey
456 429 901 467 o sepa, y haga un exceso
429 479 875 515 cosrespondiente al delito.
433 528 938 562 pues está clamando al Cielo,
427 572 779 609 recogieron el tesoro
431 621 909 655 y alhajas de mucho precio,
439 666 895 703 y en tres famosos caballos
431 715 796 752 ocultamente salieron,
435 763 959 802 y á la gran córte de Lóndres
429 812 855 849 llegaron, con el pretesto
435 861 947 897 de estar algun tiempo en ella
435 908 853 945 admirando su embeleso.
431 956 823 992 Sentaron su domicilio
430 1005 826 1041 con aparato tan régio,
433 1054 930 1092 que en breve trajo la pompa
429 1103 909 1137 los grandes conocimientos.
438 1150 802 1184 En fin, á la novedad,
435 1196 882 1233 yarias gentes concurrieron
437 1246 792 1278 á visitarlos, y todos
440 1291 839 1328 suyos se constituyeron;
437 1340 855 1377 pero cuando el corazon
433 1388 880 1426 se pervierte en un sugeto
437 1437 886 1473 ensayado en las maldades,
431 1485 928 1524 vá á mas y olvida lo menos;
429 1534 835 1569 nsí pues en Rosimunda
423 1581 1036 1623 sucedió que el que hace un cesto,
427 1628 853 1666 (dice un antiguo refran
431 1678 870 1713 hará sin dudar un ciento.
433 1725 940 1764 Y fué, que de su hermosura
432 1774 878 1810 Se enamoró un consejero,
423 1823 918 1861 que entre la nacion inglesa
430 1871 869 1907 era el de mayor respeto,
426 1919 837 1955 y conociendo que haria
417 1968 904 2005 la ingrata dama su intento,
427 2015 804 2053 su amante se declaró,
425 2064 812 2100 y sacaron en acuerdo,
427 2111 840 2150 que á Paradeo matase,
414 2161 859 2198 y que pasado ya el duelo
428 2209 835 2245 contraerian matrimonio,
425 2257 939 2297 que fué añadir yerro á yerro.
1157 275 1699 318 Y puesta en planta su iufamia
1159 329 1644 369 con traidores pensamientos,
1164 375 1530 416 en un vaso cristalino
1165 423 1579 462 echó porcion de veneno
1159 470 1601 511 en ocasion que se hallaba
1162 521 1553 559 algo enfermo Paradeo,
1155 568 1590 606 y ageno de esta maldad,
1158 615 1599 655 Rosimunda con empeño
1165 664 1553 702 de sus cariños le hizo,
1160 712 1577 751 que tomára por remedio
1161 761 1541 799 aquella corta bebida,
1158 808 1572 847 para su alivio y recreo.
1165 859 1618 894 Tomó el inocente el vaso,
1157 906 1617 940 y habiendo bebido medio
1161 954 1523 990 se conoció atosigado,
1158 1003 1549 1043 y con ímpetu soberbio
1164 1050 1538 1087 la espada desenvainó,
1153 1098 1583 1134 y poniéndosela al pecho,
1162 1147 1522 1183 á Rosimundalle hizo
1155 1193 1610 1230 se bebiera el demás resto;
1160 1242 1572 1278 y de esta suerte los dos
1162 1290 1681 1327 de allí á muy poco murieron,
1156 1337 1614 1375 Supo el rey de Inglaterra
1167 1387 1673 1424 la desgracia, y bien impuesto
1160 1436 1718 1471 desde el principio hasta el fin,
1165 1483 1668 1520 porque nada hay encubierto,
1165 1531 1733 1570 mandó al momento que el pajo
1168 1581 1586 1617 por agresor del primero,
1161 1629 1555 1666 le sacasen ambos ojos,
1156 1676 1559 1715 y que matándole luego
1164 1725 1629 1763 con los cuerpos de los dos
1156 1771 1569 1812 Rosimunda y Paradeo
1155 1821 1547 1860 los arrojasen al campo
1153 1870 1594 1907 para pasto de los perros;
1152 1918 1546 1955 y al consejero tambien,
1159 1967 1624 2004 por ser noble y ser sugeto,
1156 2014 1599 2053 mandó que lo degollasen,
1152 2061 1646 2099 y que á pregon fuera puesto
1155 2112 1493 2148 su delito , para que
1151 2159 1652 2196 sirva en el Orbe de espejo,
1146 2206 1688 2246 Esto es lo que el mundo ofraso
1146 2258 1619 2294 á cuantos le siguen ciegos,
