1752 2480
53 235 573 277 pues conforme con él viven.
52 282 489 322 así les ofrece el premio.
64 331 544 368 Oh fátuo soberbio hombre,
64 375 587 419 que cada instante estás viendo
61 425 503 466 en el jardin de las letras
63 474 595 511 de estas flores un sin cuento,
53 523 557 565 sin tomar en sus olores
766 224 1213 260 un pequeño fundamento)
765 271 1288 308 no, no has de tener disculpa
776 319 1160 356 en el juicio venidero,
771 366 1261 406 pues desprecias los auxilios
772 415 1267 452 que Dios dá cada momento.
775 463 1300 502 El nos conserve en su gracia
771 514 1241 554 y nos dé su Santo Reino.
671 1434 801 1589 FIN.
174 2217 941 2259 CARMONA.—1858.
183 2261 1299 2311 Imp: de D. Jósé M. Moreno, calle Juan de la Cabra n.°4.
