1765 2512
346 301 840 335 en su capital, que es Pavia,
348 347 790 382 uhbo un noble caballero,
335 395 785 430 allmado Angelio, que era
343 444 838 478 del Rey muy cercano deudo:
341 490 732 528 la reflexon aquí puede
343 538 795 577 medir quién era el sugeto.
346 588 751 622 Levantóse contra Italia
345 634 763 670 la Lombardía, y atento
336 682 802 721 el Rey, á su deudo llama,
337 731 778 768 y con su real juramento,
338 780 782 815 por general de su campo
342 827 850 865 lo votó, y en marcha puesto,
339 876 774 913 llegó á la vista de Ialia,
337 924 854 960 haciendo al primer encuentro
337 971 801 1009 que á su poder se rindiese
344 1018 929 1059 desde el grande hasta el pequeño.
338 1064 730 1106 Y al general italiano,
336 1116 729 1155 por audaz y desatento,
346 1162 774 1203 lo degolló, y de su casco
340 1212 822 1253 hizo un vaso bien pequeño,
339 1260 797 1296 memoria que de su muerte
335 1307 816 1348 fué desastrado instrumento,
341 1354 727 1392 y á una hija que tenia
335 1403 762 1443 se la llevó en cautiverio,
339 1451 710 1488 de la cual enamorado
348 1499 798 1541 quedó el general Angelio,
340 1547 778 1587 y la hermosa Rosimunda
333 1596 756 1634 gustosa en el casamiento
339 1645 809 1682 entró, quedando de esclav.
342 1691 797 1731 señora y dueña del dueño.
338 1740 716 1780 Retiróse á su Palacio,
335 1790 851 1828 y en honra, gloria y obsequio
339 1836 757 1875 de su conseguido enlace
328 1887 758 1923 y de su amor el acierto,
337 1933 812 1972 dispuso hacer un banquete,
331 1982 821 2020 y á su atencion concurrieron
337 2029 834 2070 los grandes de aquella Corte,
325 2078 737 2116 y rematando el festejo,
330 2126 770 2164 le dió gana á Rosimunda
324 2174 790 2213 de beber, y en el pequeño
332 2222 758 2262 vaso, casco de su padre,
320 2271 816 2310 lo dió el agua, asi diciendo:
1066 302 1498 341 bebe en la propia cabeza
1070 350 1556 390 de tu padre y de mi suegro.
1066 399 1490 437 Tanto sintió Rosimunda
1069 444 1538 486 este caso, que en silencio
1072 490 1524 534 lo pasó , mientras dispone
1064 540 1537 581 la venganza contra Angelio
1072 588 1530 630 su esposo, y á pocos dias,
1066 638 1494 678 convertido ya en veneno
1068 687 1464 727 mortal todo su cariño,
1061 732 1496 775 se valió de un escudero,
1074 779 1519 821 de quien mucha confianza
1063 829 1484 868 hizo para su mal hecho.
1072 876 1566 917 Y despues de mil promesas,
1068 922 1472 964 y varios ofrecimientos,
1066 972 1470 1011 le dijo : dale la muerte
1064 1020 1454 1059 á tu amo, y para ello
1062 1068 1494 1109 induce á mi mayordomo,
1067 1118 1516 1160 pero sabe que te advierto,
1068 1166 1516 1207 que está á peligro tu vida,
1069 1217 1531 1253 no quitándosela á Angelio.
1072 1263 1554 1299 Buscó el paje al mayordomo
1067 1312 1504 1351 cuyo nombre es Paradeo;
1071 1359 1434 1396 le dijo lo que pasaba,
1064 1411 1475 1446 y juntos se convinieron
1061 1457 1508 1491 en dar muerte al general;
1066 1503 1572 1540 y una siesta, cuando al sueño
1064 1551 1532 1587 estaba entregado, entraron
1066 1599 1584 1638 los dos con fuertes pertrechos,
1065 1647 1451 1682 y sin poder defenderse
1060 1696 1470 1732 allí la muerte le dieron,
1063 1744 1584 1780 quedando en las tres personas
1066 1792 1506 1828 bien escondido el secreto,
1066 1840 1492 1875 dando al comun una voz
1064 1889 1582 1925 en que inculpables los vieron,
1057 1935 1505 1971 que siempre los agresores
1056 1984 1528 2020 son de su maldad correos,
1066 2032 1448 2069 Y despues del funeral
1055 2080 1568 2120 correspondiente á su empleo;
1055 2128 1434 2165 y Rosimunda tambien
1058 2178 1416 2213 satisfecha por entero,
1047 2226 1487 2264 concertó despues casarse
1051 2277 1519 2313 con el mayordomo, siendo
