1752 2480
1126 153 1428 314 (Número 325.)
155 1302 1530 1345 ROMANCE EN QUE SE DA CUENTA Y DECLARA LA TRAGICA Y
586 1351 1107 1388 VERDADERA HISTORIA DE LA
268 1452 1398 1516 HERMOSA ROSIMUNDA.
153 1604 743 1640 Aunque la pluma en desmayos
158 1648 582 1687 manifiesta sentimientos,
158 1696 642 1737 y el corazon con deliquios,
168 1741 636 1786 quebrantoyy dolor intenso;
160 1791 576 1832 no por eso la memoria,
160 1838 616 1877 voluntad y entendimiento
160 1886 665 1927 dejan de darle á los hombres
156 1934 562 1976 noticia de este suceso,
164 1982 624 2022 interesando que el mundo
156 2030 624 2073 admita algun escarmiento,
156 2081 604 2122 y se contenga, mirando,
160 2130 694 2172 y no audaz busque el despeño.
150 2177 560 2214 Asi con toda atencion
152 2224 604 2266 todo viviente esté atento,
877 1609 1333 1645 oirán la mas rara historia
881 1657 1494 1696 que han dado al Orbé los tiempos,
875 1705 1490 1745 y á un incauto proceder.
876 1754 1483 1791 las penas que se sigüieron,
879 1801 1476 1841 que el mundo, como imprudente,
876 1848 1403 1889 fiero enemigo encubierto
878 1897 1476 1939 estimula á vil hazaña
879 1944 1484 1986 por ser despues pregonero;
879 1992 1475 2035 pero llevando por norte
874 2041 1454 2082 la misma verdad que emprendo,
876 2088 1408 2129 daré principio á esta historia:
874 2136 1372 2176 y asi digo, que en el reino
874 2184 1350 2226 de la hermosa Lombardía,
876 2235 1448 2282 pensil frondoso y ameno,
