1737 2508
371 215 704 251 Alerla jovenes ete.
243 259 689 294 Estas entre siete ú ocho
205 305 602 339 pagan una chica sala,
203 348 646 382 y con la ropa que visten
203 390 675 425 hacen de noche la cama:
199 434 693 468 las sayas son los colchones
200 478 696 512 con las mantillas se tapan;
208 523 652 556 estas no gastan puchero,
197 566 630 600 ni cazuela, ni cuchara,
204 610 644 643 porque en siendo medio dia
200 655 764 687 á cualquier bodegon marchan
199 699 653 730 y se sientan en la mesa,
201 741 662 774 piden lo que les da gana
201 785 686 818 callos, chanfaina, potage
203 829 655 862 y como en estos parajes
207 872 606 905 jamas arrieros faltan,
201 915 626 949 enredan conversacion,
202 960 710 993 les hacen cuatro monadas,
199 1003 676 1034 y de esto viene á resultar
203 1047 726 1081 que son ellos los que pagan.
383 1091 725 1124 Alerta jovenes, etc,
249 1133 720 1168 Y tambien los carreteros,
209 1179 694 1210 que es la gente mas ufana
203 1221 704 1254 que andan por los caminos
210 1266 650 1297 estos llegan de mañana
204 1309 668 1341 á Madrid, y al medio dia
210 1352 635 1384 ya tienen la cita dada,
212 1396 706 1431 el cómo, la casa y cuando,
209 1440 687 1474 donde han de ir á pillarla;
208 1483 710 1517 no entiendan de que es la mona
206 1526 656 1560 ni del sueño la jornada.
214 1570 730 1606 que es la niña muy bonita,
216 1614 616 1648 cariñosa y currutaca,
210 1658 746 1694 que unos llaman la gachona,
215 1703 688 1737 otros la llaman hermana,
209 1747 688 1779 otros la llaman morena,
215 1789 631 1822 otros la llaman salada
206 1832 724 1866 y otros la llaman demonio
215 1876 740 1910 cuando les dejan sin blanca
387 1921 738 1954 Alerta jóvenes, etc.
252 1964 692 1996 Luego salen de Madrid
212 2007 670 2040 Los carreteros de fama
209 2051 680 2083 contándose unos á otros
206 2094 670 2129 sus regocijos y hazañas:
214 2139 624 2173 uno le dice, ¿que tal,
214 2183 803 2218 se ha portado bien la hermana?
218 2225 714 2260 otro responde, y Manuela
216 2270 685 2304 ¿qué te dijo esta mañana?
218 2313 720 2347 ¿qué me dijo? que Juanillo
210 2356 704 2393 iba ayer tarde con Juana;
914 209 1410 243 ese es el que no le gusta,
915 253 1379 291 y en fin, en esto remata
924 298 1390 330 uno dice que está malo,
927 341 1359 375 otro que poco le falta,
922 384 1345 418 otro dice con secreto;
927 425 1441 462 yo no puedo entrar en casa
936 470 1487 506 porque voy algo indispuesto,
928 513 1471 548 y á cargar voy á otra banda
929 556 1405 593 á ver si me pongo bueno
925 600 1415 640 que no lo conozca el ama.
1079 644 1433 679 Alerta jóvenes, etc.
966 687 1429 724 No entienda que es uno solo
926 731 1437 769 al que estas cosas le pasan,
931 775 1408 813 que son á todos los mas,
939 821 1453 856 los que por caminos anda,
931 865 1339 899 arrieros y carreteros,
923 909 1409 945 y en fin gente aficionada
925 953 1308 988 al jaleo y á las tias, ganan:
927 997 1421 1033 y á gastar mas que ellos
930 1041 1420 1074 asi se quedan sin mulas:
931 1086 1445 1119 y asi alguna tienen, mala,
934 1128 1330 1162 el carro víejo y fiado
934 1172 1480 1208 en fin, todo es una trampa,
935 1216 1346 1249 y sus hijos ayunando,
933 1260 1362 1293 su muger hilando lana
942 1305 1412 1338 para juntar para un pan:
935 1346 1412 1381 y al cabo de esta jornada
930 1392 1440 1428 llega á casa sin un cuarto,
936 1436 1400 1472 la ropa muy derrotada,
940 1479 1358 1512 y todo lleno de piojos
934 1525 1439 1559 con lo demas que se calla.
1115 1567 1475 1602 Alerta jóvenes, etc.
981 1611 1476 1645 Muchas de estas por el dia
936 1655 1374 1688 no suelen salir de casa
929 1699 1397 1732 hasta que llega la noche
941 1743 1438 1777 que buscan donde pegarla:
939 1787 1364 1819 sus paseos siempre son
944 1831 1354 1865 olazuela de la Cebada,
938 1875 1356 1907 bodegones y cuarteles;
932 1918 1362 1951 las tabernas y posadas,
939 1962 1414 1994 y tambien dan sus paseos
936 2005 1358 2038 por toda la Cava Baja,
935 2051 1414 2082 la Plaza y Puerta del Sol,
940 2093 1438 2126 el Rastro, Puerta Cerrada,
941 2137 1409 2170 y tambien la Fuentecilla,
940 2181 1520 2212 que ellas por nombre la llaman
942 2224 1354 2257 el café de los Paletos,
974 2268 1452 2300 á quienes los cuartos sacan.
1111 2312 1471 2345 Alertas jóvenes, etc.
976 2356 1444 2390 Tambien el embarcadero
