<?xml version="1.0" encoding="UTF-8" standalone="yes"?>
<PcGts xmlns="http://schema.primaresearch.org/PAGE/gts/pagecontent/2013-07-15" xmlns:xsi="http://www.w3.org/2001/XMLSchema-instance" xsi:schemaLocation="http://schema.primaresearch.org/PAGE/gts/pagecontent/2013-07-15 http://schema.primaresearch.org/PAGE/gts/pagecontent/2013-07-15/pagecontent.xsd">
    <Metadata>
        <Creator>prov=University of Rostock/Institute of Mathematics/CITlab|PLANET AI GmbH/Gundram Leifert/gundram.leifert@planet-ai.de:name=Pliegos de Cordel (XIXe) - v3(htr_id=26984)::::v=2.6.7
prov=University of Rostock/Institute of Mathematics/CITlab|PLANET AI GmbH/Tobias Gruening/tobias.gruening@planet-ai.de:name=de.uros.citlab.module.baseline2polygon.B2PSeamMultiOriented:v=2.6.7
prov=University of Rostock/Institute of Mathematics/CITlab|PLANET AI GmbH/Tobias Gruening/tobias.gruening@planet-ai.de:name=/net_tf/LA73_249_0mod360.pb:de.uros.citlab.segmentation.CITlab_LA_ML:v=2.6.7
Transkribus</Creator>
        <Created>2020-10-21T15:26:49.580+02:00</Created>
        <LastChange>2020-10-22T14:28:15.068+02:00</LastChange>
        <TranskribusMetadata docId="523010" pageId="22257128" pageNr="36" tsid="46597471" status="DONE" userId="66244" imgUrl="https://files.transkribus.eu/Get?id=CJCKQWXBYOUNFMZIBBGSLEUW&amp;fileType=view" xmlUrl="https://files.transkribus.eu/Get?id=PMPYUVODTHELSUMUWWQAMVXG" imageId="17335530"/>
    </Metadata>
    <Page imageFilename="Moreno_018_4.jpg" imageWidth="1765" imageHeight="2512">
        <ReadingOrder>
            <OrderedGroup id="ro_1606487418352" caption="Regions reading order">
                <RegionRefIndexed index="0" regionRef="r1"/>
            </OrderedGroup>
        </ReadingOrder>
        <TextRegion orientation="0.0" id="r1" custom="readingOrder {index:0;}">
            <Coords points="155,241 155,2453 1613,2453 1613,241"/>
            <TextLine id="r1l2" custom="readingOrder {index:0;}">
                <Coords points="155,301 180,301 205,301 230,300 255,300 280,299 305,298 330,298 355,297 381,296 406,295 431,295 456,294 481,294 506,294 531,294 556,294 581,294 607,294 607,263 581,263 556,263 531,263 506,263 481,263 456,263 431,264 406,264 381,265 355,266 330,267 305,267 280,268 255,269 230,269 205,270 180,270 155,270"/>
                <Baseline points="155,291 180,291 205,291 230,290 255,290 280,289 305,288 330,288 355,287 381,286 406,285 431,285 456,284 481,284 506,284 531,284 556,284 581,284 607,284"/>
                <TextEquiv>
                    <Unicode>á la Fuentecilla llaman,</Unicode>
                </TextEquiv>
            </TextLine>
            <TextLine id="r1l4" custom="readingOrder {index:1;}">
                <Coords points="159,347 184,346 210,346 235,345 261,344 287,344 312,343 338,342 364,342 389,341 415,340 441,340 466,339 492,338 518,338 543,337 569,336 595,336 620,335 646,335 672,334 672,304 646,305 620,305 595,306 569,306 543,307 518,308 492,308 466,309 441,310 415,310 389,311 364,312 338,312 312,313 287,314 261,314 235,315 210,316 184,316 159,317"/>
                <Baseline points="159,337 184,336 210,336 235,335 261,334 287,334 312,333 338,332 364,332 389,331 415,330 441,330 466,329 492,328 518,328 543,327 569,326 595,326 620,325 646,325 672,324"/>
                <TextEquiv>
                    <Unicode>porque al dar las oraciones</Unicode>
                </TextEquiv>
            </TextLine>
            <TextLine id="r1l6" custom="readingOrder {index:2;}">
                <Coords points="159,389 184,389 210,389 235,388 261,387 286,387 312,386 338,385 363,385 389,384 414,383 440,383 465,382 491,381 517,381 542,381 568,380 593,380 619,380 645,380 645,350 619,350 593,350 568,350 542,351 517,351 491,351 465,352 440,353 414,353 389,354 363,355 338,355 312,356 286,357 261,357 235,358 210,359 184,359 159,359"/>
                <Baseline points="159,379 184,379 210,379 235,378 261,377 286,377 312,376 338,375 363,375 389,374 414,373 440,373 465,372 491,371 517,371 542,371 568,370 593,370 619,370 645,370"/>
                <TextEquiv>
                    <Unicode>embarcan y desembarcan;</Unicode>
                </TextEquiv>
            </TextLine>
            <TextLine id="r1l8" custom="readingOrder {index:3;}">
                <Coords points="157,433 182,433 207,433 232,432 258,432 283,431 308,430 334,429 359,429 384,428 410,427 435,426 460,426 485,425 511,425 536,425 561,425 587,425 612,425 637,425 663,426 663,395 637,394 612,394 587,394 561,394 536,394 511,394 485,394 460,395 435,395 410,396 384,397 359,398 334,398 308,399 283,400 258,401 232,401 207,402 182,402 157,402"/>
                <Baseline points="157,423 182,423 207,423 232,422 258,422 283,421 308,420 334,419 359,419 384,418 410,417 435,416 460,416 485,415 511,415 536,415 561,415 587,415 612,415 637,415 663,416"/>
                <TextEquiv>
                    <Unicode>alli se arman mil tertulias,</Unicode>
                </TextEquiv>
            </TextLine>
            <TextLine id="r1l10" custom="readingOrder {index:4;}">
                <Coords points="160,476 186,476 212,476 239,476 265,476 291,475 318,474 344,473 371,472 397,471 423,471 450,470 476,469 502,469 529,469 555,469 582,470 582,439 555,438 529,438 502,438 476,438 450,439 423,440 397,440 371,441 344,442 318,443 291,444 265,445 239,445 212,445 186,445 160,445"/>
                <Baseline points="160,466 186,466 212,466 239,466 265,466 291,465 318,464 344,463 371,462 397,461 423,461 450,460 476,459 502,459 529,459 555,459 582,460"/>
                <TextEquiv>
                    <Unicode>de paciegas, catalanas;</Unicode>
                </TextEquiv>
            </TextLine>
            <TextLine id="r1l12" custom="readingOrder {index:5;}">
                <Coords points="169,519 195,519 221,519 247,519 273,518 299,518 325,517 351,516 377,516 403,515 429,515 455,514 481,514 507,514 533,514 533,483 507,483 481,483 455,483 429,484 403,484 377,485 351,485 325,486 299,487 273,487 247,488 221,488 195,488 169,488"/>
                <Baseline points="169,509 195,509 221,509 247,509 273,508 299,508 325,507 351,506 377,506 403,505 429,505 455,504 481,504 507,504 533,504"/>
                <TextEquiv>
                    <Unicode>vizcainas y gallegas;</Unicode>
                </TextEquiv>
            </TextLine>
            <TextLine id="r1l14" custom="readingOrder {index:6;}">
                <Coords points="157,566 182,565 207,565 233,564 258,563 283,562 309,562 334,561 359,560 385,559 410,558 436,558 461,557 486,557 512,557 537,557 562,557 588,558 613,558 639,559 639,529 613,528 588,528 562,527 537,527 512,527 486,527 461,527 436,528 410,528 385,529 359,530 334,531 309,532 283,532 258,533 233,534 207,535 182,535 157,536"/>
                <Baseline points="157,556 182,555 207,555 233,554 258,553 283,552 309,552 334,551 359,550 385,549 410,548 436,548 461,547 486,547 512,547 537,547 562,547 588,548 613,548 639,549"/>
                <TextEquiv>
                    <Unicode>portuguesas, valencianas,</Unicode>
                </TextEquiv>
            </TextLine>
            <TextLine id="r1l16" custom="readingOrder {index:7;}">
                <Coords points="159,607 184,607 209,607 234,607 259,606 284,606 309,605 334,605 359,604 384,603 409,603 434,603 459,602 484,602 509,602 534,602 559,602 585,603 585,573 559,572 534,572 509,572 484,572 459,572 434,573 409,573 384,573 359,574 334,575 309,575 284,576 259,576 234,577 209,577 184,577 159,577"/>
                <Baseline points="159,597 184,597 209,597 234,597 259,596 284,596 309,595 334,595 359,594 384,593 409,593 434,593 459,592 484,592 509,592 534,592 559,592 585,593"/>
                <TextEquiv>
                    <Unicode>andaluzas, manchegas,</Unicode>
                </TextEquiv>
            </TextLine>
            <TextLine id="r1l18" custom="readingOrder {index:8;}">
                <Coords points="162,652 187,651 212,651 237,651 262,650 287,649 312,648 337,648 362,647 388,646 413,646 438,645 463,645 488,645 513,645 538,645 563,645 589,646 589,616 563,615 538,615 513,615 488,615 463,615 438,615 413,616 388,616 362,617 337,618 312,618 287,619 262,620 237,621 212,621 187,621 162,622"/>
                <Baseline points="162,642 187,641 212,641 237,641 262,640 287,639 312,638 337,638 362,637 388,636 413,636 438,635 463,635 488,635 513,635 538,635 563,635 589,636"/>
                <TextEquiv>
                    <Unicode>aragonesas, murcianas,</Unicode>
                </TextEquiv>
            </TextLine>
            <TextLine id="r1l20" custom="readingOrder {index:9;}">
                <Coords points="167,693 193,693 219,693 245,693 271,693 298,692 324,692 350,692 376,691 403,691 429,690 455,690 481,690 508,690 534,690 560,690 586,690 613,690 613,660 586,660 560,660 534,660 508,660 481,660 455,660 429,660 403,661 376,661 350,662 324,662 298,662 271,663 245,663 219,663 193,663 167,663"/>
                <Baseline points="167,683 193,683 219,683 245,683 271,683 298,682 324,682 350,682 376,681 403,681 429,680 455,680 481,680 508,680 534,680 560,680 586,680 613,680"/>
                <TextEquiv>
                    <Unicode>estremeñas, madrileñas,</Unicode>
                </TextEquiv>
            </TextLine>
            <TextLine id="r1l22" custom="readingOrder {index:10;}">
                <Coords points="164,737 190,738 216,738 243,737 269,737 295,737 322,736 348,735 375,735 401,734 427,734 454,733 480,733 506,733 533,733 559,733 586,734 586,704 559,703 533,703 506,703 480,703 454,703 427,704 401,704 375,705 348,705 322,706 295,707 269,707 243,707 216,708 190,708 164,707"/>
                <Baseline points="164,727 190,728 216,728 243,727 269,727 295,727 322,726 348,725 375,725 401,724 427,724 454,723 480,723 506,723 533,723 559,723 586,724"/>
                <TextEquiv>
                    <Unicode>toledanas, castellanas,</Unicode>
                </TextEquiv>
            </TextLine>
            <TextLine id="r1l24" custom="readingOrder {index:11;}">
                <Coords points="167,784 192,783 218,782 244,782 269,781 295,780 321,780 346,779 372,779 398,778 423,777 449,777 475,777 500,776 526,776 552,776 577,776 603,775 629,776 655,776 655,746 629,746 603,745 577,746 552,746 526,746 500,746 475,747 449,747 423,747 398,748 372,749 346,749 321,750 295,750 269,751 244,752 218,752 192,753 167,754"/>
                <Baseline points="167,774 192,773 218,772 244,772 269,771 295,770 321,770 346,769 372,769 398,768 423,767 449,767 475,767 500,766 526,766 552,766 577,766 603,765 629,766 655,766"/>
                <TextEquiv>
                    <Unicode>y hasta navarras tambien,</Unicode>
                </TextEquiv>
            </TextLine>
            <TextLine id="r1l26" custom="readingOrder {index:12;}">
                <Coords points="161,832 187,829 213,828 240,826 266,825 292,824 319,823 345,822 372,822 398,821 424,821 451,821 477,821 503,821 530,820 556,820 583,820 583,790 556,790 530,790 503,791 477,791 451,791 424,791 398,791 372,792 345,792 319,793 292,794 266,795 240,796 213,798 187,799 161,802"/>
                <Baseline points="161,822 187,819 213,818 240,816 266,815 292,814 319,813 345,812 372,812 398,811 424,811 451,811 477,811 503,811 530,810 556,810 583,810"/>
                <TextEquiv>
                    <Unicode>y creo hasta italianas;</Unicode>
                </TextEquiv>
            </TextLine>
            <TextLine id="r1l28" custom="readingOrder {index:13;}">
                <Coords points="167,870 193,869 219,869 246,868 272,868 299,867 325,867 351,866 378,866 404,865 431,865 457,864 483,864 510,863 536,863 563,863 589,862 615,862 642,862 668,861 695,861 695,831 668,831 642,832 615,832 589,832 563,833 536,833 510,833 483,834 457,834 431,835 404,835 378,836 351,836 325,837 299,837 272,838 246,838 219,839 193,839 167,840"/>
                <Baseline points="167,860 193,859 219,859 246,858 272,858 299,857 325,857 351,856 378,856 404,855 431,855 457,854 483,854 510,853 536,853 563,853 589,852 615,852 642,852 668,851 695,851"/>
                <TextEquiv>
                    <Unicode>porque los tiempos de atras</Unicode>
                </TextEquiv>
            </TextLine>
            <TextLine id="r1l30" custom="readingOrder {index:14;}">
                <Coords points="168,914 193,913 218,912 244,912 269,911 294,911 320,910 345,910 371,909 396,909 421,908 447,908 472,908 498,907 523,907 548,907 574,907 599,907 625,906 625,876 599,877 574,877 548,877 523,877 498,877 472,878 447,878 421,878 396,879 371,879 345,880 320,880 294,881 269,881 244,882 218,882 193,883 168,884"/>
                <Baseline points="168,904 193,903 218,902 244,902 269,901 294,901 320,900 345,900 371,899 396,899 421,898 447,898 472,898 498,897 523,897 548,897 574,897 599,897 625,896"/>
                <TextEquiv>
                    <Unicode>han traido una ensalada,</Unicode>
                </TextEquiv>
            </TextLine>
            <TextLine id="r1l34" custom="readingOrder {index:15;}">
                <Coords points="171,956 197,956 224,956 250,956 277,955 303,955 330,954 356,953 383,953 409,952 436,952 462,951 489,950 515,950 542,950 568,950 595,949 621,949 648,950 674,950 701,950 701,920 674,920 648,920 621,919 595,919 568,920 542,920 515,920 489,920 462,921 436,922 409,922 383,923 356,923 330,924 303,925 277,925 250,926 224,926 197,926 171,926"/>
                <Baseline points="171,946 197,946 224,946 250,946 277,945 303,945 330,944 356,943 383,943 409,942 436,942 462,941 489,940 515,940 542,940 568,940 595,939 621,939 648,940 674,940 701,940"/>
                <TextEquiv>
                    <Unicode>se entiende, de todas yerbas,</Unicode>
                </TextEquiv>
            </TextLine>
            <TextLine id="r1l37" custom="readingOrder {index:16;}">
                <Coords points="174,1000 199,1000 224,999 249,999 274,999 299,998 325,998 350,997 375,997 400,996 425,996 451,995 476,995 501,994 526,994 551,994 577,993 577,962 551,963 526,963 501,963 476,964 451,964 425,965 400,965 375,966 350,966 325,967 299,967 274,968 249,968 224,968 199,969 174,969"/>
                <Baseline points="174,990 199,990 224,989 249,989 274,989 299,988 325,988 350,987 375,987 400,986 425,986 451,985 476,985 501,984 526,984 551,984 577,983"/>
                <TextEquiv>
                    <Unicode>y las pobretas cuitadas</Unicode>
                </TextEquiv>
            </TextLine>
            <TextLine id="r1l39" custom="readingOrder {index:17;}">
                <Coords points="170,1044 195,1044 220,1043 245,1042 271,1042 296,1042 321,1041 347,1041 372,1041 397,1040 423,1040 448,1040 473,1039 499,1039 524,1039 549,1038 575,1038 600,1037 625,1037 651,1036 651,1005 625,1006 600,1006 575,1007 549,1007 524,1008 499,1008 473,1008 448,1009 423,1009 397,1009 372,1010 347,1010 321,1010 296,1011 271,1011 245,1011 220,1012 195,1013 170,1013"/>
                <Baseline points="170,1034 195,1034 220,1033 245,1032 271,1032 296,1032 321,1031 347,1031 372,1031 397,1030 423,1030 448,1030 473,1029 499,1029 524,1029 549,1028 575,1028 600,1027 625,1027 651,1026"/>
                <TextEquiv>
                    <Unicode>á Madrid se han refugiado</Unicode>
                </TextEquiv>
            </TextLine>
            <TextLine id="r1l41" custom="readingOrder {index:18;}">
                <Coords points="169,1088 195,1088 222,1088 249,1087 276,1087 302,1086 329,1086 356,1085 383,1085 409,1084 436,1084 463,1084 490,1083 516,1083 543,1082 570,1082 597,1082 623,1081 650,1081 677,1080 704,1080 704,1049 677,1049 650,1050 623,1050 597,1051 570,1051 543,1051 516,1052 490,1052 463,1053 436,1053 409,1053 383,1054 356,1054 329,1055 302,1055 276,1056 249,1056 222,1057 195,1057 169,1057"/>
                <Baseline points="169,1078 195,1078 222,1078 249,1077 276,1077 302,1076 329,1076 356,1075 383,1075 409,1074 436,1074 463,1074 490,1073 516,1073 543,1072 570,1072 597,1072 623,1071 650,1071 677,1070 704,1070"/>
                <TextEquiv>
                    <Unicode>hasta que salga otra ganga.</Unicode>
                </TextEquiv>
            </TextLine>
            <TextLine id="r1l44" custom="readingOrder {index:19;}">
                <Coords points="343,1128 369,1128 396,1127 422,1127 449,1126 476,1126 502,1125 529,1125 556,1125 582,1125 609,1126 636,1127 636,1096 609,1095 582,1094 556,1094 529,1094 502,1094 476,1095 449,1095 422,1096 396,1096 369,1097 343,1097"/>
                <Baseline points="343,1118 369,1118 396,1117 422,1117 449,1116 476,1116 502,1115 529,1115 556,1115 582,1115 609,1116 636,1117"/>
                <TextEquiv>
                    <Unicode>Alerta jóvenes, etc.</Unicode>
                </TextEquiv>
            </TextLine>
            <TextLine id="r1l46" custom="readingOrder {index:20;}">
                <Coords points="221,1174 246,1174 272,1174 297,1174 323,1174 348,1174 374,1173 399,1172 425,1172 451,1171 476,1171 502,1170 527,1170 553,1170 578,1169 604,1170 630,1170 630,1139 604,1139 578,1138 553,1139 527,1139 502,1139 476,1140 451,1140 425,1141 399,1141 374,1142 348,1143 323,1143 297,1143 272,1143 246,1143 221,1143"/>
                <Baseline points="221,1164 246,1164 272,1164 297,1164 323,1164 348,1164 374,1163 399,1162 425,1162 451,1161 476,1161 502,1160 527,1160 553,1160 578,1159 604,1160 630,1160"/>
                <TextEquiv>
                    <Unicode>Un gallegito, señores,</Unicode>
                </TextEquiv>
            </TextLine>
            <TextLine id="r1l49" custom="readingOrder {index:21;}">
                <Coords points="171,1219 197,1219 223,1218 250,1217 276,1217 302,1217 329,1216 355,1216 381,1216 408,1216 434,1215 460,1215 487,1215 513,1214 539,1214 566,1213 592,1212 619,1211 619,1180 592,1181 566,1182 539,1183 513,1183 487,1184 460,1184 434,1184 408,1185 381,1185 355,1185 329,1185 302,1186 276,1186 250,1186 223,1187 197,1188 171,1188"/>
                <Baseline points="171,1209 197,1209 223,1208 250,1207 276,1207 302,1207 329,1206 355,1206 381,1206 408,1206 434,1205 460,1205 487,1205 513,1204 539,1204 566,1203 592,1202 619,1201"/>
                <TextEquiv>
                    <Unicode>se encontro una grande ganga</Unicode>
                </TextEquiv>
            </TextLine>
            <TextLine id="r1l51" custom="readingOrder {index:22;}">
                <Coords points="175,1263 200,1262 225,1262 250,1261 275,1261 300,1261 325,1260 350,1260 375,1259 400,1259 426,1259 451,1258 476,1258 501,1257 526,1257 551,1257 576,1257 601,1256 626,1256 651,1256 677,1255 677,1224 651,1225 626,1225 601,1225 576,1226 551,1226 526,1226 501,1226 476,1227 451,1227 426,1228 400,1228 375,1228 350,1229 325,1229 300,1230 275,1230 250,1230 225,1231 200,1231 175,1232"/>
                <Baseline points="175,1253 200,1252 225,1252 250,1251 275,1251 300,1251 325,1250 350,1250 375,1249 400,1249 426,1249 451,1248 476,1248 501,1247 526,1247 551,1247 576,1247 601,1246 626,1246 651,1246 677,1245"/>
                <TextEquiv>
                    <Unicode>con una de estas que digo</Unicode>
                </TextEquiv>
            </TextLine>
            <TextLine id="r1l53" custom="readingOrder {index:23;}">
                <Coords points="182,1308 207,1307 233,1307 259,1306 285,1305 311,1304 337,1304 363,1303 389,1302 415,1302 441,1301 467,1301 493,1300 519,1300 545,1300 571,1300 597,1300 623,1300 649,1301 675,1301 675,1270 649,1270 623,1269 597,1269 571,1269 545,1269 519,1269 493,1269 467,1270 441,1270 415,1271 389,1271 363,1272 337,1273 311,1273 285,1274 259,1275 233,1276 207,1276 182,1277"/>
                <Baseline points="182,1298 207,1297 233,1297 259,1296 285,1295 311,1294 337,1294 363,1293 389,1292 415,1292 441,1291 467,1291 493,1290 519,1290 545,1290 571,1290 597,1290 623,1290 649,1291 675,1291"/>
                <TextEquiv>
                    <Unicode>que fué con ella á su casa,</Unicode>
                </TextEquiv>
            </TextLine>
            <TextLine id="r1l55" custom="readingOrder {index:24;}">
                <Coords points="175,1353 200,1352 225,1351 250,1350 275,1349 300,1348 325,1347 350,1346 375,1346 400,1345 426,1345 451,1344 476,1344 501,1344 526,1344 551,1343 576,1343 601,1344 626,1344 651,1344 677,1344 677,1314 651,1314 626,1314 601,1314 576,1313 551,1313 526,1314 501,1314 476,1314 451,1314 426,1315 400,1315 375,1316 350,1316 325,1317 300,1318 275,1319 250,1320 225,1321 200,1322 175,1323"/>
                <Baseline points="175,1343 200,1342 225,1341 250,1340 275,1339 300,1338 325,1337 350,1336 375,1336 400,1335 426,1335 451,1334 476,1334 501,1334 526,1334 551,1333 576,1333 601,1334 626,1334 651,1334 677,1334"/>
                <TextEquiv>
                    <Unicode>y haciendole cuatro fiestas,</Unicode>
                </TextEquiv>
            </TextLine>
            <TextLine id="r1l57" custom="readingOrder {index:25;}">
                <Coords points="173,1395 199,1395 225,1393 251,1393 277,1392 303,1392 329,1391 355,1391 381,1390 408,1390 434,1389 460,1389 486,1389 512,1388 538,1388 564,1388 590,1387 617,1387 617,1357 590,1357 564,1358 538,1358 512,1358 486,1359 460,1359 434,1359 408,1360 381,1360 355,1361 329,1361 303,1362 277,1362 251,1363 225,1363 199,1365 173,1365"/>
                <Baseline points="173,1385 199,1385 225,1383 251,1383 277,1382 303,1382 329,1381 355,1381 381,1380 408,1380 434,1379 460,1379 486,1379 512,1378 538,1378 564,1378 590,1377 617,1377"/>
                <TextEquiv>
                    <Unicode>mil cariños y monadas,</Unicode>
                </TextEquiv>
            </TextLine>
            <TextLine id="r1l59" custom="readingOrder {index:26;}">
                <Coords points="183,1437 208,1437 233,1437 258,1437 283,1437 308,1436 333,1436 358,1435 383,1435 408,1434 434,1433 459,1433 484,1432 509,1432 534,1431 559,1431 584,1431 609,1431 634,1431 659,1431 685,1432 685,1401 659,1400 634,1400 609,1400 584,1400 559,1400 534,1400 509,1401 484,1401 459,1402 434,1402 408,1403 383,1404 358,1404 333,1405 308,1405 283,1406 258,1406 233,1406 208,1406 183,1406"/>
                <Baseline points="183,1427 208,1427 233,1427 258,1427 283,1427 308,1426 333,1426 358,1425 383,1425 408,1424 434,1423 459,1423 484,1422 509,1422 534,1421 559,1421 584,1421 609,1421 634,1421 659,1421 685,1422"/>
                <TextEquiv>
                    <Unicode>y bebiendo algun traguillo,</Unicode>
                </TextEquiv>
            </TextLine>
            <TextLine id="r1l61" custom="readingOrder {index:27;}">
                <Coords points="184,1482 210,1481 236,1480 263,1480 289,1479 316,1479 342,1478 369,1478 395,1477 422,1477 448,1477 475,1476 501,1476 528,1476 554,1475 581,1475 581,1444 554,1444 528,1445 501,1445 475,1445 448,1446 422,1446 395,1446 369,1447 342,1447 316,1448 289,1448 263,1449 236,1449 210,1450 184,1451"/>
                <Baseline points="184,1472 210,1471 236,1470 263,1470 289,1469 316,1469 342,1468 369,1468 395,1467 422,1467 448,1467 475,1466 501,1466 528,1466 554,1465 581,1465"/>
                <TextEquiv>
                    <Unicode>al pobrecito del alma</Unicode>
                </TextEquiv>
            </TextLine>
            <TextLine id="r1l63" custom="readingOrder {index:28;}">
                <Coords points="183,1525 209,1525 236,1524 263,1524 290,1523 317,1523 344,1522 370,1522 397,1521 424,1520 451,1520 478,1520 505,1519 532,1519 558,1519 585,1518 612,1518 639,1518 666,1518 693,1518 720,1518 720,1487 693,1487 666,1487 639,1487 612,1487 585,1487 558,1488 532,1488 505,1488 478,1489 451,1489 424,1489 397,1490 370,1491 344,1491 317,1492 290,1492 263,1493 236,1493 209,1494 183,1494"/>
                <Baseline points="183,1515 209,1515 236,1514 263,1514 290,1513 317,1513 344,1512 370,1512 397,1511 424,1510 451,1510 478,1510 505,1509 532,1509 558,1509 585,1508 612,1508 639,1508 666,1508 693,1508 720,1508"/>
                <TextEquiv>
                    <Unicode>le ablando mas que una cera;</Unicode>
                </TextEquiv>
            </TextLine>
            <TextLine id="r1l65" custom="readingOrder {index:29;}">
                <Coords points="185,1569 211,1569 237,1568 263,1567 289,1567 315,1566 341,1565 367,1565 393,1564 419,1564 445,1563 471,1563 497,1563 523,1563 549,1563 575,1563 601,1563 627,1563 627,1532 601,1532 575,1532 549,1532 523,1532 497,1532 471,1532 445,1532 419,1533 393,1533 367,1534 341,1534 315,1535 289,1536 263,1536 237,1537 211,1538 185,1538"/>
                <Baseline points="185,1559 211,1559 237,1558 263,1557 289,1557 315,1556 341,1555 367,1555 393,1554 419,1554 445,1553 471,1553 497,1553 523,1553 549,1553 575,1553 601,1553 627,1553"/>
                <TextEquiv>
                    <Unicode>al cabo de esta jornada.</Unicode>
                </TextEquiv>
            </TextLine>
            <TextLine id="r1l67" custom="readingOrder {index:30;}">
                <Coords points="182,1612 207,1612 232,1612 258,1612 283,1611 309,1611 334,1610 359,1610 385,1609 410,1608 436,1607 461,1607 487,1606 512,1606 537,1605 563,1605 588,1605 614,1605 639,1606 665,1607 665,1576 639,1575 614,1574 588,1574 563,1574 537,1574 512,1575 487,1575 461,1576 436,1576 410,1577 385,1578 359,1579 334,1579 309,1580 283,1580 258,1581 232,1581 207,1581 182,1581"/>
                <Baseline points="182,1602 207,1602 232,1602 258,1602 283,1601 309,1601 334,1600 359,1600 385,1599 410,1598 436,1597 461,1597 487,1596 512,1596 537,1595 563,1595 588,1595 614,1595 639,1596 665,1597"/>
                <TextEquiv>
                    <Unicode>en fin, se quedo dormido;</Unicode>
                </TextEquiv>
            </TextLine>
            <TextLine id="r1l69" custom="readingOrder {index:31;}">
                <Coords points="191,1657 216,1656 241,1656 267,1656 292,1655 317,1654 343,1654 368,1653 394,1652 419,1651 444,1651 470,1650 495,1650 520,1650 546,1650 571,1651 597,1652 597,1622 571,1621 546,1620 520,1620 495,1620 470,1620 444,1621 419,1621 394,1622 368,1623 343,1624 317,1624 292,1625 267,1626 241,1626 216,1626 191,1627"/>
                <Baseline points="191,1647 216,1646 241,1646 267,1646 292,1645 317,1644 343,1644 368,1643 394,1642 419,1641 444,1641 470,1640 495,1640 520,1640 546,1640 571,1641 597,1642"/>
                <TextEquiv>
                    <Unicode>ella que esto deseaba,</Unicode>
                </TextEquiv>
            </TextLine>
            <TextLine id="r1l71" custom="readingOrder {index:32;}">
                <Coords points="187,1699 212,1700 238,1700 263,1699 289,1699 314,1699 340,1698 365,1697 391,1696 416,1696 442,1695 467,1694 493,1694 518,1694 544,1695 569,1695 595,1696 595,1666 569,1665 544,1665 518,1664 493,1664 467,1664 442,1665 416,1666 391,1666 365,1667 340,1668 314,1669 289,1669 263,1669 238,1670 212,1670 187,1669"/>
                <Baseline points="187,1689 212,1690 238,1690 263,1689 289,1689 314,1689 340,1688 365,1687 391,1686 416,1686 442,1685 467,1684 493,1684 518,1684 544,1685 569,1685 595,1686"/>
                <TextEquiv>
                    <Unicode>al instante le rejistra,</Unicode>
                </TextEquiv>
            </TextLine>
            <TextLine id="r1l73" custom="readingOrder {index:33;}">
                <Coords points="192,1744 217,1744 243,1743 269,1743 295,1742 321,1742 347,1741 373,1741 399,1740 425,1740 451,1739 477,1739 503,1739 529,1738 555,1738 581,1738 607,1738 633,1738 659,1738 659,1707 633,1707 607,1707 581,1707 555,1707 529,1707 503,1708 477,1708 451,1708 425,1709 399,1709 373,1710 347,1710 321,1711 295,1711 269,1712 243,1712 217,1713 192,1713"/>
                <Baseline points="192,1734 217,1734 243,1733 269,1733 295,1732 321,1732 347,1731 373,1731 399,1730 425,1730 451,1729 477,1729 503,1729 529,1728 555,1728 581,1728 607,1728 633,1728 659,1728"/>
                <TextEquiv>
                    <Unicode>todos los cuartos le saca,</Unicode>
                </TextEquiv>
            </TextLine>
            <TextLine id="r1l75" custom="readingOrder {index:34;}">
                <Coords points="185,1792 211,1790 237,1789 263,1788 289,1786 315,1786 341,1785 367,1784 393,1783 419,1783 445,1783 471,1782 497,1782 523,1782 549,1782 575,1781 575,1751 549,1752 523,1752 497,1752 471,1752 445,1753 419,1753 393,1753 367,1754 341,1755 315,1756 289,1756 263,1758 237,1759 211,1760 185,1762"/>
                <Baseline points="185,1782 211,1780 237,1779 263,1778 289,1776 315,1776 341,1775 367,1774 393,1773 419,1773 445,1773 471,1772 497,1772 523,1772 549,1772 575,1771"/>
                <TextEquiv>
                    <Unicode>y pillando su ropica</Unicode>
                </TextEquiv>
            </TextLine>
            <TextLine id="r1l77" custom="readingOrder {index:35;}">
                <Coords points="191,1831 216,1830 242,1830 268,1830 293,1829 319,1829 345,1828 370,1828 396,1827 422,1827 447,1826 473,1826 499,1825 524,1825 550,1825 576,1825 601,1824 627,1824 653,1824 679,1825 679,1795 653,1794 627,1794 601,1794 576,1795 550,1795 524,1795 499,1795 473,1796 447,1796 422,1797 396,1797 370,1798 345,1798 319,1799 293,1799 268,1800 242,1800 216,1800 191,1801"/>
                <Baseline points="191,1821 216,1820 242,1820 268,1820 293,1819 319,1819 345,1818 370,1818 396,1817 422,1817 447,1816 473,1816 499,1815 524,1815 550,1815 576,1815 601,1814 627,1814 653,1814 679,1815"/>
                <TextEquiv>
                    <Unicode>fuera de Madrid se larga:</Unicode>
                </TextEquiv>
            </TextLine>
            <TextLine id="r1l79" custom="readingOrder {index:36;}">
                <Coords points="189,1877 214,1876 239,1876 264,1875 289,1875 314,1874 340,1874 365,1873 390,1872 415,1871 440,1871 465,1870 491,1869 516,1869 541,1869 566,1868 591,1868 616,1868 642,1868 642,1837 616,1837 591,1837 566,1837 541,1838 516,1838 491,1838 465,1839 440,1840 415,1840 390,1841 365,1842 340,1843 314,1843 289,1844 264,1844 239,1845 214,1845 189,1846"/>
                <Baseline points="189,1867 214,1866 239,1866 264,1865 289,1865 314,1864 340,1864 365,1863 390,1862 415,1861 440,1861 465,1860 491,1859 516,1859 541,1859 566,1858 591,1858 616,1858 642,1858"/>
                <TextEquiv>
                    <Unicode>el gallego que despierta</Unicode>
                </TextEquiv>
            </TextLine>
            <TextLine id="r1l81" custom="readingOrder {index:37;}">
                <Coords points="189,1922 214,1921 240,1920 266,1918 292,1917 317,1917 343,1916 369,1915 395,1915 421,1914 446,1914 472,1914 498,1913 524,1913 550,1913 575,1912 601,1912 627,1912 653,1912 679,1911 679,1880 653,1881 627,1881 601,1881 575,1881 550,1882 524,1882 498,1882 472,1883 446,1883 421,1883 395,1884 369,1884 343,1885 317,1886 292,1886 266,1887 240,1889 214,1890 189,1891"/>
                <Baseline points="189,1912 214,1911 240,1910 266,1908 292,1907 317,1907 343,1906 369,1905 395,1905 421,1904 446,1904 472,1904 498,1903 524,1903 550,1903 575,1902 601,1902 627,1902 653,1902 679,1901"/>
                <TextEquiv>
                    <Unicode>y solo en la cama se halla</Unicode>
                </TextEquiv>
            </TextLine>
            <TextLine id="r1l83" custom="readingOrder {index:38;}">
                <Coords points="193,1968 218,1966 244,1965 270,1964 296,1962 321,1961 347,1960 373,1959 399,1959 425,1958 450,1958 476,1957 502,1957 528,1957 554,1956 579,1956 605,1956 631,1956 657,1956 683,1955 683,1925 657,1926 631,1926 605,1926 579,1926 554,1926 528,1927 502,1927 476,1927 450,1928 425,1928 399,1929 373,1929 347,1930 321,1931 296,1932 270,1934 244,1935 218,1936 193,1938"/>
                <Baseline points="193,1958 218,1956 244,1955 270,1954 296,1952 321,1951 347,1950 373,1949 399,1949 425,1948 450,1948 476,1947 502,1947 528,1947 554,1946 579,1946 605,1946 631,1946 657,1946 683,1945"/>
                <TextEquiv>
                    <Unicode>y la cama era una estera</Unicode>
                </TextEquiv>
            </TextLine>
            <TextLine id="r1l84" custom="readingOrder {index:39;}">
                <Coords points="199,2007 224,2006 249,2006 274,2006 299,2005 324,2005 349,2004 374,2004 399,2003 424,2003 449,2002 474,2001 499,2001 524,2000 549,2000 574,1999 599,1999 624,1999 649,2000 674,2000 674,1970 649,1970 624,1969 599,1969 574,1969 549,1970 524,1970 499,1971 474,1971 449,1972 424,1973 399,1973 374,1974 349,1974 324,1975 299,1975 274,1976 249,1976 224,1976 199,1977"/>
                <Baseline points="199,1997 224,1996 249,1996 274,1996 299,1995 324,1995 349,1994 374,1994 399,1993 424,1993 449,1992 474,1991 499,1991 524,1990 549,1990 574,1989 599,1989 624,1989 649,1990 674,1990"/>
                <TextEquiv>
                    <Unicode>con un pedazo de manta.</Unicode>
                </TextEquiv>
            </TextLine>
            <TextLine id="r1l86" custom="readingOrder {index:40;}">
                <Coords points="371,2047 396,2046 422,2046 448,2046 474,2045 500,2045 526,2044 552,2044 577,2044 603,2043 629,2043 655,2043 681,2044 707,2044 733,2044 733,2013 707,2013 681,2013 655,2012 629,2012 603,2012 577,2013 552,2013 526,2013 500,2014 474,2014 448,2015 422,2015 396,2015 371,2016"/>
                <Baseline points="371,2037 396,2036 422,2036 448,2036 474,2035 500,2035 526,2034 552,2034 577,2034 603,2033 629,2033 655,2033 681,2034 707,2034 733,2034"/>
                <TextEquiv>
                    <Unicode>Alerta jóvenes, etc.</Unicode>
                </TextEquiv>
            </TextLine>
            <TextLine id="r1l88" custom="readingOrder {index:41;}">
                <Coords points="234,2092 259,2091 285,2091 310,2091 336,2090 361,2090 387,2090 412,2089 438,2089 464,2088 489,2088 515,2088 540,2087 566,2087 591,2087 617,2086 642,2086 668,2086 694,2086 694,2055 668,2055 642,2055 617,2055 591,2056 566,2056 540,2056 515,2057 489,2057 464,2057 438,2058 412,2058 387,2059 361,2059 336,2059 310,2060 285,2060 259,2060 234,2061"/>
                <Baseline points="234,2082 259,2081 285,2081 310,2081 336,2080 361,2080 387,2080 412,2079 438,2079 464,2078 489,2078 515,2078 540,2077 566,2077 591,2077 617,2076 642,2076 668,2076 694,2076"/>
                <TextEquiv>
                    <Unicode>Viendose el gallego solo</Unicode>
                </TextEquiv>
            </TextLine>
            <TextLine id="r1l90" custom="readingOrder {index:42;}">
                <Coords points="203,2136 228,2136 253,2136 279,2136 304,2136 329,2135 355,2135 380,2135 405,2134 431,2134 456,2133 481,2132 507,2132 532,2131 557,2131 583,2130 608,2130 633,2130 659,2129 659,2098 633,2099 608,2099 583,2099 557,2100 532,2100 507,2101 481,2101 456,2102 431,2103 405,2103 380,2104 355,2104 329,2104 304,2105 279,2105 253,2105 228,2105 203,2105"/>
                <Baseline points="203,2126 228,2126 253,2126 279,2126 304,2126 329,2125 355,2125 380,2125 405,2124 431,2124 456,2123 481,2122 507,2122 532,2121 557,2121 583,2120 608,2120 633,2120 659,2119"/>
                <TextEquiv>
                    <Unicode>todo el cuarto rejistraba</Unicode>
                </TextEquiv>
            </TextLine>
            <TextLine id="r1l92" custom="readingOrder {index:43;}">
                <Coords points="199,2181 225,2181 251,2181 277,2181 303,2180 329,2180 355,2179 381,2179 407,2178 433,2178 459,2177 485,2176 511,2176 537,2175 563,2175 589,2174 615,2174 641,2174 667,2174 693,2174 719,2174 719,2143 693,2143 667,2143 641,2143 615,2143 589,2143 563,2144 537,2144 511,2145 485,2145 459,2146 433,2147 407,2147 381,2148 355,2148 329,2149 303,2149 277,2150 251,2150 225,2150 199,2150"/>
                <Baseline points="199,2171 225,2171 251,2171 277,2171 303,2170 329,2170 355,2169 381,2169 407,2168 433,2168 459,2167 485,2166 511,2166 537,2165 563,2165 589,2164 615,2164 641,2164 667,2164 693,2164 719,2164"/>
                <TextEquiv>
                    <Unicode>y echando mano al bolsillo</Unicode>
                </TextEquiv>
            </TextLine>
            <TextLine id="r1l93" custom="readingOrder {index:44;}">
                <Coords points="196,2224 222,2225 248,2225 274,2226 300,2226 326,2225 352,2225 378,2224 404,2223 431,2223 457,2222 483,2221 509,2220 535,2220 561,2220 587,2220 613,2220 639,2221 666,2222 666,2191 639,2190 613,2189 587,2189 561,2189 535,2189 509,2189 483,2190 457,2191 431,2192 404,2192 378,2193 352,2194 326,2194 300,2195 274,2195 248,2194 222,2194 196,2193"/>
                <Baseline points="196,2214 222,2215 248,2215 274,2216 300,2216 326,2215 352,2215 378,2214 404,2213 431,2213 457,2212 483,2211 509,2210 535,2210 561,2210 587,2210 613,2210 639,2211 666,2212"/>
                <TextEquiv>
                    <Unicode>al ver que sin el estaba,</Unicode>
                </TextEquiv>
            </TextLine>
            <TextLine id="r1l1" custom="readingOrder {index:45;}">
                <Coords points="881,287 906,286 931,285 956,284 981,282 1006,282 1031,280 1056,280 1081,279 1106,278 1131,277 1156,277 1181,276 1206,275 1231,274 1256,274 1281,273 1306,273 1331,272 1357,271 1357,241 1331,242 1306,243 1281,243 1256,244 1231,244 1206,245 1181,246 1156,247 1131,247 1106,248 1081,249 1056,250 1031,250 1006,252 981,252 956,254 931,255 906,256 881,257"/>
                <Baseline points="881,277 906,276 931,275 956,274 981,272 1006,272 1031,270 1056,270 1081,269 1106,268 1131,267 1156,267 1181,266 1206,265 1231,264 1256,264 1281,263 1306,263 1331,262 1357,261"/>
                <TextEquiv>
                    <Unicode>principió de esta manera:</Unicode>
                </TextEquiv>
            </TextLine>
            <TextLine id="r1l3" custom="readingOrder {index:46;}">
                <Coords points="881,327 907,327 933,327 959,327 985,326 1012,326 1038,325 1064,324 1090,323 1117,322 1143,322 1169,321 1195,320 1221,319 1248,318 1274,318 1300,318 1326,318 1353,318 1353,288 1326,288 1300,288 1274,288 1248,288 1221,289 1195,290 1169,291 1143,292 1117,292 1090,293 1064,294 1038,295 1012,296 985,296 959,297 933,297 907,297 881,297"/>
                <Baseline points="881,317 907,317 933,317 959,317 985,316 1012,316 1038,315 1064,314 1090,313 1117,312 1143,312 1169,311 1195,310 1221,309 1248,308 1274,308 1300,308 1326,308 1353,308"/>
                <TextEquiv>
                    <Unicode>válgame la Virgen Santa,</Unicode>
                </TextEquiv>
            </TextLine>
            <TextLine id="r1l5" custom="readingOrder {index:47;}">
                <Coords points="877,371 903,372 929,372 955,371 981,371 1007,370 1033,370 1060,369 1086,368 1112,367 1138,366 1164,365 1190,364 1217,363 1243,362 1269,361 1295,361 1321,360 1347,360 1374,360 1374,330 1347,330 1321,330 1295,331 1269,331 1243,332 1217,333 1190,334 1164,335 1138,336 1112,337 1086,338 1060,339 1033,340 1007,340 981,341 955,341 929,342 903,342 877,341"/>
                <Baseline points="877,361 903,362 929,362 955,361 981,361 1007,360 1033,360 1060,359 1086,358 1112,357 1138,356 1164,355 1190,354 1217,353 1243,352 1269,351 1295,351 1321,350 1347,350 1374,350"/>
                <TextEquiv>
                    <Unicode>de onza y media que tenia</Unicode>
                </TextEquiv>
            </TextLine>
            <TextLine id="r1l7" custom="readingOrder {index:48;}">
                <Coords points="889,415 915,415 942,414 969,414 996,413 1023,412 1049,412 1076,411 1103,410 1130,409 1157,409 1183,408 1210,407 1237,406 1264,406 1291,405 1317,405 1344,404 1371,404 1398,403 1425,403 1425,372 1398,372 1371,373 1344,373 1317,374 1291,374 1264,375 1237,375 1210,376 1183,377 1157,378 1130,378 1103,379 1076,380 1049,381 1023,381 996,382 969,383 942,383 915,384 889,384"/>
                <Baseline points="889,405 915,405 942,404 969,404 996,403 1023,402 1049,402 1076,401 1103,400 1130,399 1157,399 1183,398 1210,397 1237,396 1264,396 1291,395 1317,395 1344,394 1371,394 1398,393 1425,393"/>
                <TextEquiv>
                    <Unicode>no me ha dejado una blanca!</Unicode>
                </TextEquiv>
            </TextLine>
            <TextLine id="r1l9" custom="readingOrder {index:49;}">
                <Coords points="874,460 899,459 924,459 949,458 974,458 1000,457 1025,457 1050,456 1075,455 1100,454 1126,453 1151,453 1176,452 1201,451 1226,450 1252,450 1277,449 1302,448 1327,448 1353,447 1353,416 1327,417 1302,417 1277,418 1252,419 1226,419 1201,420 1176,421 1151,422 1126,422 1100,423 1075,424 1050,425 1025,426 1000,426 974,427 949,427 924,428 899,428 874,429"/>
                <Baseline points="874,450 899,449 924,449 949,448 974,448 1000,447 1025,447 1050,446 1075,445 1100,444 1126,443 1151,443 1176,442 1201,441 1226,440 1252,440 1277,439 1302,438 1327,438 1353,437"/>
                <TextEquiv>
                    <Unicode>fué y le contó á la casera</Unicode>
                </TextEquiv>
            </TextLine>
            <TextLine id="r1l11" custom="readingOrder {index:50;}">
                <Coords points="887,503 912,503 938,502 963,502 989,501 1015,501 1040,500 1066,500 1091,499 1117,498 1143,498 1168,497 1194,496 1219,495 1245,494 1271,493 1271,463 1245,464 1219,465 1194,466 1168,467 1143,468 1117,468 1091,469 1066,470 1040,470 1015,471 989,471 963,472 938,472 912,473 887,473"/>
                <Baseline points="887,493 912,493 938,492 963,492 989,491 1015,491 1040,490 1066,490 1091,489 1117,488 1143,488 1168,487 1194,486 1219,485 1245,484 1271,483"/>
                <TextEquiv>
                    <Unicode>todito lo que le pasa</Unicode>
                </TextEquiv>
            </TextLine>
            <TextLine id="r1l13" custom="readingOrder {index:51;}">
                <Coords points="887,550 913,549 940,548 967,547 994,545 1020,544 1047,543 1074,543 1101,541 1127,540 1154,539 1181,538 1208,537 1235,536 1235,506 1208,507 1181,508 1154,509 1127,510 1101,511 1074,513 1047,513 1020,514 994,515 967,517 940,518 913,519 887,520"/>
                <Baseline points="887,540 913,539 940,538 967,537 994,535 1020,534 1047,533 1074,533 1101,531 1127,530 1154,529 1181,528 1208,527 1235,526"/>
                <TextEquiv>
                    <Unicode>y la casara le dijo</Unicode>
                </TextEquiv>
            </TextLine>
            <TextLine id="r1l15" custom="readingOrder {index:52;}">
                <Coords points="887,595 916,593 946,592 975,590 1005,589 1034,588 1064,587 1093,586 1123,585 1152,584 1182,583 1211,582 1241,581 1270,580 1300,580 1329,579 1359,579 1388,578 1418,578 1447,577 1477,577 1477,546 1447,546 1418,547 1388,547 1359,548 1329,548 1300,549 1270,549 1241,550 1211,551 1182,552 1152,553 1123,554 1093,555 1064,556 1034,557 1005,558 975,559 946,561 916,562 887,564"/>
                <Baseline points="887,585 916,583 946,582 975,580 1005,579 1034,578 1064,577 1093,576 1123,575 1152,574 1182,573 1211,572 1241,571 1270,570 1300,570 1329,569 1359,569 1388,568 1418,568 1447,567 1477,567"/>
                <TextEquiv>
                    <Unicode>¿quien á mi el cuarto me paga?</Unicode>
                </TextEquiv>
            </TextLine>
            <TextLine id="r1l17" custom="readingOrder {index:53;}">
                <Coords points="883,640 910,639 937,637 964,635 991,634 1018,633 1045,632 1072,631 1099,630 1126,628 1154,628 1181,627 1208,626 1235,626 1262,625 1289,624 1316,624 1343,623 1370,622 1397,622 1425,621 1425,591 1397,592 1370,592 1343,593 1316,594 1289,594 1262,595 1235,596 1208,596 1181,597 1154,598 1126,598 1099,600 1072,601 1045,602 1018,603 991,604 964,605 937,607 910,609 883,610"/>
                <Baseline points="883,630 910,629 937,627 964,625 991,624 1018,623 1045,622 1072,621 1099,620 1126,618 1154,618 1181,617 1208,616 1235,616 1262,615 1289,614 1316,614 1343,613 1370,612 1397,612 1425,611"/>
                <TextEquiv>
                    <Unicode>y el dijo: alli hay una estera</Unicode>
                </TextEquiv>
            </TextLine>
            <TextLine id="r1l19" custom="readingOrder {index:54;}">
                <Coords points="889,678 914,678 939,678 964,678 989,678 1014,677 1039,676 1064,675 1089,674 1114,673 1140,672 1165,671 1190,670 1215,669 1240,668 1265,667 1290,667 1315,666 1340,666 1366,666 1366,636 1340,636 1315,636 1290,637 1265,637 1240,638 1215,639 1190,640 1165,641 1140,642 1114,643 1089,644 1064,645 1039,646 1014,647 989,648 964,648 939,648 914,648 889,648"/>
                <Baseline points="889,668 914,668 939,668 964,668 989,668 1014,667 1039,666 1064,665 1089,664 1114,663 1140,662 1165,661 1190,660 1215,659 1240,658 1265,657 1290,657 1315,656 1340,656 1366,656"/>
                <TextEquiv>
                    <Unicode>con un pedazo de manta:</Unicode>
                </TextEquiv>
            </TextLine>
            <TextLine id="r1l21" custom="readingOrder {index:55;}">
                <Coords points="884,724 909,723 935,722 961,722 986,721 1012,720 1038,719 1063,718 1089,717 1115,716 1141,715 1166,715 1192,713 1218,713 1243,712 1269,711 1295,711 1321,710 1321,679 1295,680 1269,680 1243,681 1218,682 1192,682 1166,684 1141,684 1115,685 1089,686 1063,687 1038,688 1012,689 986,690 961,691 935,691 909,692 884,693"/>
                <Baseline points="884,714 909,713 935,712 961,712 986,711 1012,710 1038,709 1063,708 1089,707 1115,706 1141,705 1166,705 1192,703 1218,703 1243,702 1269,701 1295,701 1321,700"/>
                <TextEquiv>
                    <Unicode>pues no es esto lo peor</Unicode>
                </TextEquiv>
            </TextLine>
            <TextLine id="r1l23" custom="readingOrder {index:56;}">
                <Coords points="888,766 913,766 939,766 965,765 990,764 1016,764 1042,763 1068,762 1093,761 1119,760 1145,759 1171,758 1196,757 1222,757 1248,755 1274,755 1299,754 1325,754 1351,754 1377,754 1377,723 1351,723 1325,723 1299,723 1274,724 1248,724 1222,726 1196,726 1171,727 1145,728 1119,729 1093,730 1068,731 1042,732 1016,733 990,733 965,734 939,735 913,735 888,735"/>
                <Baseline points="888,756 913,756 939,756 965,755 990,754 1016,754 1042,753 1068,752 1093,751 1119,750 1145,749 1171,748 1196,747 1222,747 1248,745 1274,745 1299,744 1325,744 1351,744 1377,744"/>
                <TextEquiv>
                    <Unicode>que á otro dia de mañana</Unicode>
                </TextEquiv>
            </TextLine>
            <TextLine id="r1l25" custom="readingOrder {index:57;}">
                <Coords points="891,811 916,811 941,810 967,810 992,809 1018,808 1043,807 1069,806 1094,804 1120,803 1145,802 1170,802 1196,800 1221,800 1247,800 1272,800 1298,800 1323,800 1349,801 1349,770 1323,769 1298,769 1272,769 1247,769 1221,769 1196,769 1170,771 1145,771 1120,772 1094,773 1069,775 1043,776 1018,777 992,778 967,779 941,779 916,780 891,780"/>
                <Baseline points="891,801 916,801 941,800 967,800 992,799 1018,798 1043,797 1069,796 1094,794 1120,793 1145,792 1170,792 1196,790 1221,790 1247,790 1272,790 1298,790 1323,790 1349,791"/>
                <TextEquiv>
                    <Unicode>el pobre se siente malo,</Unicode>
                </TextEquiv>
            </TextLine>
            <TextLine id="r1l27" custom="readingOrder {index:58;}">
                <Coords points="887,854 912,854 937,853 963,853 988,852 1013,852 1039,850 1064,850 1089,849 1115,848 1140,847 1165,846 1191,845 1216,844 1241,844 1267,843 1267,812 1241,813 1216,813 1191,814 1165,815 1140,816 1115,817 1089,818 1064,819 1039,819 1013,821 988,821 963,822 937,822 912,823 887,823"/>
                <Baseline points="887,844 912,844 937,843 963,843 988,842 1013,842 1039,840 1064,840 1089,839 1115,838 1140,837 1165,836 1191,835 1216,834 1241,834 1267,833"/>
                <TextEquiv>
                    <Unicode>nada de ello le falta</Unicode>
                </TextEquiv>
            </TextLine>
            <TextLine id="r1l29" custom="readingOrder {index:59;}">
                <Coords points="895,900 920,899 945,898 971,897 996,896 1021,895 1047,894 1072,893 1097,892 1123,891 1148,891 1173,890 1199,889 1224,888 1249,887 1275,886 1275,855 1249,856 1224,857 1199,858 1173,859 1148,860 1123,860 1097,861 1072,862 1047,863 1021,864 996,865 971,866 945,867 920,868 895,869"/>
                <Baseline points="895,890 920,889 945,888 971,887 996,886 1021,885 1047,884 1072,883 1097,882 1123,881 1148,881 1173,880 1199,879 1224,878 1249,877 1275,876"/>
                <TextEquiv>
                    <Unicode>porque todo lo tenia</Unicode>
                </TextEquiv>
            </TextLine>
            <TextLine id="r1l32" custom="readingOrder {index:60;}">
                <Coords points="943,943 968,942 994,941 1020,940 1046,938 1072,937 1098,936 1124,935 1150,934 1175,933 1201,932 1227,931 1253,930 1279,930 1305,929 1331,928 1357,927 1357,896 1331,897 1305,898 1279,899 1253,899 1227,900 1201,901 1175,902 1150,903 1124,904 1098,905 1072,906 1046,907 1020,909 994,910 968,911 943,912"/>
                <Baseline points="943,933 968,932 994,931 1020,930 1046,928 1072,927 1098,926 1124,925 1150,924 1175,923 1201,922 1227,921 1253,920 1279,920 1305,919 1331,918 1357,917"/>
                <TextEquiv>
                    <Unicode>y á San Juan de Dios se marcha</Unicode>
                </TextEquiv>
            </TextLine>
            <TextLine id="r1l36" custom="readingOrder {index:61;}">
                <Coords points="1072,980 1097,980 1122,979 1148,978 1173,976 1199,976 1224,975 1250,973 1275,973 1301,973 1326,974 1352,976 1352,945 1326,943 1301,942 1275,942 1250,942 1224,944 1199,945 1173,945 1148,947 1122,948 1097,949 1072,949"/>
                <Baseline points="1072,970 1097,970 1122,969 1148,968 1173,966 1199,966 1224,965 1250,963 1275,963 1301,963 1326,964 1352,966"/>
                <TextEquiv>
                    <Unicode>Alerta jóvenes, etc.</Unicode>
                </TextEquiv>
            </TextLine>
            <TextLine id="r1l38" custom="readingOrder {index:62;}">
                <Coords points="940,1028 966,1027 992,1026 1018,1026 1044,1025 1071,1024 1097,1023 1123,1023 1149,1022 1175,1021 1202,1020 1228,1020 1254,1019 1280,1018 1306,1018 1333,1017 1333,986 1306,987 1280,987 1254,988 1228,989 1202,989 1175,990 1149,991 1123,992 1097,992 1071,993 1044,994 1018,995 992,995 966,996 940,997"/>
                <Baseline points="940,1018 966,1017 992,1016 1018,1016 1044,1015 1071,1014 1097,1013 1123,1013 1149,1012 1175,1011 1202,1010 1228,1010 1254,1009 1280,1008 1306,1008 1333,1007"/>
                <TextEquiv>
                    <Unicode>Falta decir otra cosa</Unicode>
                </TextEquiv>
            </TextLine>
            <TextLine id="r1l40" custom="readingOrder {index:63;}">
                <Coords points="899,1075 924,1074 949,1074 974,1072 999,1071 1024,1070 1049,1069 1074,1068 1099,1067 1124,1066 1150,1065 1175,1064 1200,1063 1225,1063 1250,1062 1275,1062 1300,1061 1325,1061 1350,1061 1375,1061 1401,1062 1401,1031 1375,1030 1350,1030 1325,1030 1300,1030 1275,1031 1250,1031 1225,1032 1200,1032 1175,1033 1150,1034 1124,1035 1099,1036 1074,1037 1049,1038 1024,1039 999,1040 974,1041 949,1043 924,1043 899,1044"/>
                <Baseline points="899,1065 924,1064 949,1064 974,1062 999,1061 1024,1060 1049,1059 1074,1058 1099,1057 1124,1056 1150,1055 1175,1054 1200,1053 1225,1053 1250,1052 1275,1052 1300,1051 1325,1051 1350,1051 1375,1051 1401,1052"/>
                <TextEquiv>
                    <Unicode>que dentro de Madrid pasa</Unicode>
                </TextEquiv>
            </TextLine>
            <TextLine id="r1l42" custom="readingOrder {index:64;}">
                <Coords points="903,1117 928,1116 954,1116 980,1115 1006,1114 1031,1113 1057,1112 1083,1112 1109,1111 1135,1110 1160,1109 1186,1108 1212,1108 1238,1107 1263,1106 1289,1105 1315,1105 1341,1104 1367,1103 1367,1073 1341,1074 1315,1075 1289,1075 1263,1076 1238,1077 1212,1078 1186,1078 1160,1079 1135,1080 1109,1081 1083,1082 1057,1082 1031,1083 1006,1084 980,1085 954,1086 928,1086 903,1087"/>
                <Baseline points="903,1107 928,1106 954,1106 980,1105 1006,1104 1031,1103 1057,1102 1083,1102 1109,1101 1135,1100 1160,1099 1186,1098 1212,1098 1238,1097 1263,1096 1289,1095 1315,1095 1341,1094 1367,1093"/>
                <TextEquiv>
                    <Unicode>con una gente que dicen</Unicode>
                </TextEquiv>
            </TextLine>
            <TextLine id="r1l45" custom="readingOrder {index:65;}">
                <Coords points="904,1162 929,1161 954,1160 979,1159 1004,1158 1029,1157 1054,1156 1079,1155 1104,1154 1129,1154 1154,1153 1179,1152 1204,1151 1229,1150 1254,1149 1279,1149 1304,1148 1329,1147 1329,1116 1304,1117 1279,1118 1254,1118 1229,1119 1204,1120 1179,1121 1154,1122 1129,1123 1104,1123 1079,1124 1054,1125 1029,1126 1004,1127 979,1128 954,1129 929,1130 904,1131"/>
                <Baseline points="904,1152 929,1151 954,1150 979,1149 1004,1148 1029,1147 1054,1146 1079,1145 1104,1144 1129,1144 1154,1143 1179,1142 1204,1141 1229,1140 1254,1139 1279,1139 1304,1138 1329,1137"/>
                <TextEquiv>
                    <Unicode>la partida de la manta:</Unicode>
                </TextEquiv>
            </TextLine>
            <TextLine id="r1l47" custom="readingOrder {index:66;}">
                <Coords points="909,1204 934,1204 960,1203 985,1202 1011,1202 1037,1201 1062,1199 1088,1198 1114,1198 1139,1196 1165,1195 1191,1194 1216,1194 1242,1193 1268,1193 1293,1193 1319,1193 1345,1193 1345,1162 1319,1162 1293,1162 1268,1162 1242,1162 1216,1163 1191,1163 1165,1164 1139,1165 1114,1167 1088,1167 1062,1168 1037,1170 1011,1171 985,1171 960,1172 934,1173 909,1173"/>
                <Baseline points="909,1194 934,1194 960,1193 985,1192 1011,1192 1037,1191 1062,1189 1088,1188 1114,1188 1139,1186 1165,1185 1191,1184 1216,1184 1242,1183 1268,1183 1293,1183 1319,1183 1345,1183"/>
                <TextEquiv>
                    <Unicode>esta es gente sin oficio,</Unicode>
                </TextEquiv>
            </TextLine>
            <TextLine id="r1l50" custom="readingOrder {index:67;}">
                <Coords points="904,1248 929,1248 954,1247 979,1246 1005,1246 1030,1245 1055,1244 1080,1243 1106,1243 1131,1242 1156,1241 1182,1240 1207,1239 1232,1239 1257,1238 1283,1237 1308,1236 1333,1235 1359,1235 1359,1205 1333,1205 1308,1206 1283,1207 1257,1208 1232,1209 1207,1209 1182,1210 1156,1211 1131,1212 1106,1213 1080,1213 1055,1214 1030,1215 1005,1216 979,1216 954,1217 929,1218 904,1218"/>
                <Baseline points="904,1238 929,1238 954,1237 979,1236 1005,1236 1030,1235 1055,1234 1080,1233 1106,1233 1131,1232 1156,1231 1182,1230 1207,1229 1232,1229 1257,1228 1283,1227 1308,1226 1333,1225 1359,1225"/>
                <TextEquiv>
                    <Unicode>esta come, viste y calza</Unicode>
                </TextEquiv>
            </TextLine>
            <TextLine id="r1l52" custom="readingOrder {index:68;}">
                <Coords points="906,1292 931,1291 957,1291 983,1290 1009,1289 1035,1288 1061,1287 1087,1286 1113,1285 1139,1284 1165,1283 1191,1282 1217,1281 1243,1280 1269,1280 1295,1279 1321,1279 1321,1249 1295,1249 1269,1250 1243,1250 1217,1251 1191,1252 1165,1253 1139,1254 1113,1255 1087,1256 1061,1257 1035,1258 1009,1259 983,1260 957,1261 931,1261 906,1262"/>
                <Baseline points="906,1282 931,1281 957,1281 983,1280 1009,1279 1035,1278 1061,1277 1087,1276 1113,1275 1139,1274 1165,1273 1191,1272 1217,1271 1243,1270 1269,1270 1295,1269 1321,1269"/>
                <TextEquiv>
                    <Unicode>solamente del registro</Unicode>
                </TextEquiv>
            </TextLine>
            <TextLine id="r1l54" custom="readingOrder {index:69;}">
                <Coords points="911,1335 937,1335 963,1334 989,1333 1015,1333 1041,1332 1067,1331 1093,1331 1119,1330 1145,1329 1171,1328 1197,1327 1223,1326 1249,1324 1275,1324 1301,1323 1327,1322 1353,1321 1353,1291 1327,1292 1301,1293 1275,1294 1249,1294 1223,1296 1197,1297 1171,1298 1145,1299 1119,1300 1093,1301 1067,1301 1041,1302 1015,1303 989,1303 963,1304 937,1305 911,1305"/>
                <Baseline points="911,1325 937,1325 963,1324 989,1323 1015,1323 1041,1322 1067,1321 1093,1321 1119,1320 1145,1319 1171,1318 1197,1317 1223,1316 1249,1314 1275,1314 1301,1313 1327,1312 1353,1311"/>
                <TextEquiv>
                    <Unicode>de chaquetas y casacas:</Unicode>
                </TextEquiv>
            </TextLine>
            <TextLine id="r1l56" custom="readingOrder {index:70;}">
                <Coords points="903,1380 929,1380 955,1379 981,1378 1007,1378 1034,1376 1060,1375 1086,1374 1112,1373 1139,1372 1165,1371 1191,1369 1217,1369 1243,1368 1270,1367 1296,1366 1322,1366 1348,1366 1375,1366 1375,1336 1348,1336 1322,1336 1296,1336 1270,1337 1243,1338 1217,1339 1191,1339 1165,1341 1139,1342 1112,1343 1086,1344 1060,1345 1034,1346 1007,1348 981,1348 955,1349 929,1350 903,1350"/>
                <Baseline points="903,1370 929,1370 955,1369 981,1368 1007,1368 1034,1366 1060,1365 1086,1364 1112,1363 1139,1362 1165,1361 1191,1359 1217,1359 1243,1358 1270,1357 1296,1356 1322,1356 1348,1356 1375,1356"/>
                <TextEquiv>
                    <Unicode>pillan al mas descuidado,</Unicode>
                </TextEquiv>
            </TextLine>
            <TextLine id="r1l58" custom="readingOrder {index:71;}">
                <Coords points="907,1426 932,1425 958,1423 984,1422 1010,1421 1036,1419 1062,1418 1088,1417 1114,1417 1140,1416 1165,1415 1191,1414 1217,1413 1243,1413 1269,1412 1295,1412 1321,1411 1347,1411 1373,1410 1373,1380 1347,1381 1321,1381 1295,1382 1269,1382 1243,1383 1217,1383 1191,1384 1165,1385 1140,1386 1114,1387 1088,1387 1062,1388 1036,1389 1010,1391 984,1392 958,1393 932,1395 907,1396"/>
                <Baseline points="907,1416 932,1415 958,1413 984,1412 1010,1411 1036,1409 1062,1408 1088,1407 1114,1407 1140,1406 1165,1405 1191,1404 1217,1403 1243,1403 1269,1402 1295,1402 1321,1401 1347,1401 1373,1400"/>
                <TextEquiv>
                    <Unicode>y por detrás se la arman;</Unicode>
                </TextEquiv>
            </TextLine>
            <TextLine id="r1l60" custom="readingOrder {index:72;}">
                <Coords points="911,1467 937,1466 963,1465 989,1464 1016,1463 1042,1463 1068,1462 1094,1461 1121,1461 1147,1460 1173,1459 1199,1458 1226,1457 1252,1456 1278,1455 1305,1453 1305,1423 1278,1425 1252,1426 1226,1427 1199,1428 1173,1429 1147,1430 1121,1431 1094,1431 1068,1432 1042,1433 1016,1433 989,1434 963,1435 937,1436 911,1437"/>
                <Baseline points="911,1457 937,1456 963,1455 989,1454 1016,1453 1042,1453 1068,1452 1094,1451 1121,1451 1147,1450 1173,1449 1199,1448 1226,1447 1252,1446 1278,1445 1305,1443"/>
                <TextEquiv>
                    <Unicode>sacándole del bolsillo</Unicode>
                </TextEquiv>
            </TextLine>
            <TextLine id="r1l62" custom="readingOrder {index:73;}">
                <Coords points="911,1511 937,1511 963,1510 989,1509 1016,1508 1042,1507 1068,1506 1094,1505 1121,1505 1147,1504 1173,1502 1199,1502 1226,1501 1252,1501 1278,1500 1304,1500 1331,1500 1331,1469 1304,1469 1278,1469 1252,1470 1226,1470 1199,1471 1173,1471 1147,1473 1121,1474 1094,1474 1068,1475 1042,1476 1016,1477 989,1478 963,1479 937,1480 911,1480"/>
                <Baseline points="911,1501 937,1501 963,1500 989,1499 1016,1498 1042,1497 1068,1496 1094,1495 1121,1495 1147,1494 1173,1492 1199,1492 1226,1491 1252,1491 1278,1490 1304,1490 1331,1490"/>
                <TextEquiv>
                    <Unicode>el pañuelo y la navaja,</Unicode>
                </TextEquiv>
            </TextLine>
            <TextLine id="r1l64" custom="readingOrder {index:74;}">
                <Coords points="914,1554 939,1553 964,1552 989,1552 1014,1551 1039,1550 1064,1549 1089,1549 1115,1548 1140,1547 1165,1547 1190,1546 1215,1545 1240,1545 1265,1544 1291,1544 1291,1513 1265,1513 1240,1514 1215,1514 1190,1515 1165,1516 1140,1516 1115,1517 1089,1518 1064,1518 1039,1519 1014,1520 989,1521 964,1521 939,1522 914,1523"/>
                <Baseline points="914,1544 939,1543 964,1542 989,1542 1014,1541 1039,1540 1064,1539 1089,1539 1115,1538 1140,1537 1165,1537 1190,1536 1215,1535 1240,1535 1265,1534 1291,1534"/>
                <TextEquiv>
                    <Unicode>el dinero, lo relojes,</Unicode>
                </TextEquiv>
            </TextLine>
            <TextLine id="r1l66" custom="readingOrder {index:75;}">
                <Coords points="917,1597 942,1597 967,1596 993,1596 1018,1595 1044,1594 1069,1593 1094,1592 1120,1592 1145,1590 1171,1590 1196,1589 1221,1588 1247,1587 1272,1586 1298,1586 1323,1585 1348,1585 1374,1584 1399,1584 1425,1584 1425,1554 1399,1554 1374,1554 1348,1555 1323,1555 1298,1556 1272,1556 1247,1557 1221,1558 1196,1559 1171,1560 1145,1560 1120,1562 1094,1562 1069,1563 1044,1564 1018,1565 993,1566 967,1566 942,1567 917,1567"/>
                <Baseline points="917,1587 942,1587 967,1586 993,1586 1018,1585 1044,1584 1069,1583 1094,1582 1120,1582 1145,1580 1171,1580 1196,1579 1221,1578 1247,1577 1272,1576 1298,1576 1323,1575 1348,1575 1374,1574 1399,1574 1425,1574"/>
                <TextEquiv>
                    <Unicode>y en fin todo cuanto hallan.</Unicode>
                </TextEquiv>
            </TextLine>
            <TextLine id="r1l68" custom="readingOrder {index:76;}">
                <Coords points="909,1641 934,1640 959,1640 985,1639 1010,1638 1036,1638 1061,1637 1087,1637 1112,1636 1138,1635 1163,1635 1188,1633 1214,1632 1239,1632 1265,1631 1290,1630 1316,1629 1341,1627 1367,1626 1367,1596 1341,1597 1316,1599 1290,1600 1265,1601 1239,1602 1214,1602 1188,1603 1163,1605 1138,1605 1112,1606 1087,1607 1061,1607 1036,1608 1010,1608 985,1609 959,1610 934,1610 909,1611"/>
                <Baseline points="909,1631 934,1630 959,1630 985,1629 1010,1628 1036,1628 1061,1627 1087,1627 1112,1626 1138,1625 1163,1625 1188,1623 1214,1622 1239,1622 1265,1621 1290,1620 1316,1619 1341,1617 1367,1616"/>
                <TextEquiv>
                    <Unicode>El otro dia á un arriero</Unicode>
                </TextEquiv>
            </TextLine>
            <TextLine id="r1l70" custom="readingOrder {index:77;}">
                <Coords points="921,1684 949,1684 977,1684 1006,1684 1034,1683 1063,1682 1091,1681 1119,1680 1148,1679 1176,1678 1205,1676 1233,1675 1261,1674 1290,1673 1318,1673 1347,1672 1375,1672 1403,1672 1432,1672 1460,1672 1489,1673 1489,1642 1460,1641 1432,1641 1403,1641 1375,1641 1347,1641 1318,1642 1290,1642 1261,1643 1233,1644 1205,1645 1176,1647 1148,1648 1119,1649 1091,1650 1063,1651 1034,1652 1006,1653 977,1653 949,1653 921,1653"/>
                <Baseline points="921,1674 949,1674 977,1674 1006,1674 1034,1673 1063,1672 1091,1671 1119,1670 1148,1669 1176,1668 1205,1666 1233,1665 1261,1664 1290,1663 1318,1663 1347,1662 1375,1662 1403,1662 1432,1662 1460,1662 1489,1663"/>
                <TextEquiv>
                    <Unicode>mientras que con otro hablaba,</Unicode>
                </TextEquiv>
            </TextLine>
            <TextLine id="r1l72" custom="readingOrder {index:78;}">
                <Coords points="918,1730 943,1730 968,1729 993,1728 1018,1727 1043,1726 1068,1725 1093,1725 1118,1724 1143,1722 1168,1722 1193,1720 1218,1720 1243,1719 1268,1718 1293,1718 1319,1717 1319,1686 1293,1687 1268,1687 1243,1688 1218,1689 1193,1689 1168,1691 1143,1691 1118,1693 1093,1694 1068,1694 1043,1695 1018,1696 993,1697 968,1698 943,1699 918,1699"/>
                <Baseline points="918,1720 943,1720 968,1719 993,1718 1018,1717 1043,1716 1068,1715 1093,1715 1118,1714 1143,1712 1168,1712 1193,1710 1218,1710 1243,1709 1268,1708 1293,1708 1319,1707"/>
                <TextEquiv>
                    <Unicode>le sacaron por detras</Unicode>
                </TextEquiv>
            </TextLine>
            <TextLine id="r1l74" custom="readingOrder {index:79;}">
                <Coords points="922,1773 947,1772 972,1772 997,1771 1022,1770 1047,1770 1072,1769 1097,1768 1122,1767 1147,1767 1172,1765 1197,1765 1222,1764 1247,1763 1272,1763 1297,1762 1322,1762 1347,1761 1347,1730 1322,1731 1297,1731 1272,1732 1247,1732 1222,1733 1197,1734 1172,1734 1147,1736 1122,1736 1097,1737 1072,1738 1047,1739 1022,1739 997,1740 972,1741 947,1741 922,1742"/>
                <Baseline points="922,1763 947,1762 972,1762 997,1761 1022,1760 1047,1760 1072,1759 1097,1758 1122,1757 1147,1757 1172,1755 1197,1755 1222,1754 1247,1753 1272,1753 1297,1752 1322,1752 1347,1751"/>
                <TextEquiv>
                    <Unicode>veinte duros de la faja:</Unicode>
                </TextEquiv>
            </TextLine>
            <TextLine id="r1l76" custom="readingOrder {index:80;}">
                <Coords points="919,1817 944,1816 970,1815 996,1815 1022,1814 1048,1813 1074,1812 1100,1811 1126,1811 1152,1810 1178,1809 1203,1808 1229,1807 1255,1807 1281,1806 1307,1805 1333,1805 1359,1804 1385,1804 1411,1804 1437,1803 1437,1773 1411,1774 1385,1774 1359,1774 1333,1775 1307,1775 1281,1776 1255,1777 1229,1777 1203,1778 1178,1779 1152,1780 1126,1781 1100,1781 1074,1782 1048,1783 1022,1784 996,1785 970,1785 944,1786 919,1787"/>
                <Baseline points="919,1807 944,1806 970,1805 996,1805 1022,1804 1048,1803 1074,1802 1100,1801 1126,1801 1152,1800 1178,1799 1203,1798 1229,1797 1255,1797 1281,1796 1307,1795 1333,1795 1359,1794 1385,1794 1411,1794 1437,1793"/>
                <TextEquiv>
                    <Unicode>con que así, alerta, señores;</Unicode>
                </TextEquiv>
            </TextLine>
            <TextLine id="r1l78" custom="readingOrder {index:81;}">
                <Coords points="920,1862 945,1861 971,1859 997,1858 1022,1858 1048,1856 1074,1855 1100,1855 1125,1854 1151,1853 1177,1853 1202,1852 1228,1851 1254,1850 1280,1849 1305,1849 1331,1847 1357,1846 1383,1845 1383,1815 1357,1816 1331,1817 1305,1819 1280,1819 1254,1820 1228,1821 1202,1822 1177,1823 1151,1823 1125,1824 1100,1825 1074,1825 1048,1826 1022,1828 997,1828 971,1829 945,1831 920,1832"/>
                <Baseline points="920,1852 945,1851 971,1849 997,1848 1022,1848 1048,1846 1074,1845 1100,1845 1125,1844 1151,1843 1177,1843 1202,1842 1228,1841 1254,1840 1280,1839 1305,1839 1331,1837 1357,1836 1383,1835"/>
                <TextEquiv>
                    <Unicode>que esta critica se canta</Unicode>
                </TextEquiv>
            </TextLine>
            <TextLine id="r1l80" custom="readingOrder {index:82;}">
                <Coords points="915,1908 940,1907 965,1905 990,1904 1015,1903 1040,1901 1066,1900 1091,1899 1116,1898 1141,1897 1166,1896 1191,1895 1217,1894 1242,1894 1267,1893 1292,1893 1317,1892 1343,1892 1343,1861 1317,1861 1292,1862 1267,1862 1242,1863 1217,1863 1191,1864 1166,1865 1141,1866 1116,1867 1091,1868 1066,1869 1040,1870 1015,1872 990,1873 965,1874 940,1876 915,1877"/>
                <Baseline points="915,1898 940,1897 965,1895 990,1894 1015,1893 1040,1891 1066,1890 1091,1889 1116,1888 1141,1887 1166,1886 1191,1885 1217,1884 1242,1884 1267,1883 1292,1883 1317,1882 1343,1882"/>
                <TextEquiv>
                    <Unicode>para que todo viviente</Unicode>
                </TextEquiv>
            </TextLine>
            <TextLine id="r1l82" custom="readingOrder {index:83;}">
                <Coords points="924,1951 950,1950 976,1949 1002,1948 1028,1948 1055,1947 1081,1945 1107,1944 1133,1943 1159,1942 1186,1941 1212,1940 1238,1939 1264,1939 1290,1938 1317,1937 1343,1937 1369,1936 1395,1936 1422,1936 1422,1905 1395,1905 1369,1905 1343,1906 1317,1906 1290,1907 1264,1908 1238,1908 1212,1909 1186,1910 1159,1911 1133,1912 1107,1913 1081,1914 1055,1916 1028,1917 1002,1917 976,1918 950,1919 924,1920"/>
                <Baseline points="924,1941 950,1940 976,1939 1002,1938 1028,1938 1055,1937 1081,1935 1107,1934 1133,1933 1159,1932 1186,1931 1212,1930 1238,1929 1264,1929 1290,1928 1317,1927 1343,1927 1369,1926 1395,1926 1422,1926"/>
                <TextEquiv>
                    <Unicode>se guarde de esta canalla.</Unicode>
                </TextEquiv>
            </TextLine>
            <TextLine id="r1l85" custom="readingOrder {index:84;}">
                <Coords points="1144,2028 1169,2028 1194,2028 1219,2028 1244,2027 1269,2027 1294,2026 1319,2025 1344,2024 1369,2023 1394,2023 1420,2024 1420,1994 1394,1993 1369,1993 1344,1994 1319,1995 1294,1996 1269,1997 1244,1997 1219,1998 1194,1998 1169,1998 1144,1998"/>
                <Baseline points="1144,2018 1169,2018 1194,2018 1219,2018 1244,2017 1269,2017 1294,2016 1319,2015 1344,2014 1369,2013 1394,2013 1420,2014"/>
                <TextEquiv>
                    <Unicode>Alerta jóvenes,</Unicode>
                </TextEquiv>
            </TextLine>
            <TextLine id="r1l87" custom="readingOrder {index:85;}">
                <Coords points="1102,2076 1129,2075 1156,2073 1184,2071 1211,2070 1238,2069 1266,2069 1293,2068 1321,2068 1321,2038 1293,2038 1266,2039 1238,2039 1211,2040 1184,2041 1156,2043 1129,2045 1102,2046"/>
                <Baseline points="1102,2066 1129,2065 1156,2063 1184,2061 1211,2060 1238,2059 1266,2059 1293,2058 1321,2058"/>
                <TextEquiv>
                    <Unicode>alerta vaya </Unicode>
                </TextEquiv>
            </TextLine>
            <TextLine id="r1l89" custom="readingOrder {index:86;}">
                <Coords points="1099,2123 1124,2121 1149,2119 1174,2117 1199,2116 1224,2115 1249,2113 1274,2112 1299,2112 1324,2111 1349,2111 1374,2110 1399,2109 1399,2079 1374,2080 1349,2081 1324,2081 1299,2082 1274,2082 1249,2083 1224,2085 1199,2086 1174,2087 1149,2089 1124,2091 1099,2093"/>
                <Baseline points="1099,2113 1124,2111 1149,2109 1174,2107 1199,2106 1224,2105 1249,2103 1274,2102 1299,2102 1324,2101 1349,2101 1374,2100 1399,2099"/>
                <TextEquiv>
                    <Unicode>guardense todos</Unicode>
                </TextEquiv>
            </TextLine>
            <TextLine id="r1l91" custom="readingOrder {index:87;}">
                <Coords points="1107,2163 1133,2162 1159,2161 1186,2160 1212,2160 1238,2159 1265,2158 1291,2158 1317,2157 1344,2157 1370,2156 1397,2155 1397,2125 1370,2126 1344,2127 1317,2127 1291,2128 1265,2128 1238,2129 1212,2130 1186,2130 1159,2131 1133,2132 1107,2133"/>
                <Baseline points="1107,2153 1133,2152 1159,2151 1186,2150 1212,2150 1238,2149 1265,2148 1291,2148 1317,2147 1344,2147 1370,2146 1397,2145"/>
                <TextEquiv>
                    <Unicode>de esta canalla</Unicode>
                </TextEquiv>
            </TextLine>
            <TextLine id="r1l94" custom="readingOrder {index:88;}">
                <Coords points="748,2298 774,2298 800,2298 826,2298 852,2298 878,2298 905,2298 931,2298 957,2298 983,2298 1009,2298 1035,2298 1062,2298 1062,2267 1035,2267 1009,2267 983,2267 957,2267 931,2267 905,2267 878,2267 852,2267 826,2267 800,2267 774,2267 748,2267"/>
                <Baseline points="748,2288 774,2288 800,2288 826,2288 852,2288 878,2288 905,2288 931,2288 957,2288 983,2288 1009,2288 1035,2288 1062,2288"/>
                <TextEquiv>
                    <Unicode>EIN.</Unicode>
                </TextEquiv>
            </TextLine>
            <TextLine id="r1l95" custom="readingOrder {index:89;}">
                <Coords points="718,2390 743,2390 769,2390 795,2389 820,2389 846,2388 872,2387 897,2387 923,2386 949,2385 974,2385 1000,2384 1026,2383 1051,2383 1077,2382 1103,2382 1103,2351 1077,2351 1051,2352 1026,2352 1000,2353 974,2354 949,2354 923,2355 897,2356 872,2356 846,2357 820,2358 795,2358 769,2359 743,2359 718,2359"/>
                <Baseline points="718,2380 743,2380 769,2380 795,2379 820,2379 846,2378 872,2377 897,2377 923,2376 949,2375 974,2375 1000,2374 1026,2373 1051,2373 1077,2372 1103,2372"/>
                <TextEquiv>
                    <Unicode>CARMONA:—1856.</Unicode>
                </TextEquiv>
            </TextLine>
            <TextLine id="r1l96" custom="readingOrder {index:90;}">
                <Coords points="194,2453 268,2452 343,2450 418,2449 492,2447 567,2446 642,2444 716,2442 791,2441 866,2439 940,2437 1015,2435 1090,2433 1164,2431 1239,2429 1314,2427 1388,2425 1463,2423 1538,2420 1613,2418 1613,2387 1538,2389 1463,2392 1388,2394 1314,2396 1239,2398 1164,2400 1090,2402 1015,2404 940,2406 866,2408 791,2410 716,2411 642,2413 567,2415 492,2416 418,2418 343,2419 268,2421 194,2422"/>
                <Baseline points="194,2443 268,2442 343,2440 418,2439 492,2437 567,2436 642,2434 716,2432 791,2431 866,2429 940,2427 1015,2425 1090,2423 1164,2421 1239,2419 1314,2417 1388,2415 1463,2413 1538,2410 1613,2408"/>
                <TextEquiv>
                    <Unicode>Imprenta de D. José Maria Moreno, calle Juan de la Cabra núm. 5.</Unicode>
                </TextEquiv>
            </TextLine>
            <TextEquiv>
                <Unicode>á la Fuentecilla llaman,&#xD;
porque al dar las oraciones&#xD;
embarcan y desembarcan;&#xD;
alli se arman mil tertulias,&#xD;
de paciegas, catalanas;&#xD;
vizcainas y gallegas;&#xD;
portuguesas, valencianas,&#xD;
andaluzas, manchegas,&#xD;
aragonesas, murcianas,&#xD;
estremeñas, madrileñas,&#xD;
toledanas, castellanas,&#xD;
y hasta navarras tambien,&#xD;
y creo hasta italianas;&#xD;
porque los tiempos de atras&#xD;
han traido una ensalada,&#xD;
se entiende, de todas yerbas,&#xD;
y las pobretas cuitadas&#xD;
á Madrid se han refugiado&#xD;
hasta que salga otra ganga.&#xD;
Alerta jóvenes, etc.&#xD;
Un gallegito, señores,&#xD;
se encontro una grande ganga&#xD;
con una de estas que digo&#xD;
que fué con ella á su casa,&#xD;
y haciendole cuatro fiestas,&#xD;
mil cariños y monadas,&#xD;
y bebiendo algun traguillo,&#xD;
al pobrecito del alma&#xD;
le ablando mas que una cera;&#xD;
al cabo de esta jornada.&#xD;
en fin, se quedo dormido;&#xD;
ella que esto deseaba,&#xD;
al instante le rejistra,&#xD;
todos los cuartos le saca,&#xD;
y pillando su ropica&#xD;
fuera de Madrid se larga:&#xD;
el gallego que despierta&#xD;
y solo en la cama se halla&#xD;
y la cama era una estera&#xD;
con un pedazo de manta.&#xD;
Alerta jóvenes, etc.&#xD;
Viendose el gallego solo&#xD;
todo el cuarto rejistraba&#xD;
y echando mano al bolsillo&#xD;
al ver que sin el estaba,&#xD;
principió de esta manera:&#xD;
válgame la Virgen Santa,&#xD;
de onza y media que tenia&#xD;
no me ha dejado una blanca!&#xD;
fué y le contó á la casera&#xD;
todito lo que le pasa&#xD;
y la casara le dijo&#xD;
¿quien á mi el cuarto me paga?&#xD;
y el dijo: alli hay una estera&#xD;
con un pedazo de manta:&#xD;
pues no es esto lo peor&#xD;
que á otro dia de mañana&#xD;
el pobre se siente malo,&#xD;
nada de ello le falta&#xD;
porque todo lo tenia&#xD;
y á San Juan de Dios se marcha&#xD;
Alerta jóvenes, etc.&#xD;
Falta decir otra cosa&#xD;
que dentro de Madrid pasa&#xD;
con una gente que dicen&#xD;
la partida de la manta:&#xD;
esta es gente sin oficio,&#xD;
esta come, viste y calza&#xD;
solamente del registro&#xD;
de chaquetas y casacas:&#xD;
pillan al mas descuidado,&#xD;
y por detrás se la arman;&#xD;
sacándole del bolsillo&#xD;
el pañuelo y la navaja,&#xD;
el dinero, lo relojes,&#xD;
y en fin todo cuanto hallan.&#xD;
El otro dia á un arriero&#xD;
mientras que con otro hablaba,&#xD;
le sacaron por detras&#xD;
veinte duros de la faja:&#xD;
con que así, alerta, señores;&#xD;
que esta critica se canta&#xD;
para que todo viviente&#xD;
se guarde de esta canalla.&#xD;
Alerta jóvenes,&#xD;
alerta vaya &#xD;
guardense todos&#xD;
de esta canalla&#xD;
EIN.&#xD;
CARMONA:—1856.&#xD;
Imprenta de D. José Maria Moreno, calle Juan de la Cabra núm. 5.</Unicode>
            </TextEquiv>
        </TextRegion>
    </Page>
</PcGts>
