1765 2512
105 244 523 282 otra dice: yo soy hija
109 287 640 326 de un brigadier de España;
105 333 663 370 otra: yo soy prima hermana
109 376 571 413 de un caballero sobrino
107 419 633 457 del marques de la Romana,
113 463 637 500 y de este modo á los bobos
115 508 605 545 les van sacando la plata.
289 551 646 586 Alerta jóvenes etc.
159 595 628 630 Hay cuatro clases de tias
115 639 575 676 hoy en el dia en Madrid,
117 683 637 719 si ustedes quieren saberlas
113 726 551 765 pronto lo voy á decir.
117 772 645 809 Las primeras son maestras,
115 816 631 851 las segundas comerciantas
123 860 545 895 las sterceras cazadoras
127 903 692 941 y lás cuartas son murgantas:
127 947 637 983 las maestras son aquellas
127 991 689 1027 que tienen muy ricas camas,
117 1036 553 1071 mesas, sofas, canapes,
134 1078 636 1116 tres ó cuatro ó cinco salas
131 1123 541 1157 adornadas y decentes
127 1166 611 1205 para todo aquel que vaya
133 1210 631 1250 y quiera servirse de ellas,
132 1254 653 1292 se entiende, si tiene plata.
307 1296 662 1330 Alerta jóvenes, etc.
178 1340 648 1375 Os voy á decir quién son
126 1385 611 1422 las señoras comerciantas,
136 1427 721 1467 se en tiende de este comercio
137 1472 779 1511 que hasta en el mi abuela andaz
138 1516 591 1554 no quiero deciros mas,
140 1560 656 1598 estas son aquellas que anda
136 1603 529 1642 en tertulias y visitas
141 1647 519 1686 de jaléos y jaranas,
144 1690 652 1730 Llevando de don Ambrosio
143 1734 616 1773 el recado á doña Juana,
141 1779 601 1819 porque no falte á la cita
147 1823 557 1863 que le tiene señalada:
147 1867 639 1904 estas hacen casamientos;
143 1909 577 1949 ellas casan y descasan,
141 1953 579 1994 yo tambien las casaria
143 1998 589 2036 á todas estas taimadas,
155 2039 575 2079 dándole dos mil azotes
143 2083 717 2127 por las calles y emplumadas.
322 2127 686 2164 Alerta jóvenes, etc.
189 2171 583 2210 De las cazadoras voy
150 2216 661 2256 á hablar algo sin tardanza,
153 2259 655 2300 quien son, ya las conoceis
153 2304 603 2345 son unas tias taimadas,
153 2348 731 2389 estas andan muy bien puestas
145 2393 651 2437 por la tarde y la mañana,
825 232 1315 269 por los cafés y las fondas,
833 278 1335 315 y tambien por las posadas,
833 321 1293 357 a ver si bienen señores,
868 363 1330 402 y se ponen de ordenanza
836 407 1339 446 á la puerta, cuando salen,
841 450 1277 488 con amorosas palabras
839 494 1247 533 les dicen, caballerito,
837 536 1433 580 ¿gusta usted de una buena casa
839 578 1379 623 para un pupilo, muy decente
845 622 1375 665 que tiene muy ricas camas
839 666 1447 709 buen gobierno, y tambien tiene
843 710 1393 753 unas muy lindas muchachas?
841 753 1411 796 Si ven que es hombre de bien
843 797 1363 842 pronto mudan las palabras:
849 841 1305 884 si ven que es aficionado
902 885 1351 926 al instante me lo agarran,
889 930 1321 969 á la casa me lo llevan,
889 973 1307 1013 y entre toda esta jarana
856 1017 1290 1060 el pupilo que le buscan
856 1060 1303 1104 es el dejarle sin blanca:
1023 1104 1301 1143 Alerta jóvenes, etc.
897 1147 1312 1187 Si quereis saber quien son
858 1191 1303 1234 las señoritas murgantas,
859 1234 1283 1276 son las que esta guerra
860 1279 1317 1320 emigraron de sus casas,
857 1324 1257 1364 una con un coronel:
864 1364 1429 1408 otra con un cabo de escuadra
862 1412 1237 1450 otra con un capitan
859 1453 1345 1495 del regimiento de España,
860 1496 1288 1540 otra con un carretero
868 1541 1275 1582 de la famosa brigada,
860 1582 1397 1629 y algunas con los tambores,
862 1625 1411 1670 porque tambien las gustaban
1035 1668 1401 1712 Alerta jóvenes, etc.
911 1713 1423 1756 Estas son las que olvidaron
868 1758 1335 1803 á padre, madre y su casa
871 1800 1371 1846 por saciar bien su apetito:
869 1847 1253 1891 ¡infelices insensatas!
873 1887 1469 1936 ¿que es lo que han adelantado?
875 1934 1335 1977 el quedarse abandonadas
875 1981 1239 2021 unas en Valladolid,
877 2024 1321 2065 otras cerca de granada,
875 2068 1303 2107 otras en Cádiz, Sevilla,
871 2109 1359 2151 en Valencia; desdichadas,
875 2151 1368 2194 á espensas de cualesquiera
879 2196 1323 2238 que quiere beneficiarlas;
873 2237 1446 2283 de estas en Madrid hay muchas
877 2282 1289 2328 y estan tan civilizadas
887 2325 1343 2371 que son capáz de pegarle
889 2369 1373 2415 un pastel á una campana.
