1765 2512
174 228 220 267 8
127 275 679 325 aparato y mucho obsequío,
139 322 683 373 en tanto que se embarcaba:
144 372 613 423 lo que en breve ejecutó
144 425 579 473 y para las Indias pasa.
141 470 727 518 Sopló el viento en su fortuua,
141 518 663 567 y en Lima se desembarca:
147 568 629 617 puso la venera al pecho
143 618 661 663 y al lado la cruz de grana.
141 664 641 713 Hechas ya las diligencias
156 712 629 761 del que de arribar acaba
149 761 743 810 á un puerto como el de Lima,
149 810 631 865 y procediendo de España
152 860 627 909 llegó á su casa orgulloso,
153 906 739 960 y al punto á su suegro llama:
157 960 589 1005 el cual así que le vió,
163 1007 645 1054 la sangre se le alteraba,
159 1057 589 1102 renovándose la herida
157 1104 643 1150 de la consabida infamia.
167 1151 737 1199 Ya es tiempo, señor, le dice,
167 1200 627 1251 que veais si está casada
174 1248 675 1297 vuestra hija, como os dijo
171 1299 693 1347 el hombre de vil prosapia,
172 1350 645 1397 que infamó de mi linage
176 1397 629 1445 los honores de mi casa;
169 1446 639 1493 ya está claro lo dudoso,
169 1492 717 1541 mi esposa pido que traigas.
167 1542 641 1589 Yo te la concedo, dice
175 1588 747 1638 el suegro, y al yerno abraza.
173 1643 639 1686 Divulgose esta noticia,
175 1690 673 1736 todo es placer en la casa,
183 1738 613 1785 todo es gozo y alegria,
178 1786 623 1835 y tal novedad estrañan.
179 1832 707 1884 Fueron pues por la señora
186 1883 669 1935 que infinito se alegraba:
187 1935 669 1981 sacáronla del convento,
182 1980 697 2031 tierna los brazos le daba.
179 2035 653 2081 Las fiestas y regocijos,
847 258 1307 302 toros y juegos de cañas,
857 307 1283 350 que mandó hacer don Jancinto,
857 354 1285 398 dígalo por mi la fama.
854 403 1307 447 Presentaron el decreto
853 453 1301 495 á la justicia ordinaria;
858 501 1255 543 alzaron al mercader
861 549 1319 592 el embargo de su casa,
861 597 1315 643 y á la de don Fernando
863 646 1335 688 con decencia lo llevaban,
870 695 1309 737 venerando su persona,
863 746 1257 792 y á los dos afiliaban
868 793 1373 836 por deudos del almirante,
876 840 1375 883 descendientes de su casa.
876 890 1327 933 Y para que sus honores
869 941 1311 984 por todo se divulgáran,
875 989 1281 1029 el Obispo y el virrey
870 1035 1385 1080 y señores de importancia,
878 1084 1327 1127 empeñaban su persona
879 1130 1395 1176 en los negocios de españa
875 1181 1389 1225 del consejo y de la corte,
875 1231 1297 1278 y él se los facilitaba.
876 1277 1351 1323 Así pagó don Fernando
885 1326 1421 1370 á su amigo que le honraba,
882 1377 1319 1419 los favores que le hizo,
885 1425 1307 1468 declarándole la causa
893 1475 1317 1516 de verse como se via.
891 1522 1392 1564 Y con su esposa adorada
896 1573 1294 1613 vivió pacificamente,
895 1618 1509 1664 que aunque se miró engañada,
893 1666 1445 1712 la bondad de don Fernando
894 1717 1333 1761 resarsió toda su falta;
893 1765 1375 1814 y con los nuevos favores
904 1814 1385 1859 revívió su honor y fama,
897 1861 1449 1909 gozando en tiernos cariños
906 1911 1446 1957 correspondencia dos almas.
908 1960 1409 2005 Y el autor pide y suplica,
901 2007 1449 2057 que le perdonen sus faltas.
666 2115 1097 2164 CARMONA:—1856.
180 2153 1588 2234 Imprenta de D. José María Moreno, calla Juan de la Cabra, número 4
