1608 2296
267 189 313 239 7
232 256 732 294 cuyos granos son rubies,
231 305 742 342 en diamantes engastadas
236 352 676 392 con la corteza de oro,
236 402 690 439 y las hojas esmaltadas;
224 450 690 489 mas el honrado señor,
235 500 786 537 que riquezas no le ensalzan,
232 546 818 587 vuelve el caudal al mancebo,
232 595 784 634 diciéndole, muchas gracias.
231 641 744 682 El almirante al momento
228 692 680 731 de la mano le levanta,
235 743 796 782 mandando á su mayordomo,
231 792 714 830 que dispusiese una sala,
231 841 704 877 y Cuide de su asistencia
230 889 668 927 con criados ycriadas.
234 936 714 974 Y al cabo de pocos dias
227 986 708 1023 mandó que la mejor gala
236 1035 726 1072 que tuviese, se la ponga,
229 1084 769 1120 y en su carroza lo embarca.
234 1131 726 1169 Fueron los dos al palacio
232 1180 795 1217 de nuestro invicto monarca:
230 1231 706 1269 su lado siniestro ocupa,
232 1277 730 1318 y llegando á la real sala,
228 1326 679 1363 delante del regió solio
234 1374 754 1413 de la magestad lo ensalza.
228 1422 730 1464 Hablá el almirante al rey,
228 1472 778 1511 el cual dijo estas palabras;
231 1523 715 1560 ¡quién es ese de tu lado
232 1572 754 1606 que tu persona acompaña?
232 1618 704 1657 Es mi pariente, señor,
228 1667 732 1707 que á ver esta corte pasa,
228 1717 716 1756 y aldeas de sus estados;
228 1765 688 1804 y su persona inclinada
224 1810 786 1854 á las Indias siempre ha sido,
230 1858 694 1901 Si su magestad gustára
232 1907 712 1949 de darle un gobierno en ellas,
220 1965 714 1998 y juntamente lo honrára
225 2010 660 2047 con un hábito, porque
225 2057 682 2097 su persona veneráran,
228 2107 708 2145 y un decreto juntamente
229 2155 684 2197 consello y reales armas
944 262 1605 313 para un sugeto que en lima...
948 307 1472 350 donde mi pariente estaba,
947 355 1382 395 difamó sin conocerlo,
954 404 1503 445 porque el tal no se ocupaba
944 453 1498 492 sino en deshonrar á buenos
952 503 1444 540 y deslucir muchas casas.
947 549 1536 596 Si, almirante (el rey le dice,)
948 600 1499 641 soy gustoso en que se haga.
993 646 1452 690 Beso las reales manos,
945 698 1515 736 y estimo merced tantan alta.
956 746 1478 783 Pasa al consejo de estado
952 795 1385 833 y sin aprobacion saca
946 843 1378 882 el hábito de Santiago,
955 890 1384 929 veas si hay, o si vaca
951 939 1438 979 un gobierno, y suyo sea.
950 988 1394 1028 El decreto luego saca,
952 1037 1418 1075 y acabado, se volvieron
945 1085 1415 1125 en la carroza á su casa.
948 1134 1461 1173 Don Fernando se despide
951 1183 1472 1222 con muy urbanas palabras
952 1230 1445 1269 dándole agradecimientos
950 1279 1566 1320 por lo mucho que le honraba.
954 1326 1488 1369 Váyase en paz (le responde)
947 1381 1463 1416 y mire antes que se vaya,
950 1427 1568 1466 que le advierto que me escriba
944 1474 1392 1515 sin que se dilate nada,
943 1527 1461 1566 y en loque se le ofreciere,
941 1574 1390 1612 avise porque se haga.
948 1622 1524 1661 Partió don Fernando á Cadiz
948 1672 1472 1710 llevándose en su compaña
948 1720 1452 1759 criados que á su persona
948 1769 1422 1810 fausto y aparato daban.
953 1817 1515 1857 Volvió en placer los pesares
947 1868 1443 1905 que tanto le molestaban:
948 1917 1340 1953 cada hora le parece
948 1965 1434 2004 que un siglo se dilataba.
946 2013 1449 2051 Allí tuvo un buen amigo
943 2065 1467 2102 para quien trajo una carta
944 2113 1442 2151 del mercader su padrino,
944 2164 1432 2202 que le tuvo mesa franca,
