1765 2512
185 325 236 367 4
142 378 693 421 de mi hija ha sido aquesta.
142 429 591 471 con él intento casarla;
144 474 717 519 ya que no hay otro remedio
153 524 647 567 contra mi gusto se haga.
147 572 651 616 El mercader le responde:
151 622 659 666 señor don Jacinto, basta,
151 670 593 714 mucho merece la niña,
158 720 605 763 él no desmerece nada;
151 769 677 812 obre usted como quien es,
162 816 639 861 véase la sangre hidalga.
159 866 657 910 Dispusiéronse las bodas,
155 914 671 963 y el tiempo todo lo acaba,
157 963 719 1009 que es como dice ei refran;
164 1010 649 1055 bondades señales tapan:
169 1059 695 1103 le dió ochenta mil ducados
166 1108 726 1149 y muchas prendas y alhajas.
174 1158 679 1199 Vivian con grande gusto,
172 1206 607 1251 agradeciendo las altas
165 1255 588 1300 finezas del mercader
169 1302 673 1348 como su amigo del alma.
174 1352 655 1397 Y á dos años de casado,
176 1400 691 1447 estando un dia en la plaza
174 1448 691 1495 como un principe vestido,
180 1494 839 1543 de esta suerte un mozo le habla:
175 1544 749 1592 Fernando ¡qué dicha es esta
184 1592 675 1643 que por tu persona pasa!
181 1642 705 1690 me alegro mucho de verte
188 1690 775 1739 tan portado en tierra estraña.
182 1738 733 1787 Don Fernando le responde:
179 1789 757 1836 no sé lo que usted me habla;
184 1836 681 1885 usted me tiene por otro,
185 1884 803 1935 y es muy cierto que se engaña.
183 1933 743 1983 No me engaño, le responde,
182 1982 763 2032 ni te niegues que en España
186 2032 645 2081 he conocido á tu padre
191 2082 797 2134 y á tu madre allá en mi patria,
199 2133 669 2177 y conozco á tu persona;
200 2177 830 2225 Fernando, en vano te estrañas.
198 2229 701 2273 Y don Fernando le dice;
201 2279 867 2326 si es que el secreto me guardas,
860 361 1342 403 yo soy pero esta fortuna
867 406 1383 451 Dios me la tuvo guardada.
865 455 1419 502 Y supuesto que eres pobre,
865 507 1321 552 yo te dare si me tapas,
873 553 1357 597 con que puedas adquirir
874 603 1389 647 caudal si tu te das trazas,
870 648 1417 697 y estaré siempre obligado:
871 698 1393 743 vente conmigo á mi casa.
868 745 1291 793 Lo regocijó, y le dió
880 794 1393 842 cien pesos en oro y plata:
873 839 1435 890 fuese el mozuelo, y gastólos
876 895 1347 939 en cosas desordenadas;
886 940 1353 985 volvió á pedirle otro dia
883 987 1367 1036 con imperio y amenazas
883 1037 1437 1084 doscientos pesos de pronto,
887 1088 1352 1137 y que si no se los daba
883 1139 1281 1179 á su suegro le diria
891 1182 1393 1230 lo que del caso ignoraba.
891 1230 1529 1278 Don Fernando que esto escucha,
889 1280 1421 1328 metió la mano á su espada
893 1330 1363 1374 para darle la respuesta;
895 1378 1411 1424 mas él huyendo se escapa.
895 1424 1467 1472 Fué al caballero y le cuenta
891 1474 1369 1522 esta afrentosa desgracia
896 1526 1349 1571 del empleo de su hija,
895 1571 1361 1620 como estaba desposada
902 1622 1357 1669 con el hijo del verdugo
907 1669 1393 1716 de Córdoba la nombrada.
907 1718 1427 1765 Esto que oyó el caballero,
907 1769 1399 1814 como toro herido brama,
906 1818 1353 1863 escupiendo basiliscos,
913 1867 1383 1912 quiso á la hija matarla,
910 1914 1319 1960 y jura que si lo coge
908 1962 1421 2009 ha de hacerle mil tajadas
907 2011 1339 2057 Receloso de lo dicho,
915 2059 1435 2106 don Fernando se ocultaba;
919 2108 1329 2156 el caballero lo busca
923 2153 1413 2206 y viendo que no lo hallan
919 2207 1411 2256 prendieron al mercader,
927 2251 1505 2312 y la hacienda le embargaban
