1560 2428
160 225 190 261 2
122 275 655 315 ni ponerle que estos dones
123 325 683 365 los dá Dios con mano franca
124 372 571 411 á quien es su voluntad,
115 419 610 460 que es infinita su gracia.
123 469 649 511 Nadie se admire ni espante
125 519 629 559 de que los troncosy ramas
113 565 616 610 que tiene un árbol inutil,
122 616 685 661 den un frulo de importancia,
123 664 613 706 como lo fué el contenido,
117 713 699 756 aunque del borron ó mancha
120 762 603 803 de los padres participan
120 810 610 852 los hijos sin tener causa.
120 858 680 900 No obstante, doraba el fruto
124 908 663 954 lo que el tronco desdoraba;
117 955 554 997 y con gran sagacidad,
120 1006 566 1047 feconociendo su falta,
126 1056 640 1094 que es parte de discresion
126 1103 610 1145 conocerse en sí la tacha,
121 1152 584 1191 y no hay mas ejecutoria
116 1201 764 1246 que obrar bien, y aquesto basta.
119 1251 534 1287 Apenas llegó á tener
128 1298 598 1341 edad de ceñir la espada,
126 1345 532 1387 viéndose tan ínfelice
124 1395 600 1438 de no poder empuñarla,
113 1449 679 1487 y que de él no se hace caso,
113 1496 606 1534 no ignorante de la causa,
117 1544 625 1582 tuvo un dia con su padre
118 1593 578 1633 unas sentidas palabras,
113 1643 605 1679 donde en público le dijo
112 1690 686 1732 que de su afrenta era causa,
110 1741 572 1777 y por si acaso algun dia
116 1788 522 1828 alguno lo baldonara,
109 1837 588 1876 se querelló de su padre,
115 1886 603 1923 y se ausentó de su casa.
112 1936 584 1974 Embarcóse para Indias,
113 1983 609 2021 donde su suerte lo llama:
114 2032 634 2071 llegó á la ciudad de Lima,
109 2082 610 2119 y al cabo de una semana
118 2129 770 2170 vió una noche que unos hombres,
114 2177 643 2220 á un mercader lo robaban:
844 280 1310 320 chocó con ellos brioso,
847 329 1297 367 y á palos y cuchilladas
843 378 1320 415 hizo que desamparasen
844 426 1291 464 la calle, la hacienda y casa,
846 475 1248 511 Al ruido los vecinos
841 523 1386 562 y el mercader despertaban;
839 572 1198 609 agradecido de ver
844 620 1230 659 esta fineza tan alta,
848 670 1294 712 con empeño le suplica,
848 718 1252 757 ofreciéndole su casa,
841 767 1340 805 su amistad, porque desea
847 815 1314 854 en algo recompensarla.
842 865 1349 905 Despidióse por ser tarde,
842 913 1300 951 y á otro dia de mañana
840 961 1420 999 le fué á ver, dándole cuenta
840 1010 1346 1051 como solo se encontraba,
840 1058 1322 1097 sin arrimo en la ciudad,
835 1108 1368 1146 forastero en tierra estraña.
831 1155 1264 1194 Entonces el mercader
839 1207 1359 1246 le hizo dueño de su casa,
833 1257 1314 1293 y vistos sus procederes;
827 1303 1320 1341 con mas cariño lo trata.
832 1350 1238 1388 Pared enmedio vívia
837 1399 1308 1441 un don Jacinto de Salas,
837 1449 1270 1488 caballero noble y rico,
836 1498 1294 1538 del Orden de Calatraba,
833 1547 1260 1585 el cual tenia una hija,
834 1596 1332 1634 de todos muy envídiada,
837 1643 1280 1682 y enamorada del mozo,
827 1694 1358 1731 le ha dado mano y palabra
831 1743 1350 1779 que se ha de casar con él,
831 1792 1374 1827 aunque pese á quien pasara
836 1840 1357 1875 siendo el mercader testigo
833 1889 1286 1925 de todo cuanto pasaba.
835 1938 1318 1974 Prosiguieron sus amores
834 1986 1326 2022 con los papeles y cartas,
831 2036 1287 2071 y el amor no dió lugar
833 2084 1354 2122 que mucho tiempo pasára;
833 2133 1340 2169 entrada le dió una noche
834 2183 1399 2220 dentro de su cuarto ladama;
