1737 2508
251 305 286 344 5
208 361 748 404 Don Fernando con secreto
215 410 795 452 inandó á su esposa una carta
219 458 778 500 dándola á entender por ella
221 509 804 548 que quiere partirse á España,
216 557 666 596 y desatar tantas dudas
220 605 689 645 como se le acumulaban.
220 652 703 693 Y una noche con secreto
220 702 652 742 por una ventana vaja
223 750 709 791 le dió su esposa la mano,
213 798 694 842 dinero, joyas y alhajas.
933 355 1444 393 Y el con encarecimientos
930 404 1355 442 á su esposa la rogaba
929 452 1552 491 que se entrase en un convento,
927 503 1484 539 y que el secreto le encarga,
932 550 1371 588 que confiaba en Jesus
929 599 1450 635 volver con bien á su casa.
928 648 1372 685 Pasóse él á Vera-Cruz,
923 697 1441 739 y para Fspaña se embarca,
938 745 1412 783 y en otra segunda parte
933 793 1425 833 se dirá lo que aquí falta.
715 914 1101 956 SEGUNDA PARTE.
214 1032 1603 1079 En que se finalizan los varios sucesos y nunca esperada fortuña de este
213 1082 1602 1127 mancebo natural de la ciudad deCordoba, el cual mereció alcanzar
292 1131 1531 1178 los mas altos empleos en los reinos de las Indias occidentales.
268 1359 780 1396 Supuesto noble auditorio,
225 1408 771 1448 que dije en la primer plana
226 1457 660 1495 que en esta remataria
218 1507 724 1542 lo que en la otra faltaba,
219 1555 692 1592 atencion pido, señores,
223 1603 704 1640 que ya voy á declararla.
220 1650 607 1689 Llegó con felicidad
228 1699 753 1739 desde Vera-Cruz á España
226 1749 733 1787 el famoso don Fernando,
231 1798 700 1837 con joyas y ricas galas;
223 1846 721 1884 saltó en tierra y luego al punto
223 1894 710 1931 á Madrid la vuelta daba,
226 1942 667 1981 entre sí considerando
232 1992 742 2029 su fortuna y su desgracia.
236 2041 712 2077 Pensativo, triste y solo,
229 2090 667 2125 dias y noches pasaba,
236 2139 778 2176 como ausente de su esposa;
234 2187 767 2224 que era lo que mas amaba:
242 2238 676 2276 á su fortuna se queja,
937 1353 1526 1391 por ver que le fué contraria;
939 1401 1467 1439 de Dios implora el ausilio,
948 1450 1467 1488 pidiendo que le amparara.
939 1497 1404 1538 A si mismo se pregunta
941 1547 1533 1586 cual juez de su propia cuasa;
945 1595 1447 1640 ¡qué desdicha fué la mia!
947 1646 1439 1686 ¿yo por ventura fuicausa
947 1695 1461 1730 del defecto de mis padres,
946 1740 1562 1781 que en mi son penas dobladas?
942 1787 1475 1831 Que pague la culpa el reo
947 1837 1473 1878 es muy justo que se haga;
949 1886 1488 1929 pero aquel que no la tiene
957 1937 1530 1977 ¿dónde hay ley para pagarla?
949 1985 1459 2024 Arguyendose á sí mismo,
954 2034 1373 2074 en esto se desvelaba;
957 2084 1400 2123 encontró con un ardid,
952 2132 1545 2173 que á su intento acomodaba,
950 2181 1581 2219 que el que entendimiento tiene,
950 2228 1505 2273 algunos conceptos se halla.
