1608 2436
193 205 236 259 6
155 274 693 314 Ensayandose á así mismo,
160 323 594 359 se puso una rica gala
160 373 746 411 previniendo un buen bolsillo,
155 419 737 459 y las prendas de importancia.
153 469 669 505 Fué en casa del almirante
155 518 669 554 de Castilla, y preguntaba
160 566 742 607 si está en casa su escelencia,
157 616 664 653 que le permita la entrada
160 665 672 702 que uncriado suyo quiere,
154 714 798 751 puesto á sus pies, dos palabras.
155 762 676 800 Entró un page; se lo dijo,
163 808 683 849 y dió licencia que entrára.
159 860 661 897 Tan cortés como bizarro,
153 908 707 945 entró el mancebo en la sala
160 957 515 993 hízole su cortesia,
163 1006 673 1043 y á sus pies se arrodillaba.
158 1054 499 1091 Invictisimo señor
149 1103 654 1139 le dice con mucha pausa,
156 1152 734 1190 mostrando gran sentimiento,
155 1200 677 1236 yo soy la mas desgraciada
152 1249 641 1287 criatura de este mundo,
156 1297 700 1338 mas de serlo no soy causa,
160 1347 654 1383 que si yo eligiera padre,
155 1395 741 1433 ni aun el rey me contentára,
160 1444 731 1482 Fuime á las Indias y en ellas
163 1493 662 1530 de mí se pagó una dama,
157 1541 704 1578 que es hija de un caballero
160 1590 638 1628 del Orden de Calatraba.
160 1639 613 1675 Apadrinóme un amigo
158 1688 651 1725 diciendo que le constaba
153 1737 682 1772 ser yo noble y deudo suyo
152 1786 706 1826 y dando las circunstancias,
153 1835 638 1872 con su misma ejecutoria
153 1882 594 1920 de hidalgo pasé plaza
161 1931 616 1968 sin serlo á cuya fineza
154 1980 664 2018 mi persoua está obligada.
165 2028 783 2067 Caséme y me honró mi suegro
162 2078 656 2118 con liberal mano franca,
149 2127 717 2167 gran señor y estando un dia
160 2177 598 2219 alegre fuera de casa,
861 279 1368 320 me reconoció un sugeto,
867 328 1384 366 que era hijo de mi patria.
864 374 1396 416 Neguéme al conocimiento,
868 424 1418 462 mas no aprovechó de nada:
868 472 1410 512 fué forzoso el descubrirme,
871 520 1280 558 y soborné su dañada
869 570 1415 607 intencion. Con que otro dia
874 617 1314 655 dijo que si no le daba
873 668 1420 705 doscientos pesos de pronto,
874 716 1360 753 daria cuenta en mi casa.
882 766 1372 801 Quise matarlo, y huyóse;
875 814 1471 852 fué á mi suegro, y le declara
876 863 1388 900 la verdad de mi desdicha,
873 912 1411 949 que aqui no puedo negarla.
879 960 1348 997 considore vuescelencia
877 1009 1439 1045 ¿qué disgusto habria en casa?
874 1058 1326 1093 Supe con todo secreto,
876 1106 1334 1143 que mi suegro deseaba
876 1156 1406 1191 matarme; mas no le culpo,
871 1203 1480 1242 que si en su lugar me hallara,
869 1252 1388 1290 hiciera, señor, lo mismo,
876 1299 1319 1338 y satisfaccion tomara.
873 1349 1375 1387 Esta es, señor, la verdad
878 1399 1362 1435 de todo loque me pasa:
868 1447 1364 1484 mi fortuna me ha traido,
876 1497 1330 1532 tu patrocínio me valga:
876 1544 1410 1583 honrad, señor, este triste,
876 1594 1332 1629 que desvalido se halla.
875 1642 1453 1679 por ser propio en los señores
872 1690 1350 1727 favorecer, si en su casa
875 1739 1330 1775 toman asilo los pobres
873 1790 1438 1824 y dar honra á quien le falta.
872 1836 1356 1874 Recíba ahora vuecencia
873 1888 1519 1931 aquesta memoria escasa
871 1935 1513 1981 que quisiera dar en ella.
873 1985 1515 2030 el valor de toda España
876 2033 1372 2069 los tesoros de las indias.
877 2082 1325 2118 y las arcas soberanas:
879 2131 1486 2167 dióle el bolsillo y las prendas,
873 2179 1515 2230 y entre ellas una granada,
