1737 2508
267 259 309 301 3
230 316 803 359 súpolo el padre, y prudente
224 365 712 405 fué donde la hija estaba;
235 412 680 454 duda lo mismo que vé,
231 462 806 501 y antes de hablarles palabra,
229 511 700 552 consideró como cuerdo
240 561 704 600 el deshonor de su casa,
238 609 760 649 y reportándose, ha dicho:
237 659 803 701 ¡que hayan visto tal infamia
235 707 746 746 mis ojos, y esto consienta
234 755 716 795 á pesar de ello mi fama!
243 805 749 845 ¡cómó tanto atrevimiento!
247 853 758 892 ¡En las principales casas,
240 902 695 941 se usa aquesta villania.
244 950 714 989 El mancebo se levanta,
242 999 656 1037 y arrodillado le dice:
248 1048 765 1087 el firme amor es la causa
250 1098 790 1133 de estos mis atrevimientos;
248 1144 675 1183 mira, señor, y repara,
246 1193 903 1232 que en lo hecho no hay remedio;
247 1242 696 1281 este sagrado me valga,
247 1291 741 1330 sino, tu eres el cuchillo,
243 1340 675 1380 yo la carne delicada,
249 1388 716 1427 corta, señor, á tu gusto,
254 1437 714 1476 tu rigor sobremi caiga.
252 1487 622 1524 Al ruido la señora,
255 1535 657 1572 los criados y criadas
256 1584 772 1627 acuden, y el caballeroy
251 1634 899 1676 mandó que se retiraran,
258 1680 882 1727 y al mancebo y á la niña
258 1730 761 1769 enciérranlos en dos salas
256 1782 888 1825 con cargo dejuramento
257 1829 830 1865 que si á su sangre nonguala
254 1876 821 1915 sin remedio he de matarlos
263 1924 816 1964 antes de que lo afrentaran.
251 1973 772 2014 Pasó sin dormir la noche.
259 2025 911 2069 y luego por la mañana
263 2073 899 2117 fué encasa del mercader
254 2121 752 2159 por el mozo preguntaba,
264 2170 714 2208 brujuleando pesquisas,
259 2220 789 2259 como quien no sabe nada,
946 306 1561 349 y el mercader que no es lerdo.
946 356 1545 397 le ha dicho aquestas palabras:
946 407 1512 447 señor don Jacinto, el mozo,
954 454 1451 496 sin quitarle á nadie nada
957 503 1449 546 es tan bueno como el rey
966 553 1396 594 y no desmerece nada.
956 597 1488 645 Es un primo hermano mio
960 649 1517 692 que se ha venido de España,
958 698 1526 739 y es noble que aquí le tengo
960 747 1383 790 su ejecutoria ganada;
965 796 1489 838 y no porque es deudo mio,
964 844 1526 885 que si usted esperimentara,
970 893 1533 933 viera en él prendas de garbo,
961 942 1506 982 y un hombre de confianza.
956 990 1511 1032 No tiene mas de un defecto:
966 1038 1519 1081 que ser pobre, y es la falta
961 1086 1631 1128 mas comun que hay en el mundo,
974 1136 1515 1176 pues hacemos de ello gala:
971 1186 1594 1228 pero en cuanto á lo demas,.
965 1236 1517 1274 nadie puede hablar palabra.
966 1284 1421 1324 El caballero responde:
962 1332 1487 1372 si esto que usted declara,
972 1381 1628 1428 es verdad, quiero contarle.
971 1430 1464 1470 como amigo lo que pasa.
963 1483 1548 1522 A deshora de la noche
972 1529 1521 1566 lo encontré dentro mi casa
976 1575 1481 1615 conversando con mi hija,
971 1624 1546 1664 y esto es una accion villana;
974 1671 1514 1713 no sé lo que entre los dos.
967 1724 1631 1770 sobre este misterio pasa.
968 1772 1499 1810 Reportáronme los cielos,
974 1819 1471 1857 volví el acero á la vaina,
975 1867 1531 1907 pensando que con matarlos
979 1918 1430 1956 el daño no remediaba;
979 1966 1557 2005 demás que él no tiene culpa,
977 2020 1545 2061 síno mi hija liviana:
977 2066 1545 2101 que él no habia de arrojarse
980 2113 1631 2159 si ella no le diera entrada.
976 2163 1631 2206 Supuesto que su fortuna
975 2212 1573 2255 lo quiso asi, y ladesgracia
