1765 2512
76 291 638 334 tampoco se han de quedar
78 347 592 392 sin su repaso las viejas:
85 403 633 447 que con la boca esmolada
80 458 616 503 el demonio sea con ellas,
73 513 640 556 siempre van con el rosario
76 568 736 614 por que por buenas las tengan,
86 624 672 666 y son peores que las mozas
82 677 660 720 sirviéndoles de alcahuetas:
79 732 594 778 luego dicen: CMariquilla,
80 786 518 828 bajando la Corredera
80 840 742 887 me encontré con aquel hombre;
76 900 706 944 ¿y qué le dijo á usted abuela?
82 955 660 994 Dijo que muchas memorias,
81 1009 667 1050 y que esta noche te espera;
84 1063 630 1103 cuidado que no haya falta
96 1115 728 1159 que viene á el dejar la queda.
84 1169 636 1214 Y luego quieren meternos
88 1224 610 1270 los santos por berejenas;
86 1279 647 1323 siempre estan en el rincon
92 1334 550 1381 encima de la candela,
91 1390 546 1433 calentandose la panza
87 1448 646 1486 que parecen pavas cluecas,
92 1501 712 1541 siempre dicen que no comen,
91 1555 740 1598 que se estan callendo muertas,
91 1611 623 1658 y luego pueden comerse
809 291 1366 333 los garños de una espetera:
811 347 1327 389 que padecen reumatismo
810 402 1288 442 que les duele la cabeza,
812 455 1350 500 que padecen de los callos,
809 513 1309 553 y tambien de la jaqueca:
811 561 1293 601 y todo esto es mentira,
809 614 1375 657 por que lastima les tengan;
811 671 1342 711 yo ago juicio que si todos
811 725 1308 765 tanta como yo tuvieran,
814 779 1288 821 cuando ellas dijeran ay
808 834 1323 875 bien se pudiera creerlas:
803 889 1319 933 por ultimo, es la semilla
814 945 1488 985 mas mala que hay en la tierra,
805 1001 1303 1042 por ellas hay puñaladas,
808 1056 1376 1095 muertes, riñas, y quimeras;
809 1108 1441 1151 por la muger pierde el hombre
809 1164 1351 1203 en una hora su hacienda:
809 1217 1305 1260 y asi, digo que reniego,
814 1273 1302 1316 reniego, de todas ellas,
808 1327 1332 1370 de doncellas, de casadas,
810 1383 1330 1425 de viudas y de las viejas,
809 1438 1307 1479 de todas juntas reniego
819 1494 1396 1535 de cuantas hay en la tierra,
813 1549 1321 1593 y asi quedaros con Dios
809 1604 1380 1646 me voy de la vista vuestra.
726 1841 894 1994 FIN.
628 2225 1018 2268 CARMONA:—1855.
212 2272 1380 2320 Imprenta de D. José María Moreno, Descalzas núm. 1.
