1765 2512
109 286 725 328 y aunque paresco algo tonto,
124 340 654 382 los zapatos con tachuelas,
120 393 728 436 sé muy bien donde me matan
123 449 683 492 y del lado que me aprietan,
127 504 693 547 que el que parece borrego
120 559 624 599 es sastre de todas telas
115 613 652 656 y sabe distinguir el paño
116 669 646 708 de entre panas y bayetas:
123 724 656 767 por lo mismo que conoce
116 780 656 818 las indianas y estameñas,
119 833 601 874 conoce de las mugares
118 887 632 929 las maldades y cautelas,
119 942 602 983 que las mocitas del dia
114 996 717 1038 hay pocos que las entiendan;
117 1050 632 1093 llega cualquiera tontillo
118 1105 688 1147 á una niña y le hace señas,
117 1159 759 1202 ella aunque á muchos le hable
121 1215 615 1257 le corresponde risueña,
127 1269 657 1313 él se vá entre si diciendo
117 1324 733 1367 soy dichoso hasta que muera;
127 1378 639 1426 y ella se queda diciendo
124 1436 658 1477 buen calabazar te espera,
127 1490 705 1536 y por cualquier amor nuevo
125 1546 684 1584 á el mejor tiempo lo dejan;
127 1598 740 1641 esto es lo que hacen las niñas
128 1653 720 1697 sin mas trabajo ni hacienda.
131 1710 591 1752 se juntan unas y otras
128 1764 813 1808 á qué... á dar soltura á la lengua,
124 1819 592 1863 fulano qué chiquitillo,
125 1873 720 1922 ¿es un nabo de dos piernas?
127 1928 708 1975 pues mira tú el largo mayo
127 1984 687 2030 ¿habrá vision mas orrenda?
126 2041 581 2082 sino le cortan la guia
125 2093 679 2137 va á llegar á las estrellas:
131 2149 633 2196 pues mira tú á setanillo
131 2207 704 2252 que tiene las patas tuertas,
121 2259 619 2311 y suele algunas desirle
855 281 1385 323 vaya... ya que te quisiera
857 335 1532 378 y responde, yó... he despreciado
856 391 1382 431 en un año mas de trienta;
853 447 1380 488 y alguna á la fin y postre
851 501 1372 541 ha de quedarse por estas
853 554 1291 594 todo el dia se les vá
862 609 1382 649 de la ventana á la puerta,
862 664 1406 706 que hace tantas asomadas
852 719 1414 759 como gracioso en comedia,
857 773 1341 816 asomándose á el espejo
852 828 1296 871 adornando la cabeza,
859 883 1367 922 componiéndose los rizos
861 937 1459 981 y en los rincones la hacienda,
856 993 1338 1033 y la que llega á casarse
851 1047 1400 1088 con algun niño que tenga,
861 1103 1423 1140 diez y siete años cumplidos
854 1156 1444 1199 ó aunque diez y ocho tenga,
858 1211 1359 1252 que sí cuidado se pone
854 1266 1348 1307 la boca le huele á teta
856 1320 1300 1360 asi que ya de casada
857 1375 1325 1415 se ve arta y satisfecha
867 1430 1360 1471 todas son malas razones
853 1488 1357 1531 y peor correspondencia:
862 1543 1451 1580 si está algun tiempo parado
861 1596 1382 1637 mientras el trabajo llega,
864 1650 1383 1690 todos son gritos y voces
861 1704 1386 1746 estando la puerta abierta,
864 1759 1306 1801 á enterar la vecindad
861 1814 1375 1860 que todos el caso sepan,
863 1870 1335 1915 y las mejores palabras
867 1924 1471 1967 que á los maridos les sueltan
867 1980 1360 2021 «Anda, picaro, tunante,
865 2034 1500 2077 si siempre has sido un perrera,
871 2090 1487 2135 que no has ganado en tu vida
863 2146 1299 2190 para abiar una cena,
862 2201 1390 2245 si yó llegára á onviudar,
871 2258 1325 2302 ojalá que pronto fuera,
