1737 2508
185 266 715 309 el que me habia de pillar
184 320 740 363 menester es que corriera.»
193 376 591 418 Y si le llega á faltar
179 431 703 473 á gritos tiembla la tierra:
187 486 828 530 ¿Pero echan lágrimas?.. ámanta
192 542 765 583 como si á un perro le pegan;
188 596 736 640 y á los dos meses señores
191 651 770 694 ya están como las mozuelas,
198 706 752 747 puestas de pico en ventana
192 761 816 803 tan blanqueadas y compuestas,
193 815 718 858 por si algun desesperado
195 871 764 912 carga con la Cruz á cuestas;
183 925 741 973 y el que todo esto aguanta
194 986 677 1024 y se lleva bien con ella,
182 1035 646 1071 no gana para vestirla,
189 1091 657 1131 y jamas está contenta;
193 1145 660 1185 y si por suerte llegase
189 1200 812 1241 en su pueblo á haber comedia,
191 1256 868 1296 hay un pleito, hasta que el pobre
185 1309 762 1352 le obliga el llevarla á verla,
199 1368 701 1406 y al instante le propone,
199 1419 691 1461 «yo no voy á la cazuela,
193 1475 775 1516 que allí van malas mugeres
193 1530 791 1572 y quizás sean mejor que ellas,
190 1585 806 1624 si es en tiempo que hay toros,
194 1639 728 1680 tenemos la misma cuenta:
195 1694 692 1736 y si á llevarla se obliga
187 1750 676 1789 necesita otras gabelas;.
193 1802 761 1843 ¿yo no puedo ir á los toros
194 1857 696 1901 sin un pañuelo de seda,
200 1913 728 1958 por materia de tres duros
200 1968 797 2011 nos quitamos de una afrenta:
208 2023 649 2066 pues mira tú fulanilla
203 2079 754 2121 con sus zarcillos de perlas,
195 2134 676 2178 su pañuelo de la india,
198 2189 648 2231 su vestido con zanefa,
199 2247 627 2287 sus zapatos de cotón
909 268 1367 309 y peinilla de diadema,
916 322 1387 362 ¿no sale con su marido
911 375 1425 419 que parece una princesa?
905 428 1409 474 y es muger de un oficial
916 483 1389 527 como tú sin diferencia:
920 539 1342 582 pero si tú á tu mujer
905 592 1441 637 no puedes siquiera verla:?
918 649 1395 690 y le forman un proceso
919 704 1426 747 que le humea la cabeza:
907 758 1425 803 ay! qué lastima de estaca
917 813 1435 859 desechada por muy recia,
915 866 1379 911 y darle todos los dias
920 921 1400 968 un desaumerio con ella,
908 976 1439 1021 si á mi me las entregaran
913 1031 1435 1077 medio año por mi cuenta
919 1084 1363 1129 yo las habia de poner
909 1141 1468 1185 mas humildes que la tierra.
917 1197 1528 1240 que á la muger, buenos palos
919 1253 1399 1295 tenga delito ó no tenga.
915 1308 1395 1348 Pues no es esto lo peor
917 1363 1499 1407 que me queda la mas negra,
924 1417 1523 1459 que despues de estos trabajos
915 1473 1525 1515 San Marcos ande á las vueltas:
911 1528 1482 1570 entonces si que el demonio,
913 1582 1510 1627 anda suelto al redor de éllas,
918 1638 1407 1679 y no las puede aguantar
922 1693 1454 1737 el que se ató las calcetas,
919 1748 1418 1787 y si todo el que se case
923 1801 1488 1844 que jamás chanzas le tenga
923 1857 1518 1898 á la mujer, por que entonces
917 1911 1487 1955 se lo come como almendra;
927 1966 1330 2007 sacudirlas amenudo
927 2021 1432 2065 porque polilla no tenga,
919 2077 1473 2118 y la que quiera estar maja
921 2131 1474 2174 que hile ó que haga media,
927 2186 1445 2227 que si hoy tengo un real
921 2243 1442 2284 mañana quizás no tenga
