1737 2508
1217 205 1479 358 (Núm. 294.)
349 1285 1366 1362 NUEVA RELACION BURLESCA,
142 1431 1558 1478 en la que se manifiesta los defectos de todas las mugeres, mozas,
591 1485 1124 1526 casadas, viudas y viejas.
409 1580 1297 1645 Compuesto por Manolillo el de Santiago.
194 1707 756 1748 Dios os guarde caballeros,
157 1761 631 1804 y á vosotras caballeras,
150 1816 594 1858 á doncellas y casadas
149 1871 657 1915 y tambien á las abuelas,
156 1926 702 1967 aunque en clase de muger
154 1981 780 2022 Dios las guarde y las defienda,
149 2034 718 2078 de que caigan en mis uñas
153 2091 784 2133 que son mas finas que alesnas;
160 2146 668 2189 á la que le echo la mano
149 2202 690 2243 á el punto la dejo muerta;
153 2255 801 2302 ya he muerto de aquesta suerte
883 1701 1418 1744 catorce por buena cuenta:
884 1756 1414 1799 os quiero decir quien soy
879 1811 1462 1854 que es principio de mi idea:
879 1865 1329 1907 soy en Ubeda nacido,
883 1922 1475 1963 porque el cielo asi lo ordena,
883 1975 1354 2018 en la casa de Santiago,
880 2031 1410 2073 á el fin de la Calle Nueva
881 2086 1380 2130 es donde vivo, señores,
886 2141 1399 2185 para que todos lo sepan;
885 2197 1495 2239 mi nombre es Manuel Moron,
883 2254 1457 2299 por el mar y por la tierra,
