1765 2512
163 297 845 345 y echeis fama que ella es muerta
165 351 683 393 de cierto mal que tenia,
172 402 668 449 y tratarse el casumiento
167 456 699 500 como cosa no sabida;
172 508 716 552 porque no sea deshonrada
172 564 671 605 hija que tanto queriá:-
165 617 593 657 Oidas estas razones,
177 668 703 711 el buen conde respondia:
168 722 681 764 no puedo negañ, al Rey,
173 774 657 816 lo que la infanta decia,
178 826 690 870 sino que es todo verdad,
171 880 575 922 cuanto ella referia.
172 932 784 974 Por medio de vos, buen Rey,
177 985 682 1027 no casé con quien decia,
171 1038 771 1080 no pensé que vuestra Alteza
175 1092 584 1133 en ello consentiria.
174 1144 740 1188 De casarme con la Infanta,
182 1198 686 1241 yo Señor, bien casaria,
182 1251 678 1293 mas matar á la condesa,
177 1305 669 1349 yo, Señor, no lo haría:
180 1359 645 1397 porque no debe morir
183 1410 633 1452 la que no lo merecia.
175 1462 848 1504 De morir tiene, buen conde,
188 1517 760 1558 por salvar la honra mia;
185 1568 749 1610 pues no mirasteis primero
187 1623 645 1664 lo que mirar se debia.
186 1675 702 1717 Si no muere la condesa,
192 1728 630 1769 á vos costará la vida,
194 1781 764 1823 que por honra de las reyes
184 1835 728 1876 muchas sin culpa morian,
191 1887 763 1929 pues quemuera la condesa
185 1938 784 1982 no es muy grande maravilla.
198 1994 850 2034 Yo la matáré, buen Rey
189 2048 703 2088 mas no será culpa mia,
191 2098 763 2141 vos os avendreis con Dios
191 2154 703 2194 en la fin de vuestra vida;
195 2206 847 2250 y prometo á vuestra Alteza.
188 2263 566 2302 á fé de caballería,
851 164 891 316 4
909 283 1499 329 que me escriba por traidor,
900 336 1359 382 si lo dicho no cumplia
903 390 1391 435 de matar ála condesa,
904 442 1476 488 aunque malino merecia,
904 492 1587 540 Buen rey, si me dais licencia
912 546 1589 595 yo luego me partiria.
903 600 1559 646 Idos con Dios, el buen Conde,
908 652 1585 699 ordenad vuestrá partida.
912 705 1589 752 Llorando se parte el conde
905 761 1423 805 llorando su suerte impía,
903 813 1419 858 llorando por la condesa,
910 865 1465 912 que mas que así la queria.
919 916 1453 965 Tambien lloraba el conde
912 970 1423 1018 por tres hijos que tenia:
916 1019 1584 1071 el uno era de pecho
922 1073 1592 1126 que la condesa lo cria;
915 1130 1569 1177 que no queria mamar
924 1182 1594 1231 de tres amas que tema
918 1235 1591 1282 sino era de su madre
915 1285 1600 1337 que muy bien la conocia.
924 1338 1603 1390 Los otros eran pequeños,
921 1393 1600 1443 poco sentido otenian.
918 1449 1594 1494 Antes que llegase el conde,
917 1502 1498 1549 estas razones decia;
917 1552 1596 1606 ¡Quén podrá mirar, ¡cundesa
928 1604 1594 1654 vuestra cara de alegria
928 1657 1592 1707 que saldréis ásrecibirmeu
932 1710 1581 1758 á lá Hn de vuestra vidal!
928 1762 1585 1812 Yo soy éltristé culpado:
926 1816 1589 1864 esta culpa toda es mia.
936 1873 1588 1918 Y diciendo estas palabras .
930 1921 1601 1972 la condesa ya salia
936 1975 1529 2024 que un pagé le habia dicho
928 2026 1602 2079 como el conde ya venia.
938 2081 1601 2130 Vido la condesa al conde
926 2136 1601 2184 la tristeza?ique traia;
932 2188 1609 2236 vióle lostojos llorosos
934 2242 1599 2290 que hihchadosdos trara
