1765 2512
101 268 665 308 que no puede tener honra,
103 322 657 360 siendo vos, condesa, viva.
108 373 648 414 Esto que oyò la condesa,
100 426 664 466 cayó en tierra amortesida:
101 479 690 519 mas despues en si tornando,
111 532 542 572 estas palabras decía:
104 585 658 625 pago son de mis servicios,
112 639 650 679 conde, con que os servia;
106 692 652 731 si no me matais, el conde
108 744 563 784 bien os aconsejaria.
104 796 604 840 Enviadme á mis estados,
112 850 598 892 que mi padre me tenia;
101 905 644 942 yo criaré á vuestros hijos
108 956 606 996 mejor que la que venia
101 1009 606 1048 y os mantendre lealtad,
104 1062 674 1101 como siempre os mantenia.
108 1114 652 1155 De morir teneis, condesa,
108 1168 694 1207 aun antes que venga el dia.
116 1222 778 1261 Bien parece, el Conde Alarcos,
104 1274 614 1315 yo ser sola en esta vida,
113 1328 716 1369 porque tengo el padre viejo,
110 1380 570 1418 mi madre es fallecida,
112 1432 640 1475 y mataron á mi hermano
120 1486 692 1529 el buen conde Don Garcia,
112 1538 676 1581 que el rey lo mandó matar
113 1591 682 1634 por miedo que de él tenia.
118 1644 674 1686 No me pesa de mi muerte,
118 1698 604 1736 porque yo morír tenía:
114 1750 674 1794 mas me pesa de mis hijos,
121 1804 662 1845 que pierden mi compañia.
117 1857 666 1899 Hacédmelos venir, conde,
116 1910 582 1948 y vereis mi despedida,
118 1962 688 2005 No los vereis mas condesa,
116 2016 622 2056 en dias de vuestra vida;
114 2068 624 2111 obrazad á este chiquito,
122 2122 783 2173 que aqueste es el que pedia,
116 2175 574 2217 encomendaos á Dios,
124 2230 774 2277 que esto de hacerse tenias.
778 140 824 290 6
825 269 1514 309 Dejodme decir, el conde
829 322 1316 363 una oracion que sabia;
840 374 1336 415 decidla presto, condesa,
833 427 1384 468 ántes que se venga el dia.
836 481 1450 522 Presto la habré dicho, conde,
831 533 1385 576 no estaré un Ave-María.
838 585 1364 627 Hincó la rodilla en tierra,
837 639 1337 678 y aquesta oracion decia:
847 691 1376 733 ¿en tus manos, Salvador,
844 744 1376 784 encomiendo el alma mia.
839 798 1429 839 No me juzgueis mis pecados
832 850 1272 891 segun yo lo merecia,
837 905 1394 943 mas segun tu gran piedad,
837 957 1423 998 y la tu gracia infinita.»
838 1010 1514 1051 Acabada es ya, buen conde,
837 1063 1352 1101 la oracion que yo sabia:
842 1114 1376 1157 abrazaros quiero, conde,
846 1168 1384 1208 por al amor que os tenia.
839 1221 1515 1261 Dadme acà aquese hijo,
845 1274 1509 1320 mamará por despedida;
846 1327 1525 1366 no lo desperteis, condesa
843 1380 1519 1420 dejar de estar, que dormia;
841 1433 1511 1473 solo os demando perdon,
847 1486 1525 1526 porque ya se viene el dia.
846 1538 1517 1579 A vos yo perdono, conde
841 1592 1517 1633 por el jamor que os tenia;
845 1645 1513 1686 mas yo no perdono al rey,
847 1699 1520 1739 ni á la Infanta su hija,
855 1751 1356 1790 sino que quedan sitados
855 1805 1515 1845 delanta la alta Justicia
858 1856 1260 1896 que vayan á juicio
855 1912 1517 1947 dentro de los treinta dias;
856 1963 1342 2002 estas palabras diciendo,
851 2016 1352 2058 el conde se apercibia;
851 2071 1342 2110 èchala por la garganta
850 2123 1362 2162 una toca que vestia
852 2175 1398 2216 apretó con las dos manos,
849 2232 1357 2271 con la fuerza que podia;
