1737 2508
180 353 711 403 Yo os lo daré, buen rey,
182 408 702 454 de lo que pensado habia.
173 461 750 511 Mate el conde á la condesa
174 514 663 562 que ninguno lo sabria,
172 566 792 615 echa fama que ella es muerta
176 619 736 669 de un cierto mal que tenia,
174 674 674 719 y tratarse el casamiento
168 726 647 770 como cosa no sabida
167 779 851 828 de esta manera, buen rey,
171 831 847 882 mi honra se guardaria;
173 884 845 936 De allí se sale el buen rey
166 937 843 990 no conplacer quetenia
162 990 837 1040 lleno va de pensamientos
171 1043 837 1096 con la nueva que traia.
169 1093 834 1147 Vido estar el conde Alarcos
167 1150 711 1198 entre muchos, que decia:
168 1209 748 1252 ¿Qué aprovecha caballeros,
161 1259 731 1302 amar y servir amiga
163 1307 739 1358 que son servicios perdidos
170 1360 700 1409 donde firmeza no habia?
166 1414 723 1464 No puede por mi decirse,
168 1468 620 1515 aquesto que yo decia,
173 1520 738 1569 que en tiempo que yo serví
167 1573 696 1623 una que tanto valia
165 1626 823 1674 si muy bien la quise entonces,
161 1677 605 1726 ahora mas la queria;
161 1732 714 1781 mas por mi podrán decir:
171 1783 836 1834 ¿quien bienquiere, tarde olvida.
164 1838 709 1884 Estas palabras diciendo:
161 1892 758 1942 vido al buen rey que venia,
169 1944 759 1996 y por presentarse á él,
164 1997 826 2049 de entre todos se salia
163 2048 749 2101 Díjole el buen rey al conde,
157 2102 737 2153 hablando con cortesia:
166 2156 728 2205 convidaros quiero, conde,
163 2208 666 2256 para mañana aquel dia
162 2263 812 2311 que querais comer conmigo,
162 2315 703 2365 por hacerme compañia.
844 234 888 390 3
907 374 1499 416 Que se haga de buen grado
897 424 1378 469 lo que su alteza pedia:
895 477 1376 522 beso tus reales manos,
901 531 1360 575 por la buená cortesía
908 583 1366 627 de tener aqui mañana
910 636 1433 682 aunque estaba de partida.
905 689 1453 734 que la condesa me espera,
902 742 1364 787 segun carta me envia.
901 793 1338 841 Otro dia de mañana,
904 848 1333 892 el rey de misa salia,
903 901 1562 944 sentaronse á comer,
897 954 1483 998 no por gana que tenia,
897 1007 1569 1050 sino por hablar al conde
905 1059 1553 1104 lo que tanto apetecia.
897 1114 1577 1158 Alli fueron bien servidosar.
903 1168 1575 1209 como al rey pertenecia.
895 1221 1576 1264 Despues que hubieron comido;
903 1273 1317 1314 toda la gente salia;?
903 1326 1577 1371 quedóse el rey con el conde
908 1380 1566 1422 en la sala! que comian
897 1431 1579 1474 empezo á hablar el rey
903 1485 1578 1528 la embajada que tráia,
911 1537 1573 1581 unas nuevas traigo, Conde
907 1592 1577 1634 que de ellas no me placia
908 1644 1576 1686 por las cuales yo me quejo.
904 1696 1423 1740 de vuestra descortesía.
906 1748 1416 1792 Prometísteis á la Infanta
908 1802 1410 1848 lo que ella no os pedia;
903 1855 1450 1898 de siempre ser su marido
902 1911 1384 1952 y á ella que le placia
907 1962 1501 2005 y si á otras cosas pasásteis,
902 2012 1394 2057 no entro en esta porfia,
903 2065 1382 2111 que no os lo demandé,
893 2119 1396 2163 no os lo demandaria.
899 2170 1439 2220 Otra cosa os digo, conde,
906 2224 1380 2269 demas que os pesaria:
907 2277 1445 2323 que mateis à la condesa
897 2332 1472 2379 que cumple á la honra mia
