1765 2512
139 349 743 396 Vino el rey, siendo llamado,
139 402 640 450 que no tardó su venida:
145 456 595 503 vídole estar apartada:
132 510 655 557 sola está y sin compañia:
132 561 649 608 su lindo rostro mostraba
130 615 644 660 ser mas triste que solia.
136 670 624 712 Conociera luego el rey
145 723 542 766 el enojo que tenia:
145 771 751 831 ¿Què es aquésto, la Infanta?
143 826 737 880 ¿Qué es aquesto, hija mia?
151 883 710 924 contadme vuestros enojos,
143 934 635 977 no tengais melancolía,
145 986 729 1030 que en sabiendo la verdad,
139 1040 545 1082 todo se remediaria.
144 1093 678 1136 Menester será, buen rey,
139 1146 593 1189 remediar la vida mia,
150 1198 800 1242 que á vos quedó encomendada
144 1251 626 1295 de la madre que tenia.
144 1304 740 1348 Darásme, buen rey, marido
145 1358 683 1401 que mi edad lo requeria;
150 1410 786 1453 con vergüenza os lo demando,
147 1464 631 1507 no por gana que tenia,
147 1516 736 1560 que aquestos cuidados tales
151 1569 717 1613 á vos, rey, os pertenecian.
151 1623 637 1666 Escuchada su demanda
153 1676 683 1719 el buen rey le respondia:
158 1729 664 1773 esa culpa, la mi IMfanta,
160 1782 686 1825 vuestra era, que no mia,
156 1834 637 1878 que ya fuèrades casada
160 1889 703 1930 con el Príncipe de Ungría:
153 1940 611 1983 no quisisteis escuchar
157 1993 693 2036 la embajada que os venia.
155 2044 821 2088 Pues aca en las nuestras Córtes
155 2099 683 2142 mal recaudo, hija, habia,
145 2153 741 2196 porque en todos mis reinos,
156 2206 712 2248 vuestro par igual no habia,
159 2259 713 2302 sino era el Conde Alarcos.
153 2312 675 2357 que hijos y muger tenia.
792 215 854 367 2.
865 340 1342 381 Convidadle vos, el rey,
867 393 1311 437 al Conde Alarcos un dia,
851 446 1313 496 y despues que hayaís comido,
876 500 1321 541 decidle de parte mia,
867 550 1379 596 que no eche en èl olvido
873 603 1299 647 la fe que de él tenia,
874 656 1392 699 la cual él me prometiera,
867 710 1343 754 que yo no se la pedia.
875 763 1432 804 de ser siempre mi marido,
869 817 1390 861 yo, que su muger sería,
865 868 1467 910 siendo de eso muy contenta,
878 920 1330 962 y no me arrepentiria:
874 974 1352 1015 si casó con la condesa,
875 1026 1402 1075 que mirase lo que hacia,
879 1080 1337 1128 que yo por él no case
875 1133 1433 1177 con el príncipe de Ungria;
872 1185 1381 1230 si la condesa es burlada,
886 1236 1441 1283 de ella es culpa que no m
884 1289 1380 1336 Perdiera el rey en oirlo
884 1345 1313 1390 el sentido que tenia;
876 1396 1439 1442 mas despues, en sí tornan
879 1450 1333 1494 con enojos respondia:
877 1503 1394 1547 no son esos los consejos
887 1555 1472 1601 que vuestra madre os decia:
879 1609 1471 1653 mal mirais vos, la Infanta;
887 1663 1313 1707 do era la honra mia;
881 1715 1331 1759 si verdad es todo eso,
884 1765 1456 1813 vuestra honra es ya perdid
877 1821 1417 1865 No podeis ser vos casada,
883 1874 1385 1919 siendo la condesa viva;
889 1926 1352 1972 si hace el casamiento
896 1980 1393 2026 por razon ó por justicia,
893 2033 1421 2078 en el decir de las gentes,
893 2085 1397 2132 por mala sereís tenida.
887 2139 1424 2184 Dadme voz, hija, consejo
897 2193 1375 2239 que el mio no bastaria,
892 2241 1555 2292 que ya es muerta vuestra ma dr
885 2299 1395 2347 á quien consejos pedia.
