1765 2512
154 260 792 298 No quisiera en éste asunto
104 312 726 352 á las damas agraviar,
107 359 791 405 callarè como un difunto.
104 409 755 458 que son como el trafalgar,
114 459 789 506 que en afiojándose un punto...
872 259 1528 298 Eva, poriser la primera
835 311 1526 351 ya pardió el genero humano
836 359 1515 405 y las demas con cualquiera,
840 407 1527 459 que en untándolas la maño
840 455 1519 515 todas se van de carreña.
557 546 1154 577 En ciertu Ciudad de España
410 579 1071 629 pusieron preso á un Gitano,
349 630 1529 676 porque se encontró una capa
397 686 1524 724 antes de perderla el amo.
147 783 785 824 Señorita resalada
105 830 662 864 tu amor me tiene postrado
104 880 569 929 hermosisima diana,
108 929 546 962 tus ojos me cautivaron
112 975 710 1012 en cierta Ciudad de Españá:
154 1072 630 1107 Salada, dame la mano,
111 1119 521 1158 y te daré el corazon
105 1168 603 1204 y despues diré cantando,
115 1216 570 1252 con razon ó sin razon
101 1265 655 1305 pusieron preso á un Gitano.
884 775 1530 825 El Gitano, puesto en mancha
835 826 1519 880 seguia su caminillo,
844 873 1525 937 sin tener ninguna causa
845 922 1294 964 lo llevaron á presidio,
840 974 1438 1011 porque se encontro una capa.
890 1069 1369 1107 Era capa de un Cerrano
834 1117 1274 1156 la capa no se perdio,
840 1165 1370 1205 como era tuno el Gitano,
837 1214 1324 1250 la, capa se la encontró
843 1264 1390 1302 úntes de perderla el apo.
612 1458 1056 1492 Para si puedo aliviar
556 1506 1072 1542 mi tormento y mi pasion,
556 1553 944 1588 mi afligido corazon
556 1603 1068 1640 me acompaña á suspirar,
559 1650 925 1685 y mis ojos á llorar,
559 1699 1145 1737 por no estar en tuepresencia
554 1747 1044 1786 con alguua inteligencia,
554 1796 1028 1831 los que podemos hacer
560 1845 1038 1880 si no nos podemos ver,
533 1894 1072 1929 lagrimas tener paciencia
348 2173 1528 2211 CARMONA:=1458.
165 2226 1511 2261 Imprenta de D. J. M. Moreno, calle Juan de la Cabra núm. 4.
