1737 2508
333 311 1468 406 SEGUNDA PARTE,
199 437 1611 637 DEL DESPERTADOR ESPIRITUAL,
198 678 1621 772 en que se declara que no hay cosa
207 771 1616 882 que mas despierte al pecador, que
310 874 1605 967 la memoria de la muerte los
341 962 1457 1069 tormentos del infierno y los
493 1079 1356 1183 deleites de la Gloria.
263 1318 815 1388 Si con el primer romance
214 1376 831 1443 no estás, pecador; despierto,
215 1429 803 1478 quiero ver con el segundo
217 1478 870 1538 si hacer que despiertes puedo.
214 1514 894 1576 No hay cosa que mas despierte,
216 1569 744 1623 suele decir el proverbio,
224 1617 825 1677 que dormir sobre la muerte,
221 1664 841 1724 y yo digo que es muy cierto.
228 1714 786 1779 Considera, pues, cristiano,
216 1763 734 1821 si tienes entendimiento,
228 1810 867 1868 que estás condenado á muerte
226 1855 829 1931 y has de morir sin remedio.
221 1906 791 1962 Hasta el reloj por minutos
224 1956 749 2022 te está la vida midiendo,
226 2001 865 2065 pues siempre que dá las horas
230 2058 723 2119 tienes una hora menos.
221 2105 873 2172 El mundo, que es tu enemigo,
228 2149 748 2219 con engaños manifiestos
229 2198 755 2266 te busca mil precipicios
228 2241 845 2313 para que acabes mas presto.
234 2297 801 2356 Cuantos pasos das y andas,
234 2342 743 2428 todos caminan derechos
932 1310 1502 1373 donde la muerte te espera
938 1361 1504 1423 para darte el fin postrero.
939 1416 1471 1469 Y si acaso por valiente,
936 1464 1462 1526 por galan ó por discreto
940 1506 1543 1578 piensas que no has de morir,
941 1559 1449 1616 es falso tu pensamiento.
937 1607 1480 1667 Muy valiente fué Sanson,
938 1660 1512 1719 el Cid, Roldan y Oliveros;
939 1705 1540 1765 mas no les temió la muerte
943 1763 1537 1814 aunque tan valientes fueron.
946 1802 1547 1866 Por sabio no has de escapar,
951 1855 1508 1916 que muy sábio fué Galeno,
947 1910 1477 1965 y dando salud á muchos,
947 1948 1476 2014 para si no halló remedio.
939 1996 1477 2063 En ser galan no te fies,
947 2053 1467 2112 que galan fué Gerineldo,
950 2093 1423 2161 y si preguntas por él
950 2145 1589 2209 te dirán que ya se ha muerto.
949 2191 1464 2262 Por ser rico y poderoso,
943 2234 1603 2301 con mucha hacienda y dinero,
950 2290 1588 2350 no te has de escapar tampoco,
953 2342 1470 2420 que nada vale todo eso.
