1737 2508
1465 203 1486 239 7
186 239 662 307 Amale, pues, pecador,
189 289 691 360 no seas tan poco atento
194 345 809 403 que por dar gusto al demonio
191 389 715 455 pierdas á Dios el respeto.
191 451 716 498 Cuatro cosas postrimeras
184 489 802 558 te esperan, donde te advierto
194 536 862 601 que no has de escaparte de ellas
188 594 797 645 por mas que busques rodeos.
191 635 706 696 Es la primera la muerte,
185 689 689 745 segun te voy refiriendo,
190 733 706 798 y la segunda es el juicio
188 778 868 848 donde han de juzgar tus yerros.
183 833 671 890 Es la tercera la Gloria,
191 873 746 945 á donde gozan los premios
189 930 738 985 los que guardaron de Dios
188 976 739 1035 los divinos Mandamientos.
194 1028 786 1084 La cuarta son las mazmorras
187 1081 680 1135 y calabozos horrendos,
186 1129 754 1188 donde infernales ministros
192 1177 751 1234 no paran de dar tormentos.
193 1220 719 1284 Estos lugares te esperan,
193 1269 716 1337 mas ahora estás á tiempo
193 1314 749 1375 de vivir como Dios manda
188 1373 777 1438 y escoger el mejor de ellos.
188 1416 708 1478 Y pues te dan á escoger,
195 1462 707 1529 no seas tan torpe y necio
201 1513 707 1573 que dejes el de la Gloria
191 1561 709 1619 y escojas el del infierno.
188 1612 699 1677 No por un vano deleite
199 1659 755 1723 que dura tan poco tiempo,
200 1716 788 1773 quieras perder para siempre
196 1758 784 1820 un descanso que es eterno.
190 1813 836 1865 ¿Quién habrá que por un gusto
192 1853 691 1920 depravado, torpe y feo,
196 1904 755 1970 quiera perder las riquezas
198 1952 708 2014 de los tesoros del Cielo?
208 1994 716 2063 Válgame Dios, Pecador,
192 2047 717 2113 y si hicieras un concepto
190 2096 797 2167 de que Dios te va buscando
199 2146 758 2210 y tú siempre vas huyendo,
198 2198 721 2259 que te busca para darte
191 2244 835 2308 como á hijo muchos premios,
196 2290 752 2355 y tú ingrato á sus favores
187 2338 820 2417 huyes de ellos con desprecio!
904 231 1429 308 Mira que esta ingratitud
902 286 1529 355 no cabe en cristianos pechos,
914 343 1446 409 pues los elementos todos
906 388 1529 459 siempre están á Dios sujetos.
907 442 1540 498 El mar es monstruo del mundo
899 493 1463 553 recogiéndose en su centro
910 551 1463 598 guarda á pesar de su furia
898 591 1467 655 de Dios el sacro precepto.
901 638 1475 693 La tierra tiembla asustada,
910 688 1436 748 como dándonos ejemplo,
911 736 1453 802 y á los preceptos de Dios
906 783 1472 837 tiembla todo el firmamento.
911 830 1469 887 Si el viento brama furioso,
907 880 1465 934 luego se humilla abatiendo
906 930 1399 996 su altivez para castigo
904 977 1463 1037 de que quiso ser soberbio.
914 1026 1446 1092 Si el fuego voraz y altivo
908 1075 1413 1141 pretende subir al Cielo.
907 1126 1466 1186 pierde sus flamantes luces
906 1179 1464 1235 en pena de su ardimiento.
909 1211 1590 1293 No hay cosa alguna en el mundo
906 1274 1535 1328 que pierda á Dios el respeto,
906 1321 1566 1371 sino es el hombre, que ingrato
916 1373 1537 1434 con culpas le está ofendiendo.
911 1420 1459 1476 Si no te corres y afrentas,
916 1468 1453 1527 pecador, con estos versos
911 1520 1350 1571 ó no conoces á Dios,
911 1563 1409 1627 ó no quieres conocerlo.
907 1615 1383 1679 Si lo conoces y pecas,
908 1660 1555 1728 bien claro se está entendiendo
918 1711 1537 1774 que haces de Dios poco caso,
918 1758 1475 1824 pues le pierdes el respeto;
912 1809 1458 1872 y si es que no le conoces
916 1867 1437 1924 (que será notable yerro),
921 1905 1456 1970 para saber sus grandezas,
916 1958 1377 2018 procura de conocerlo,
917 2005 1457 2067 que si una vez lo conoces,
919 2063 1431 2107 tú tendrás conocimiento
909 2099 1497 2169 que estabas loco y sin juicio
908 2150 1499 2218 cuando llegaste á ofenderlo.
921 2203 1441 2270 Y por si acaso ignorante
918 2250 1434 2308 estás de su Ser inmenso,
915 2304 1425 2364 atiende mientras te digo
912 2349 1514 2412 lo que alcanzare mi ingenio.
