1668 2420
193 197 240 271 2
99 251 649 320 Repara que el ser esclavo
99 304 546 372 es penoso cautiverio;
96 349 564 421 y si puedes estar libre,
98 407 700 462 ¿por qué quieres estar preso?
98 454 640 515 No hay cosa mas parecida
92 505 684 555 á la muerte que es el sueño;
103 546 771 605 porque aquel que está durmiendo,
95 603 700 666 puede decir que está muerto.
101 641 656 714 Si tú duermes en la culpa,
87 689 548 762 falto de conocimiento
93 738 756 797 de que la muerte es muy cierta
94 792 747 858 y el cómo y cuándo es incierto;
92 842 637 907 ¿cómo no temes, cistiano,
97 887 638 945 de que te coja durmiendo,
88 935 592 1001 y sin poder remediarte,
88 982 607 1049 despiertes en el infierno?
87 1029 624 1092 Mas vale saber que haber,
91 1079 605 1136 suele decir el proverbio;
90 1130 616 1191 pues si no sabes salvarte;
91 1178 679 1229 bien te puedes llamar necio.
83 1227 548 1279 Si buscas tu salvacion
88 1277 687 1336 ahora y en cualquier tiempo,
95 1325 631 1388 cualquiera que te conozca
94 1372 592 1436 dirá que fuiste discreto.
90 1421 668 1478 Mira bien que Dios te llama
90 1467 640 1530 y te está á voces diciendo:
93 1511 667 1572 despierta, no duermas mas,
90 1569 684 1643 mira que se pasa el tiempo,
90 1622 673 1684 y el tiempo una vez pasado,
82 1663 561 1731 te digo como maestro,
88 1716 671 1774 que tarde ó nunca se cobra,
95 1761 639 1830 que la posta va corriendo.
89 1812 723 1874 El tiempo es como los bienes,
93 1866 771 1927 que unos tienen mucho y bueno,
84 1904 582 1972 y otros apenas alcanzan
88 1955 613 2018 para el humano sustento.
92 2009 610 2067 Unos viven muchos años,
84 2053 675 2114 y otros mueren en naciendo,
90 2106 630 2168 con que en esta triste vida
91 2153 629 2218 cada cual tiene su tiempo.
83 2200 653 2260 El tiempo que ahora corre
91 2254 664 2314 es el tuyo, y si en el mismo
87 2295 571 2360 no buscas tu salvacion,
91 2349 573 2417 mal podrás en el ageno
807 268 1339 322 No digan segun caminas,
818 313 1333 379 ya tropezando y cayendo,
818 354 1330 418 que te ha faltado la vista
805 404 1372 469 y que estás del todo ciego.
803 454 1311 516 Abre, pecador, los ojos,
811 504 1296 566 corrige tus desaciertos
818 550 1273 616 y camina con sentido,
810 594 1469 658 mira que hay muchos tropiezos.
807 645 1419 712 El mundo, padre de engaños,
816 695 1359 752 te divierte con mil juegos,
810 743 1282 811 con regalos y deleites
812 793 1348 859 y engañosos pasatiempos.
817 842 1316 910 La carne te pide gustos,
808 887 1397 960 y el demonio en todo tiempo
806 938 1341 1002 te tienta para que caigas
810 990 1342 1052 en lascivos pensamientos.
811 1033 1339 1099 Míra que estos enemigos
805 1081 1329 1150 la procuran con desvelo,
809 1136 1307 1196 un precipicio á tu alma
824 1179 1311 1242 para llevarla al infierno.
815 1229 1374 1296 Para que mejor despiertes,
811 1281 1314 1331 considera los tormentos
813 1324 1373 1391 que los que se condenaron
819 1376 1351 1434 estan siempre padeciendo:
811 1424 1294 1474 aquel nunca ver á Dios
811 1472 1385 1530 será el mayor, segun pienso,
821 1530 1433 1585 porque el no ver á Dios nunca:
815 1572 1387 1633 ¿que mas crecido tormento?
815 1620 1325 1683 Aquel estar de contínuo,
817 1663 1353 1732 cada instante maldiciendo,
811 1715 1316 1778 ¿qué tormento mas cruel
814 1771 1388 1829 que maldecirse á si mismos?
803 1815 1329 1874 Aquel no se ha de acabar
808 1873 1390 1922 esta pena en ningun tiempo,
806 1914 1403 1961 que mientras Dios fuere Dios
811 1959 1395 2019 siempre estarán padeciendo.
807 2007 1281 2071 A quella horrorosa voz
805 2065 1350 2121 que alla en el dia postrero
807 2104 1351 2168 les dirá: volved, malditos,
814 2156 1391 2213 para siempre á los infiernos.
802 2200 1309 2266 Aquella rabiosa embidia
815 2259 1437 2316 que tendrán de que en el Cielo
808 2301 1376 2363 gocen de Dios para siempre
806 2348 1343 2422 los que salvarse supieron.
