1648 2444
1514 193 1529 218 3
235 216 765 280 Aquella tan gran desdicha
228 278 808 328 de penar con alma y cuerpo
228 322 724 385 en compañia de diablos
228 370 762 424 que jamás tienen sosiego.
227 417 742 482 Si aquesta corta pintura
232 461 800 524 no te despierta, bien puedo
234 518 773 568 decir que por tu desdicha
227 562 810 630 tienes muy pesado el sueño.
231 609 839 670 Levántate, y mas no duermas
227 658 733 723 si tienes entendimiento,
234 715 868 769 que no has de ganar durmiendo
235 761 777 811 lo que pudieras despierto.
230 807 777 858 Mira bien cuántos trabajos
231 854 659 916 y fatigas padecieron
228 906 759 969 aquellos que por salvarse
231 954 797 1010 con paciencia los sufrieron.
231 1001 801 1059 Mira á san Juan sin cabeza,
231 1054 784 1111 mira asado á San Lorenzo,
231 1097 720 1164 mira á Pablo degollado,
236 1157 801 1207 y puesto en la cruz à Pedro.
237 1198 772 1255 Mira á san Andres aspado,
228 1244 689 1302 y mira el dolor acerbo
238 1291 651 1356 que pasó Bartolomé
239 1341 671 1404 despojado del pellejo.
233 1385 684 1454 Mira á santa Catalina
235 1440 777 1492 como fué su padre mismo
237 1486 788 1549 el que en rueda de navajas
239 1541 775 1601 quiso deshacer su cuerpo.
225 1580 715 1648 Mira que con ser gentil
228 1638 759 1697 tuvo aquel conocimiento,
237 1686 821 1750 que el amor de Dios tan solo
230 1730 702 1794 es el amor verdadero.
227 1782 666 1843 Y por último te digo
234 1833 745 1892 que te mires á ti mismo.
238 1874 777 1941 que si á ti mismo te miras
232 1921 806 1984 tendras gran conocimiento;
228 1970 670 2036 y si llegas á mirarte,
231 2025 814 2083 lo que has de mirar primero
237 2077 872 2138 es lo mucho que á Dios debes,
229 2121 784 2176 pues te sufre tus defectos.
229 2166 780 2229 Mira tambien su paciencia,
233 2216 793 2282 pues estándole ofendiendo,
225 2264 764 2330 al paso que tú le ofendes
229 2312 807 2382 te está tus culpas sufriendo.
950 216 1494 280 Mira que al primer pecado
952 278 1500 339 que cometas, hay derecho,
951 325 1395 389 de ejecutar el castigo
952 378 1420 429 enviándote al infierno;
943 421 1521 476 mira que si es muy piadoso,
957 470 1507 536 tambien es muy justiciero,
950 527 1546 588 y que castiga al que es malo,
948 570 1618 635 como premia aquel que es bueno.
949 617 1463 681 Dime, cristiano: si acaso
958 675 1530 729 por desdicha estás enfermo,
957 717 1465 780 ¿no procuras al doctor
959 762 1527 819 buscando á tu mal remedio?
963 815 1522 877 pues si aquestas diligencias
949 860 1501 926 haces por sanar el cuerpo,
952 921 1537 968 que lo han de comer gusanos
952 957 1459 1022 al punto que sea muerto
957 1004 1540 1067 ¿por qué no haces diligencia
957 1054 1483 1119 de dar la salud tan presto
947 1106 1475 1165 al alma, que por la culpa,
953 1145 1559 1216 de enferma se está muríendo?
961 1200 1475 1264 Busca remedio á tu alma,
951 1249 1497 1314 mira que es notable yerro
954 1300 1518 1360 dejar que se muera el alma
961 1346 1503 1400 por no buscar el remedio.
953 1391 1451 1455 Si el remedio te costara
959 1451 1468 1503 gran cantidad de dineros,
960 1494 1397 1552 entonces podrias dar
956 1540 1469 1605 por disculpa no tenerlos;
953 1592 1467 1649 mas si no te cuesta nada
961 1637 1473 1700 y el doctor está diciendo,
952 1685 1486 1748 «aquí los remedios tienes
952 1737 1457 1799 cúrate y estarás bueno»,
949 1789 1483 1846 si tú no quieres tomarlos,
946 1832 1484 1892 lo puedes tener por cierto
946 1884 1444 1938 de que el doctor te dirá
955 1934 1569 1991 por no curarte te has muerto.
957 1982 1465 2046 El que se cura en salud,
959 2034 1451 2089 es por no caer enfermo,
962 2080 1560 2134 que el mal si una vez se pega
959 2127 1517 2185 es mal comparado al fuego.
951 2181 1492 2240 El fuego con muy poquito
953 2226 1525 2295 hay para quemar un pueblo,
953 2272 1399 2337 y con un pecado solo
949 2319 1457 2387 basta para ir al infierno.
