1737 2508
1269 246 1486 335 (Núm. 91.)
495 314 1428 439 DESPERTADOR ESPIRITUAL.
595 1775 1340 1893 CURIOSO ROMANCE,
261 1880 1606 1973 En el que se espresan las voces con que se ha de despertar al pecador,
464 1957 1493 2036 por su gran desdicha se está durmiendo en el pecado.
793 2073 1167 2176 PRIMERA PARTE.
311 2208 868 2279 Si en la cama de la culpa
268 2266 847 2332 estás, pecador, durmiendo,
266 2315 808 2380 despierta ya por tu vida,
265 2366 915 2444 no duermas en tan mal sueño.
987 2209 1508 2267 Considera que esa cama
996 2261 1500 2328 es la cama del infierno,
993 2308 1615 2373 y que en ella estás labrando
990 2367 1571 2445 las prisiones de tus yerros.
