1765 2512
259 215 303 292 8
167 252 685 345 Dios es un Ser absoluto,
162 327 751 394 tan sin dependencia eterno,
170 377 849 451 que aun no deja á sus criaturas,
162 434 702 483 trascender tales respetos.
169 479 694 542 Sustancia sin accidentes,
169 527 744 590 recto, puro, sábio y bueno,
169 566 644 637 misericordioso y justo,
168 621 790 685 incomprensible é inmenso.
168 669 651 734 Estos atributos y otros,
165 714 679 781 con infinidad perfectos,
169 763 693 832 son simplicísima esencia,
175 810 758 887 un ser digno, un compuesto
175 860 671 928 de perfecciones unidas;
171 923 856 987 porque aunque en Dios conocemos
170 965 759 1017 muchas perfecciones juntas,
177 1013 808 1072 cuando en distintos conceptos
177 1056 748 1118 hace la union, si las junto,
177 1106 780 1171 ó en número, si las cuento,
177 1163 788 1226 no en Dios número ni union,
176 1205 658 1276 sino unidad considero.
175 1252 848 1324 Ve este gran Dios su sustancia,
176 1294 842 1381 y uniendole engendra el Verbo,
183 1346 739 1409 que es su unigénito Hijo,
178 1402 759 1469 parte de su entendimiento.
176 1440 738 1517 Amante el Hijo y el Padre,
185 1490 764 1570 y de ambos á dos supuestos
172 1545 769 1613 por voluntad una en ambas
177 1592 759 1671 procede siempre el tercero,
179 1642 701 1710 que es el Espiritu Santo,
179 1690 756 1763 cuyo amor sacro é inmenso
174 1746 739 1808 dió luz al misterio grande
184 1786 792 1856 de la Encarnacion del Verbo.
181 1837 812 1906 Para que mas claro entiendas
179 1887 720 1959 estos sagrados misterios
179 1946 765 1998 son tres personas distintas
175 1984 728 2064 y un solo Dios verdadero.
883 256 1461 343 La segunda, que es el Hijo,
886 330 1394 393 nos sacó del cautiverio
885 379 1454 431 en que estábamos esclavos
887 423 1374 486 por el pecado primero.
886 476 1425 535 La vida dió por nosotros
893 523 1371 581 en un sagrado madero,
890 573 1428 637 clavado de pies y manos,
887 624 1514 685 de una lanza abierto el pecho.
887 666 1442 735 No te digo mas, cristiano,
895 715 1469 780 ni á decirte mas me atrevo,
898 768 1478 831 que es poca mi inteligencia
895 822 1412 883 para tan altos misterios.
896 858 1428 915 Lo que te pido y suplico
891 913 1438 973 con humilde rendimiento,
891 962 1443 1029 es que despiertes si acaso
897 1006 1489 1072 en la culpa estás durmiendo
896 1056 1336 1122 Considera que por tí
899 1101 1513 1161 dió la vida un Dios inmenso,
895 1157 1480 1220 y que es lástima se pierda
903 1198 1499 1271 quien costó tan alto precio.
900 1250 1374 1318 Pidele perdon contrito
903 1306 1439 1367 con humilde acatamiento,
903 1349 1490 1416 pues quien á él se humilló,
900 1400 1498 1451 siempre fué manso cordero.
903 1446 1389 1511 Prométele firmemente
904 1488 1456 1561 de no volver á ofenderlo,
901 1545 1487 1610 que si prometes y cumples,
898 1591 1563 1652 tendrás de Dios grande premio.
904 1642 1475 1696 Su magestad nos dé gracia
903 1687 1494 1753 para que todos le amemos,
902 1744 1484 1806 y que despues de esta vida
912 1796 1495 1852 vamos á gozar sus premios.
908 1836 1446 1903 Y aquí el poéta, señores,
904 1888 1459 1953 con humilde rendimiento,
898 1929 1351 2002 á todos pide perdon
903 1983 1460 2051 de sus faltas y sus yerros.
801 2132 988 2225 FIN.
691 2289 1093 2390 CARMONA:—1858.
290 2340 1503 2452 Imp. de D. J. M. Moreno, calle Juan de la Cabra núm. 4.
