1765 2512
177 240 214 297 4
123 273 725 348 Pues tú que estás en la culpa
118 338 654 396 los meses y años enteros,
119 376 673 437 donde el fuego del pecado
121 433 677 491 tu alma está consumiendo,
123 479 745 531 sin duda alguna que duermes,
129 527 684 595 que si estuvieras despierto,
122 575 664 630 sintieras el ver quemarte,
126 630 594 691 y apagaras este fuego.
120 670 627 728 Mas si quieres apagarlo,
118 720 694 788 repara en aqueste ejemplo,
127 767 647 824 que si tú bien lo reparas,
122 819 667 885 saldrás del pecado presto.
122 870 666 919 Mira las flores del campo,
125 920 765 967 si no llueve en mucho tiempo,
134 972 661 1030 como se van marchitando
124 1019 682 1081 y por puntos consumiendo:
129 1061 616 1124 mas si llueve, las verás
128 1121 624 1165 como salen esparciendo
129 1154 650 1218 mil fragancias de suaves
128 1214 634 1274 olores que dan contento.
132 1259 634 1322 Si tú acaso por la culpa
136 1309 697 1372 te sientes marchito y seco,
133 1352 630 1409 llora el pecado contrito,
136 1404 648 1465 te volterás luego fresco:
133 1450 660 1507 Las lágrimas derramadas
130 1501 614 1565 de dolor y sentimiento,
129 1550 717 1614 al alma que se halla enferma
130 1599 609 1651 la sirven de refrigerio.
141 1643 673 1703 Llora, pecador tus culpas,
131 1694 711 1748 muchas lágrimas vertiendo,
146 1745 658 1809 que las lágrimas vertidas
143 1800 792 1856 quitan las manchas muy presto.
136 1841 667 1903 Es el pecado una mancha
141 1887 752 1956 tan mala, que no hay remedio
143 1942 582 2006 para quitarla, sino es
134 1985 652 2047 el llorar de sentimiento.
141 2038 628 2106 Llora pecador contrito,
139 2090 655 2151 con el corazon diciendo:
146 2135 690 2200 pésame, Señor, mil veces,
145 2185 772 2248 de que me atreví á ofenderos;
146 2232 620 2301 ya conozco, Señor mio,
140 2278 748 2349 que fué grande atrevimiento,
843 260 1464 326 mas con vuestro sacro auxilio
840 327 1514 382 desde hoy la enmienda prometo.
844 369 1330 437 Para poder conseguirlo
840 420 1360 486 me quiero valer primero
842 470 1375 532 de vuestra piadosa Madre
839 512 1361 575 Señora de los Remedios,
845 565 1396 628 que con su piadoso amparo
849 615 1461 680 tengo, Señor, por muy cierto,
846 663 1460 724 que naufragando entre culpas
844 706 1450 775 saldré con victoria al puerto.
853 759 1361 810 Reina de las Gerarquías,
852 807 1343 864 brillante y sacro lucero
853 854 1437 923 púes sois la luz de las luces,
857 902 1416 964 dad luz á mi entendimiento
847 954 1344 1021 para que deje el pecado,
851 1000 1298 1073 y con amoroso afecto
853 1048 1453 1115 guárde y conserve humillado
860 1096 1462 1155 de mi Dios los Mandamientos,
851 1151 1359 1203 amándole como es justo,
853 1197 1466 1258 no jurando en ningun tiempo,
857 1256 1336 1300 santificando las fiestas,
858 1294 1455 1359 y honrando con gran respeto
858 1341 1382 1411 á mi padre y á mi madre
862 1395 1467 1456 y á los que fueren mas viejos:
854 1439 1324 1513 y no matar á ninguno,
866 1484 1504 1551 que es el quinto mandamiento;
858 1537 1368 1592 de huir el pecado torpe,
857 1585 1335 1652 de no robar y prometo
852 1633 1365 1700 no levantar testimonios,
855 1685 1308 1747 y desear nunca quiero
858 1735 1290 1797 del prójimo la mujer
862 1782 1357 1848 ni de codiciar lo ageno.
858 1830 1362 1892 Esto prometo, Dios mio,
860 1879 1480 1947 y á cumplirlo estoy dispuesto,
862 1925 1370 1994 aunque por ello supiera
866 1984 1412 2042 perder mil vidas primero.
868 2017 1442 2084 Si esto dices y lo cumples,
867 2071 1399 2133 obras con grande acierto.
870 2122 1462 2191 Dios permita que despiertes
869 2167 1520 2231 y no estés siempre durmiendo,
868 2217 1452 2276 porque no pierdas dormido
866 2267 1502 2341 lo que has de ganar despierto.
517 2357 1184 2426 FIN DE LA PRIMERA PARTE.
