1737 2508
1029 107 1317 258 (Numero 314.)
138 325 1460 500 VIDA Y MURRTE DE SANSON.
124 579 682 617 Daque escelse de Antioquia,
129 626 582 667 Príncipe heróico de Tiro,
139 675 551 716 jurado Rey de Samaria,
132 722 659 762 grande Emperador de Egipto:
135 770 643 812 mi calidad, patria y nombre,
134 817 570 859 mis hazañas y prodigios
141 865 572 906 escucha, para que sepas
144 910 639 955 al hombre que has ofendido.
137 958 695 1002 Mi conoepcion, porque en todo
140 1009 627 1051 fuese asombro de los siglos,
142 1057 607 1099 á mis padres fue anunciada
139 1107 595 1146 de un celestial Paraninfo,
143 1154 653 1194 favor que entonces por raro,
146 1203 543 1243 tanta novedad les hizo,
146 1251 592 1290 que si lo creyeron justos,
151 1297 615 1338 tambien lo dudaron tibios,
151 1347 663 1384 porque era mi madre estéril;
160 1394 544 1432 pero al efecto les dijo,
153 1442 618 1479 que todo á Dios es posible,
150 1490 622 1527 porque en todo es infinito.
152 1539 629 1577 Nací, Sanson me llamaron,
151 1586 521 1624 cuyo sagrado apellido,
143 1636 587 1671 Sol significa en Hebreo,
152 1680 627 1720 y en lengua Siria Ministro.
150 1730 613 1768 Crecí en virtudes morales,
152 1780 530 1816 hice vanios ejercicios,
152 1827 590 1863 estudié diversas ciencias,
152 1874 558 1911 visité Reinos distintos.
161 1920 693 1960 Y en fin, por órden del Cielo,
151 1969 548 2009 Capitan quedé elegido
161 2019 554 2057 de las tropas de Israel
166 2067 620 2104 y Juez de sus doce tribus:
163 2116 594 2153 Para cuya gran funcion,
163 2164 646 2201 piadoso el Cielo y propicio,
161 2212 604 2249 me dotó de tales fuerzas,
163 2262 614 2299 me adornó de tales brios,
841 562 1373 605 que como al hombre primeno
852 613 1208 653 en el sacro Paraiso
844 662 1286 699 se postraron obedientes,
844 708 1296 747 ya el Rinoceronte altivo,
848 756 1281 797 ya el Jabalí ensortijado,
852 799 1404 845 ya el Tigre á manchas vestido.
850 849 1427 894 ya el Lince, que parte un roble,
849 898 1420 941 ya el Oso, que hiende un pino,
846 947 1405 989 ya el Zoro, que rumia el heno,
849 994 1415 1038 ya el Ciervo, que pace el risco,
851 1042 1407 1085 y ya el Leon, que con hambre,
846 1092 1365 1134 turbando el monte á rugidos,
850 1137 1329 1182 busca en la cama la Liebre
852 1185 1324 1229 y en el arroyo el Cabrito:
848 1236 1229 1279 asi á mi valor heróico
850 1284 1263 1326 se confesaban rendidos
856 1333 1288 1374 cuantos fieros animales,
850 1382 1376 1420 huéspedes de aquestos riscos,
859 1426 1277 1469 bordan al heno la falda,
868 1476 1304 1517 peinan al Líbano el rizo,
859 1525 1319 1565 lamen al Jordan la yerba,
859 1571 1315 1613 y el jugo chupan al Nilo.
867 1619 1349 1662 Tal era, Señor, mi fuerza,
856 1665 1332 1709 que sobre el suelo tendido
864 1714 1321 1757 veinte hombres levantaba
864 1763 1357 1805 en mis hombros sostenidos.
867 1810 1329 1854 Con la barra de mas peso,
869 1858 1319 1901 cuando tiraba en el circo,
864 1906 1323 1949 de doscientos pies pasaba
863 1957 1254 1998 el mas mesurado tiro.
866 2002 1406 2044 Teniéndome entrambos brazos
871 2054 1294 2093 de mil sogas oprimidos,
871 2103 1335 2141 solo con mover los codos,
870 2150 1283 2190 y recoger en mí miemo
875 2199 1260 2239 el aliento por un rato,
872 2251 1352 2289 para obrar con mas ahinco,
