1765 2512
133 308 595 351 la cabeza de los hombros;
137 356 543 399 pero en vano desconfio
129 405 555 447 de tu condicion bizarra.
134 451 677 496 cuando mas que Rey te admiro.
136 504 522 542 Misericordia, Señor,
133 549 623 591 clemencia, Principe invicto,
135 597 599 638 piedad, mi R y soberano,
143 644 569 686 y válgame ahora el tino,
137 691 607 735 ya que no pueden los ojos
143 740 545 783 para arrojarme rendido
137 791 546 829 segunda vez á la tierra
145 838 569 877 que te mereció benigno;
135 885 585 925 sean tus pies mi sagrado,
135 933 609 973 sean tus plantas mi auxilio,
137 980 559 1021 sea tu valor mi templo,
139 1028 617 1070 y tu nombre sea mi abrigo,
143 1077 595 1117 para que cobre mi honor,
142 1125 653 1165 y vuelva á ser lo que ha sido;
149 1173 591 1213 pues con una piedad sola
152 1221 569 1261 tantas venturas consigo.
147 1269 629 1309 Esta , Señor, es mi historia,
156 1316 633 1357 perdonad si os he ofendido.
151 1365 661 1404 Volvióle el Rey las espaldas,
147 1415 581 1457 y Sanson quedó corrido,
154 1463 595 1501 diciéndole al que le guia.
154 1501 764 1551 Llevadme hácia el Templo, amigo
149 1557 671 1599 que si en el Templo me veo,
149 1607 537 1648 yo vengaré mi delito.
151 1653 657 1693 Entró Sanson en el Templo,
147 1700 587 1741 dió un lastimoso suspiro
151 1746 687 1795 y dice : aquí hay dos columnas
161 1801 571 1840 que tienen este edificio,
139 1850 523 1892 arrimame hácia ellas,
856 291 1318 333 y en pago de este servicio
858 340 1371 382 toma, amigo, estas monedas:
855 390 1363 428 tambien os ruego, y os pido,
858 436 1333 476 que me digais cuanto pasa
861 485 1312 523 en aqueste Templo altivo.
857 534 1274 572 Dalila no está contenta,
864 580 1439 621 ya está el Rey con sus padrinos,
863 630 1309 670 las ceremonias empiezan,
865 678 1215 718 el sacerdote vestido,
863 722 1315 768 y el Dios Astarot ya está
867 772 1327 813 cercado de muchos cirios,
872 819 1404 860 todo el Templo está ya lleno,
867 867 1297 909 los músicos han venido.
867 915 1364 957 Pues idos pronto allá fuera,
867 963 1378 1006 mirad que os requiero y digo
875 1012 1279 1053 que no tardeis en salir,
868 1060 1383 1100 porque os corre gran peligro,
865 1108 1333 1152 y cuando esteis allá fuera,
867 1155 1364 1198 dadme una voz ó un silbido.
869 1204 1277 1246 Alzó los ojos al Cielo,
871 1250 1307 1294 y aquestas palabras dijo:
871 1301 1315 1342 Justicia venga del Cielo,
871 1349 1337 1390 contra aquestos enemigos,
879 1395 1447 1439 pues que me han sido traidores,
876 1445 1313 1485 no quede ninguno vivo.
877 1492 1269 1532 Y aquí morirá Sauson
875 1541 1307 1582 con todos sus Filisteos,
877 1591 1279 1634 por amigo de Dios él,
878 1640 1265 1679 y sus enemigos ellos;
879 1686 1419 1726 y arrancaudo ambas columnas,
875 1734 1421 1771 dió con el Templo en el suelo,
873 1780 1410 1820 donde hay mas de cuatro mil,
871 1828 1357 1869 ninguno se escapó de ellos.
676 2099 981 2136 FIN.
649 2299 1015 2338 BARMONA:—1858.
248 2345 1323 2391 Imp: de D, José M, Moreno, callo Juan de la Cabra núm. 4.
