1737 2508
225 290 644 330 no fue verdadero amor,
233 336 595 378 sino mañoso artificio
239 384 591 424 para vengarte de mí
239 434 622 473 por el mas leve delito.
229 480 718 520 Pues porque faltó m Padre
240 526 656 567 de la prison, sin nidicio
234 574 696 614 de haberla yo quebrantado
233 623 689 663 ni haberlo ninguno dicho,
243 671 744 711 prenderme á Jabin mandaste,
243 717 713 759 á tiempo que habia perdido
243 767 753 807 las fuerzas , porque yo quise,
243 814 699 854 ó porque una dama quiso.
252 864 675 902 Y no contento con esto,
251 909 735 951 sangriento, cruel y esquivo,
248 957 752 999 despues de tres meses largos
250 1006 679 1047 de prisiones y de grillos,
249 1055 679 1094 me hiciste sacar los ojos,
247 1101 632 1144 rigor el mas escesivo,
259 1147 815 1190 que ha cabido en pecho humano
257 1198 657 1237 del mas atroz enemigo.
255 1241 784 1286 Pero ya, Señor, que es hecho
261 1289 764 1335 y que no hay ningun camino
257 1339 737 1382 para enmendar este agravie,
257 1387 713 1430 con hacerme un beneficio,
255 1434 711 1477 ne desquitarás de cuantas
268 1482 705 1525 injurias tu amor me hizo.
272 1529 715 1572 Y es (aquí te he menester
264 1578 677 1623 mas atento y compasivo
264 1625 749 1671 que me dés (aquí te invoco
264 1674 696 1717 una y mil veces benigno)
265 1720 803 1766 que me dés, digo, á mi esposa
275 1772 631 1814 para llevarla conmigo
265 1821 709 1862 á mi tierra, pues con ella
267 1868 685 1908 de otro bien no necesito.
272 1914 643 1957 Y para que lastimado
263 1964 679 2005 hagas lo que te suplico,
274 2011 729 2053 sin que el enojo te postre,
268 2060 651 2101 ni te venza el apetito,
272 2106 755 2149 mira estas fuentes de sangre
273 2155 723 2195 que me corren hilo á hilo,
278 2204 637 2243 pedazos del corazon:
269 2251 744 2291 mira estos tiernos suspiros,
945 269 1409 312 mira estos tiernos sollozos,
952 315 1401 361 mira estos dulces gemidos,
952 364 1387 406 y mira que es honra tuya
956 411 1374 455 amparar á un desvalido;
954 456 1501 503 pues no hace Dios tanto en dir
964 507 1347 549 á un Príncipe poderío,
959 552 1394 598 como en dar necesidades
959 595 1490 646 al pobre , ál triste, al mendigo
964 649 1355 693 para haberle menester.
959 695 1497 740 Mi Rey, mi Señor, mi amigo,
963 747 1369 789 mi amparo, mi valedor,
957 795 1371 836 y en efecto, dueño mio,
967 842 1403 885 no te pido, no, riquezas,
968 890 1425 932 perlas , diamantes, zafiros,
975 936 1483 980 Villas , Ciudades, ni Reinos,
963 985 1451 1028 porque nada de esto estimo;
962 1033 1401 1076 solo te pido á mi esposa,
964 1081 1339 1123 y de modo te la pido.
967 1131 1426 1172 que parece que no es mia,
962 1178 1396 1220 segun la lloro y la gimo.
971 1222 1435 1268 Hazme este bien, asi vivas
972 1272 1487 1317 mas que el pájaro de Egipto;
972 1323 1411 1365 asi venzas tus contrarios,
965 1371 1379 1411 asi logres tus designios,
969 1418 1359 1459 asi te cases con gusto,
973 1460 1455 1507 y asi el Cielo te dé un hijo,
978 1510 1467 1555 que es la paz de las mujeres,
982 1559 1431 1603 y el honor de los maridos.
984 1609 1409 1653 Pero si ruegos y hialagos,
977 1654 1425 1701 ánsias, lástimas, suspiros,
978 1703 1443 1749 llantos, ternuras y afectos,
982 1752 1435 1796 penas, dolores, martirios,
982 1796 1477 1845 no bastáren, manda, ordena
986 1846 1483 1892 que me maten tus ministros;
994 1893 1537 1941 haz que me arrastre un caballo,
990 1940 1503 1989 haz que me despeñe un risco,
990 1989 1529 2037 haz que me ahogue un veneno,
997 2038 1465 2086 haz que me sepulte un rio,
994 2088 1409 2134 ó que en el teatro infame
995 2138 1409 2180 de los vulgares suplicios,
995 2183 1383 2228 un verdugo me derribe
992 2230 1425 2279 con destemplado cuchillo
