<?xml version="1.0" encoding="UTF-8" standalone="yes"?>
<PcGts xmlns="http://schema.primaresearch.org/PAGE/gts/pagecontent/2013-07-15" xmlns:xsi="http://www.w3.org/2001/XMLSchema-instance" xsi:schemaLocation="http://schema.primaresearch.org/PAGE/gts/pagecontent/2013-07-15 http://schema.primaresearch.org/PAGE/gts/pagecontent/2013-07-15/pagecontent.xsd">
    <Metadata>
        <Creator>prov=University of Rostock/Institute of Mathematics/CITlab|PLANET AI GmbH/Gundram Leifert/gundram.leifert@planet-ai.de:name=Pliegos de Cordel (XIXe) - v4(htr_id=27283)::::v=2.6.7
prov=University of Rostock/Institute of Mathematics/CITlab|PLANET AI GmbH/Tobias Gruening/tobias.gruening@planet-ai.de:name=de.uros.citlab.module.baseline2polygon.B2PSeamMultiOriented:v=2.6.7
prov=University of Rostock/Institute of Mathematics/CITlab|PLANET AI GmbH/Tobias Gruening/tobias.gruening@planet-ai.de:name=/net_tf/LA73_249_0mod360.pb:de.uros.citlab.segmentation.CITlab_LA_ML:v=2.6.6
Transkribus</Creator>
        <Created>2020-10-27T11:55:20.613+01:00</Created>
        <LastChange>2020-11-06T15:01:25.435+01:00</LastChange>
        <TranskribusMetadata docId="525393" pageId="22319570" pageNr="6" tsid="47882859" status="DONE" userId="66244" imgUrl="https://files.transkribus.eu/Get?id=LRNWIWTRLBLASAPQZXZMPABM&amp;fileType=view" xmlUrl="https://files.transkribus.eu/Get?id=KBDOTSOKPMTPTVYJLGOQXCBA" imageId="17389085"/>
    </Metadata>
    <Page imageFilename="Moreno_298_2.jpg" imageWidth="1765" imageHeight="2512">
        <ReadingOrder>
            <OrderedGroup id="ro_1607002544809" caption="Regions reading order">
                <RegionRefIndexed index="0" regionRef="r1"/>
                <RegionRefIndexed index="1" regionRef="r2"/>
            </OrderedGroup>
        </ReadingOrder>
        <TextRegion orientation="0.0" id="r1" custom="readingOrder {index:0;}">
            <Coords points="214,291 214,2298 807,2298 807,291"/>
            <TextLine id="r1l1" custom="readingOrder {index:0;}">
                <Coords points="214,328 240,328 266,327 292,327 318,327 344,326 370,326 396,326 422,325 448,325 474,325 500,325 526,325 552,326 578,326 604,327 630,327 657,328 657,294 630,293 604,293 578,292 552,292 526,291 500,291 474,291 448,291 422,291 396,292 370,292 344,292 318,293 292,293 266,293 240,294 214,294"/>
                <Baseline points="214,317 240,317 266,316 292,316 318,316 344,315 370,315 396,315 422,314 448,314 474,314 500,314 526,314 552,315 578,315 604,316 630,316 657,317"/>
                <TextEquiv>
                    <Unicode>sá un envion quebrantába</Unicode>
                </TextEquiv>
            </TextLine>
            <TextLine id="r1l2" custom="readingOrder {index:1;}">
                <Coords points="221,377 247,377 273,376 299,376 325,376 351,375 377,375 403,374 429,374 455,374 481,374 507,374 533,374 559,374 585,375 611,376 637,377 637,343 611,342 585,341 559,340 533,340 507,340 481,340 455,340 429,340 403,340 377,341 351,341 325,342 299,342 273,342 247,343 221,343"/>
                <Baseline points="221,366 247,366 273,365 299,365 325,365 351,364 377,364 403,363 429,363 455,363 481,363 507,363 533,363 559,363 585,364 611,365 637,366"/>
                <TextEquiv>
                    <Unicode>los cáñamos retorcidos.</Unicode>
                </TextEquiv>
            </TextLine>
            <TextLine id="r1l3" custom="readingOrder {index:2;}">
                <Coords points="229,424 256,424 283,423 310,423 338,423 365,423 392,423 419,422 447,422 474,422 501,423 528,423 556,423 583,423 610,423 637,424 665,424 692,424 719,424 746,425 774,425 774,391 746,391 719,390 692,390 665,390 637,390 610,389 583,389 556,389 528,389 501,389 474,388 447,388 419,388 392,389 365,389 338,389 310,389 283,389 256,390 229,390"/>
                <Baseline points="229,413 256,413 283,412 310,412 338,412 365,412 392,412 419,411 447,411 474,411 501,412 528,412 556,412 583,412 610,412 637,413 665,413 692,413 719,413 746,414 774,414"/>
                <TextEquiv>
                    <Unicode>Mataba un hombre de un golp:</Unicode>
                </TextEquiv>
            </TextLine>
            <TextLine id="r1l4" custom="readingOrder {index:3;}">
                <Coords points="225,475 251,474 278,474 305,474 332,473 359,473 385,472 412,472 439,472 466,471 493,471 519,471 546,471 573,470 600,470 627,471 653,471 680,471 707,472 734,472 761,473 761,439 734,438 707,438 680,437 653,437 627,437 600,436 573,436 546,437 519,437 493,437 466,437 439,438 412,438 385,438 359,439 332,439 305,440 278,440 251,440 225,441"/>
                <Baseline points="225,464 251,463 278,463 305,463 332,462 359,462 385,461 412,461 439,461 466,460 493,460 519,460 546,460 573,459 600,459 627,460 653,460 680,460 707,461 734,461 761,462"/>
                <TextEquiv>
                    <Unicode>saltaba el Tigris de un brinco, </Unicode>
                </TextEquiv>
            </TextLine>
            <TextLine id="r1l5" custom="readingOrder {index:4;}">
                <Coords points="235,524 260,523 285,522 310,522 335,521 360,520 386,520 411,520 436,520 461,519 486,519 511,519 537,520 562,520 587,520 612,520 637,520 662,520 688,521 688,488 662,487 637,487 612,487 587,487 562,487 537,487 511,486 486,486 461,486 436,487 411,487 386,487 360,487 335,488 310,489 285,489 260,490 235,491"/>
                <Baseline points="235,513 260,512 285,511 310,511 335,510 360,509 386,509 411,509 436,509 461,508 486,508 511,508 537,509 562,509 587,509 612,509 637,509 662,509 688,510"/>
                <TextEquiv>
                    <Unicode>corria mas que un caballo,</Unicode>
                </TextEquiv>
            </TextLine>
            <TextLine id="r1l6" custom="readingOrder {index:5;}">
                <Coords points="231,572 256,571 282,571 308,570 334,570 360,569 386,568 412,567 437,567 463,566 489,566 515,565 541,565 567,565 593,566 593,533 567,532 541,532 515,532 489,533 463,533 437,534 412,534 386,535 360,536 334,537 308,537 282,538 256,538 231,539"/>
                <Baseline points="231,561 256,560 282,560 308,559 334,559 360,558 386,557 412,556 437,556 463,555 489,555 515,554 541,554 567,554 593,555"/>
                <TextEquiv>
                    <Unicode>derribaba un edificio</Unicode>
                </TextEquiv>
            </TextLine>
            <TextLine id="r1l7" custom="readingOrder {index:6;}">
                <Coords points="236,620 261,620 286,619 311,618 337,618 362,617 387,616 413,616 438,615 463,615 488,614 514,614 539,615 564,615 590,616 615,617 640,618 666,619 666,585 640,584 615,583 590,582 564,581 539,581 514,580 488,580 463,581 438,581 413,582 387,582 362,583 337,584 311,584 286,585 261,586 236,586"/>
                <Baseline points="236,609 261,609 286,608 311,607 337,607 362,606 387,605 413,605 438,604 463,604 488,603 514,603 539,604 564,604 590,605 615,606 640,607 666,608"/>
                <TextEquiv>
                    <Unicode>con solo arrimarme áél;</Unicode>
                </TextEquiv>
            </TextLine>
            <TextLine id="r1l8" custom="readingOrder {index:7;}">
                <Coords points="239,667 264,667 290,667 316,666 342,666 368,665 394,664 420,663 446,663 472,662 498,662 524,662 550,663 576,664 576,630 550,629 524,628 498,628 472,628 446,629 420,629 394,630 368,631 342,632 316,632 290,633 264,633 239,633"/>
                <Baseline points="239,656 264,656 290,656 316,655 342,655 368,654 394,653 420,652 446,652 472,651 498,651 524,651 550,652 576,653"/>
                <TextEquiv>
                    <Unicode>detenia. de un navío</Unicode>
                </TextEquiv>
            </TextLine>
            <TextLine id="r1l9" custom="readingOrder {index:8;}">
                <Coords points="241,716 267,715 293,715 319,714 346,713 372,713 398,712 424,712 451,711 477,711 503,711 529,710 556,710 582,710 608,710 634,710 661,711 687,711 713,711 740,711 740,677 713,677 687,677 661,677 634,676 608,676 582,676 556,676 529,676 503,677 477,677 451,677 424,678 398,678 372,679 346,679 319,680 293,681 267,681 241,682"/>
                <Baseline points="241,705 267,704 293,704 319,703 346,702 372,702 398,701 424,701 451,700 477,700 503,700 529,699 556,699 582,699 608,699 634,699 661,700 687,700 713,700 740,700"/>
                <TextEquiv>
                    <Unicode>el curso; tronchaba el hierro</Unicode>
                </TextEquiv>
            </TextLine>
            <TextLine id="r1l10" custom="readingOrder {index:9;}">
                <Coords points="242,765 267,764 293,764 319,763 345,762 371,761 397,761 423,760 449,759 475,759 501,758 527,758 553,758 579,759 605,759 631,760 657,762 657,728 631,726 605,725 579,725 553,724 527,724 501,724 475,725 449,725 423,726 397,727 371,727 345,728 319,729 293,730 267,730 242,731"/>
                <Baseline points="242,754 267,753 293,753 319,752 345,751 371,750 397,750 423,749 449,748 475,748 501,747 527,747 553,747 579,748 605,748 631,749 657,751"/>
                <TextEquiv>
                    <Unicode>como si fuera de vidrio,</Unicode>
                </TextEquiv>
            </TextLine>
            <TextLine id="r1l11" custom="readingOrder {index:10;}">
                <Coords points="235,817 260,815 285,813 310,811 336,810 361,809 386,808 411,807 437,807 462,807 487,807 512,807 538,807 563,807 588,807 613,806 639,806 639,773 613,773 588,774 563,774 538,774 512,774 487,774 462,774 437,774 411,774 386,775 361,776 336,777 310,778 285,780 260,782 235,784"/>
                <Baseline points="235,806 260,804 285,802 310,800 336,799 361,798 386,797 411,796 437,796 462,796 487,796 512,796 538,796 563,796 588,796 613,795 639,795"/>
                <TextEquiv>
                    <Unicode>y alzaba con una mano</Unicode>
                </TextEquiv>
            </TextLine>
            <TextLine id="r1l12" custom="readingOrder {index:11;}">
                <Coords points="241,861 266,860 292,860 317,859 343,858 368,857 394,857 419,856 445,855 471,855 496,855 522,855 547,855 573,856 598,856 624,858 650,859 650,826 624,825 598,823 573,823 547,822 522,822 496,822 471,822 445,822 419,823 394,824 368,824 343,825 317,826 292,827 266,827 241,828"/>
                <Baseline points="241,850 266,849 292,849 317,848 343,847 368,846 394,846 419,845 445,844 471,844 496,844 522,844 547,844 573,845 598,845 624,847 650,848"/>
                <TextEquiv>
                    <Unicode>cuatro cahices de trigo;</Unicode>
                </TextEquiv>
            </TextLine>
            <TextLine id="r1l13" custom="readingOrder {index:12;}">
                <Coords points="239,912 264,911 290,909 316,908 341,907 367,905 393,905 418,904 444,904 470,903 496,903 521,903 547,903 573,903 598,904 624,904 650,904 676,905 676,872 650,871 624,871 598,871 573,870 547,870 521,870 496,870 470,870 444,871 418,871 393,872 367,872 341,874 316,875 290,876 264,878 239,879"/>
                <Baseline points="239,901 264,900 290,898 316,897 341,896 367,894 393,894 418,893 444,893 470,892 496,892 521,892 547,892 573,892 598,893 624,893 650,893 676,894"/>
                <TextEquiv>
                    <Unicode>y luego sobre las palmas</Unicode>
                </TextEquiv>
            </TextLine>
            <TextLine id="r1l14" custom="readingOrder {index:13;}">
                <Coords points="239,958 264,957 289,956 315,955 340,954 365,953 391,953 416,952 441,951 467,951 492,951 518,951 543,951 568,951 594,951 619,951 644,952 670,952 695,953 721,953 721,920 695,920 670,919 644,919 619,918 594,918 568,918 543,918 518,918 492,918 467,918 441,918 416,919 391,920 365,920 340,921 315,922 289,923 264,924 239,925"/>
                <Baseline points="239,947 264,946 289,945 315,944 340,943 365,942 391,942 416,941 441,940 467,940 492,940 518,940 543,940 568,940 594,940 619,940 644,941 670,941 695,942 721,942"/>
                <TextEquiv>
                    <Unicode>les granos echando limpios,</Unicode>
                </TextEquiv>
            </TextLine>
            <TextLine id="r1l15" custom="readingOrder {index:14;}">
                <Coords points="241,1008 267,1006 293,1004 319,1003 345,1001 371,1000 397,1000 423,999 449,999 476,999 502,999 528,999 554,999 580,999 606,999 632,999 658,999 685,999 685,966 658,966 632,966 606,966 580,966 554,966 528,966 502,966 476,966 449,966 423,966 397,967 371,967 345,968 319,970 293,971 267,973 241,975"/>
                <Baseline points="241,997 267,995 293,993 319,992 345,990 371,989 397,989 423,988 449,988 476,988 502,988 528,988 554,988 580,988 606,988 632,988 658,988 685,988"/>
                <TextEquiv>
                    <Unicode>y estregándolos con ellas,</Unicode>
                </TextEquiv>
            </TextLine>
            <TextLine id="r1l16" custom="readingOrder {index:15;}">
                <Coords points="248,1052 273,1051 298,1051 323,1050 348,1049 373,1048 398,1048 423,1047 448,1047 473,1047 499,1047 524,1047 549,1047 574,1047 599,1047 624,1047 649,1048 674,1048 699,1049 724,1049 750,1050 750,1017 724,1016 699,1016 674,1015 649,1015 624,1014 599,1014 574,1014 549,1014 524,1014 499,1014 473,1014 448,1014 423,1014 398,1015 373,1015 348,1016 323,1017 298,1018 273,1018 248,1019"/>
                <Baseline points="248,1041 273,1040 298,1040 323,1039 348,1038 373,1037 398,1037 423,1036 448,1036 473,1036 499,1036 524,1036 549,1036 574,1036 599,1036 624,1036 649,1037 674,1037 699,1038 724,1038 750,1039"/>
                <TextEquiv>
                    <Unicode>los que eran fuertes, macizos,</Unicode>
                </TextEquiv>
            </TextLine>
            <TextLine id="r1l17" custom="readingOrder {index:16;}">
                <Coords points="245,1099 270,1098 296,1098 322,1097 348,1097 374,1096 399,1096 425,1095 451,1095 477,1095 503,1095 529,1095 554,1095 580,1095 606,1095 632,1096 658,1097 684,1098 684,1065 658,1064 632,1063 606,1062 580,1062 554,1062 529,1062 503,1062 477,1062 451,1062 425,1062 399,1063 374,1063 348,1064 322,1064 296,1065 270,1065 245,1066"/>
                <Baseline points="245,1088 270,1087 296,1087 322,1086 348,1086 374,1085 399,1085 425,1084 451,1084 477,1084 503,1084 529,1084 554,1084 580,1084 606,1084 632,1085 658,1086 684,1087"/>
                <TextEquiv>
                    <Unicode>harina quedaban hechos,</Unicode>
                </TextEquiv>
            </TextLine>
            <TextLine id="r1l18" custom="readingOrder {index:17;}">
                <Coords points="250,1147 275,1147 300,1146 326,1145 351,1145 376,1144 402,1144 427,1143 453,1143 478,1143 503,1142 529,1142 554,1142 579,1142 605,1142 630,1143 656,1143 656,1110 630,1110 605,1109 579,1109 554,1109 529,1109 503,1109 478,1110 453,1110 427,1110 402,1111 376,1111 351,1112 326,1112 300,1113 275,1114 250,1114"/>
                <Baseline points="250,1136 275,1136 300,1135 326,1134 351,1134 376,1133 402,1133 427,1132 453,1132 478,1132 503,1131 529,1131 554,1131 579,1131 605,1131 630,1132 656,1132"/>
                <TextEquiv>
                    <Unicode>siendo por este camino</Unicode>
                </TextEquiv>
            </TextLine>
            <TextLine id="r1l19" custom="readingOrder {index:18;}">
                <Coords points="246,1195 271,1194 297,1194 323,1194 349,1193 375,1193 401,1192 427,1192 453,1192 479,1192 505,1191 531,1191 557,1191 583,1192 609,1192 635,1192 661,1192 687,1193 713,1194 713,1160 687,1159 661,1158 635,1158 609,1158 583,1158 557,1157 531,1157 505,1157 479,1158 453,1158 427,1158 401,1158 375,1159 349,1159 323,1160 297,1160 271,1160 246,1161"/>
                <Baseline points="246,1184 271,1183 297,1183 323,1183 349,1182 375,1182 401,1181 427,1181 453,1181 479,1181 505,1180 531,1180 557,1180 583,1181 609,1181 635,1181 661,1181 687,1182 713,1183"/>
                <TextEquiv>
                    <Unicode>tal vez que faltó á la presa</Unicode>
                </TextEquiv>
            </TextLine>
            <TextLine id="r1l20" custom="readingOrder {index:19;}">
                <Coords points="250,1242 275,1243 300,1243 325,1243 350,1243 375,1242 400,1241 425,1241 450,1240 475,1240 500,1239 525,1239 550,1240 575,1241 600,1242 600,1209 575,1208 550,1207 525,1206 500,1206 475,1207 450,1207 425,1208 400,1208 375,1209 350,1210 325,1210 300,1210 275,1210 250,1209"/>
                <Baseline points="250,1231 275,1232 300,1232 325,1232 350,1232 375,1231 400,1230 425,1230 450,1229 475,1229 500,1228 525,1228 550,1229 575,1230 600,1231"/>
                <TextEquiv>
                    <Unicode>el agua por el estío,</Unicode>
                </TextEquiv>
            </TextLine>
            <TextLine id="r1l21" custom="readingOrder {index:20;}">
                <Coords points="243,1288 269,1289 296,1289 322,1289 349,1289 376,1289 402,1288 429,1288 456,1287 482,1287 509,1287 536,1287 562,1287 589,1288 616,1289 616,1256 589,1255 562,1254 536,1254 509,1254 482,1254 456,1254 429,1255 402,1255 376,1256 349,1256 322,1256 296,1256 269,1256 243,1255"/>
                <Baseline points="243,1277 269,1278 296,1278 322,1278 349,1278 376,1278 402,1277 429,1277 456,1276 482,1276 509,1276 536,1276 562,1276 589,1277 616,1278"/>
                <TextEquiv>
                    <Unicode>si no racional tahona</Unicode>
                </TextEquiv>
            </TextLine>
            <TextLine id="r1l22" custom="readingOrder {index:21;}">
                <Coords points="249,1337 274,1337 299,1337 324,1337 349,1336 374,1336 399,1335 424,1335 449,1334 474,1334 499,1334 524,1334 549,1335 574,1336 574,1302 549,1301 524,1300 499,1300 474,1300 449,1300 424,1301 399,1301 374,1302 349,1302 324,1303 299,1303 274,1303 249,1303"/>
                <Baseline points="249,1326 274,1326 299,1326 324,1326 349,1325 374,1325 399,1324 424,1324 449,1323 474,1323 499,1323 524,1323 549,1324 574,1325"/>
                <TextEquiv>
                    <Unicode>organizado molino,</Unicode>
                </TextEquiv>
            </TextLine>
            <TextLine id="r1l23" custom="readingOrder {index:22;}">
                <Coords points="256,1383 282,1383 308,1384 334,1384 360,1384 386,1384 412,1383 438,1383 464,1383 490,1383 516,1383 542,1383 568,1383 594,1383 620,1384 646,1384 672,1385 698,1386 724,1388 724,1355 698,1353 672,1352 646,1351 620,1351 594,1350 568,1350 542,1350 516,1350 490,1350 464,1350 438,1350 412,1350 386,1351 360,1351 334,1351 308,1351 282,1350 256,1350"/>
                <Baseline points="256,1372 282,1372 308,1373 334,1373 360,1373 386,1373 412,1372 438,1372 464,1372 490,1372 516,1372 542,1372 568,1372 594,1372 620,1373 646,1373 672,1374 698,1375 724,1377"/>
                <TextEquiv>
                    <Unicode>Viendo pues que rigoroso,</Unicode>
                </TextEquiv>
            </TextLine>
            <TextLine id="r1l24" custom="readingOrder {index:23;}">
                <Coords points="251,1434 276,1433 302,1433 328,1433 354,1432 380,1432 406,1431 431,1431 457,1431 483,1430 509,1430 535,1430 561,1431 587,1431 587,1397 561,1397 535,1396 509,1396 483,1396 457,1397 431,1397 406,1397 380,1398 354,1398 328,1399 302,1399 276,1399 251,1400"/>
                <Baseline points="251,1423 276,1422 302,1422 328,1422 354,1421 380,1421 406,1420 431,1420 457,1420 483,1419 509,1419 535,1419 561,1420 587,1420"/>
                <TextEquiv>
                    <Unicode>usando del Señorío</Unicode>
                </TextEquiv>
            </TextLine>
            <TextLine id="r1l25" custom="readingOrder {index:24;}">
                <Coords points="248,1482 273,1482 298,1482 324,1482 349,1481 375,1481 400,1480 425,1480 451,1479 476,1479 502,1478 527,1478 552,1478 578,1478 603,1478 629,1478 654,1478 679,1479 705,1480 730,1481 756,1482 756,1448 730,1447 705,1446 679,1445 654,1444 629,1444 603,1444 578,1444 552,1444 527,1444 502,1444 476,1445 451,1445 425,1446 400,1446 375,1447 349,1447 324,1448 298,1448 273,1448 248,1448"/>
                <Baseline points="248,1471 273,1471 298,1471 324,1471 349,1470 375,1470 400,1469 425,1469 451,1468 476,1468 502,1467 527,1467 552,1467 578,1467 603,1467 629,1467 654,1467 679,1468 705,1469 730,1470 756,1471"/>
                <TextEquiv>
                    <Unicode>que permite Dios que tengas, </Unicode>
                </TextEquiv>
            </TextLine>
            <TextLine id="r1l26" custom="readingOrder {index:25;}">
                <Coords points="252,1528 277,1529 302,1529 328,1529 353,1529 379,1529 404,1528 430,1528 455,1527 481,1527 506,1526 531,1526 557,1526 582,1525 608,1525 633,1526 659,1527 684,1527 710,1529 710,1495 684,1493 659,1493 633,1492 608,1491 582,1491 557,1492 531,1492 506,1492 481,1493 455,1493 430,1494 404,1494 379,1495 353,1495 328,1495 302,1495 277,1495 252,1494"/>
                <Baseline points="252,1517 277,1518 302,1518 328,1518 353,1518 379,1518 404,1517 430,1517 455,1516 481,1516 506,1515 531,1515 557,1515 582,1514 608,1514 633,1515 659,1516 684,1516 710,1518"/>
                <TextEquiv>
                    <Unicode>quizá por nuestros delitos,</Unicode>
                </TextEquiv>
            </TextLine>
            <TextLine id="r1l27" custom="readingOrder {index:26;}">
                <Coords points="254,1576 279,1577 305,1577 330,1577 356,1577 382,1576 407,1576 433,1576 458,1575 484,1575 510,1574 535,1574 561,1574 586,1574 612,1574 638,1575 663,1575 689,1576 714,1577 740,1579 766,1581 766,1547 740,1545 714,1543 689,1542 663,1541 638,1541 612,1540 586,1540 561,1540 535,1540 510,1540 484,1541 458,1541 433,1542 407,1542 382,1542 356,1543 330,1543 305,1543 279,1543 254,1542"/>
                <Baseline points="254,1565 279,1566 305,1566 330,1566 356,1566 382,1565 407,1565 433,1565 458,1564 484,1564 510,1563 535,1563 561,1563 586,1563 612,1563 638,1564 663,1564 689,1565 714,1566 740,1568 766,1570"/>
                <TextEquiv>
                    <Unicode>nos tratabas como á esclavos,</Unicode>
                </TextEquiv>
            </TextLine>
            <TextLine id="r1l28" custom="readingOrder {index:27;}">
                <Coords points="245,1625 270,1625 295,1625 320,1625 345,1625 370,1625 395,1624 420,1624 446,1623 471,1623 496,1623 521,1622 546,1622 571,1622 596,1623 622,1624 622,1590 596,1589 571,1588 546,1588 521,1588 496,1589 471,1589 446,1589 420,1590 395,1590 370,1591 345,1591 320,1591 295,1591 270,1591 245,1591"/>
                <Baseline points="245,1614 270,1614 295,1614 320,1614 345,1614 370,1614 395,1613 420,1613 446,1612 471,1612 496,1612 521,1611 546,1611 571,1611 596,1612 622,1613"/>
                <TextEquiv>
                    <Unicode>y sobre los admitidos</Unicode>
                </TextEquiv>
            </TextLine>
            <TextLine id="r1l29" custom="readingOrder {index:28;}">
                <Coords points="257,1673 283,1673 309,1673 335,1673 362,1673 388,1673 414,1672 440,1672 467,1671 493,1671 519,1671 545,1671 572,1670 598,1670 624,1671 651,1671 651,1637 624,1637 598,1636 572,1636 545,1637 519,1637 493,1637 467,1637 440,1638 414,1638 388,1639 362,1639 335,1639 309,1639 283,1639 257,1639"/>
                <Baseline points="257,1662 283,1662 309,1662 335,1662 362,1662 388,1662 414,1661 440,1661 467,1660 493,1660 519,1660 545,1660 572,1659 598,1659 624,1660 651,1660"/>
                <TextEquiv>
                    <Unicode>tributos, otros echabas</Unicode>
                </TextEquiv>
            </TextLine>
            <TextLine id="r1l30" custom="readingOrder {index:29;}">
                <Coords points="254,1720 279,1721 305,1721 331,1721 357,1721 382,1720 408,1720 434,1720 460,1719 486,1719 511,1718 537,1718 563,1718 589,1718 614,1718 640,1718 666,1719 692,1720 718,1721 718,1688 692,1687 666,1686 640,1685 614,1685 589,1685 563,1685 537,1685 511,1685 486,1686 460,1686 434,1687 408,1687 382,1687 357,1688 331,1688 305,1688 279,1688 254,1687"/>
                <Baseline points="254,1709 279,1710 305,1710 331,1710 357,1710 382,1709 408,1709 434,1709 460,1708 486,1708 511,1707 537,1707 563,1707 589,1707 614,1707 640,1707 666,1708 692,1709 718,1710"/>
                <TextEquiv>
                    <Unicode>con mil pretestos indignos,</Unicode>
                </TextEquiv>
            </TextLine>
            <TextLine id="r1l31" custom="readingOrder {index:30;}">
                <Coords points="255,1769 282,1769 309,1769 336,1768 363,1768 390,1768 417,1768 445,1767 472,1767 499,1767 526,1767 553,1767 580,1767 607,1767 635,1767 662,1767 689,1767 716,1767 743,1768 770,1768 798,1769 798,1736 770,1735 743,1735 716,1734 689,1734 662,1734 635,1734 607,1734 580,1734 553,1734 526,1734 499,1734 472,1734 445,1734 417,1735 390,1735 363,1735 336,1735 309,1736 282,1736 255,1736"/>
                <Baseline points="255,1758 282,1758 309,1758 336,1757 363,1757 390,1757 417,1757 445,1756 472,1756 499,1756 526,1756 553,1756 580,1756 607,1756 635,1756 662,1756 689,1756 716,1756 743,1757 770,1757 798,1758"/>
                <TextEquiv>
                    <Unicode>que la opresion llama agravios,</Unicode>
                </TextEquiv>
            </TextLine>
            <TextLine id="r1l32" custom="readingOrder {index:31;}">
                <Coords points="256,1816 282,1817 308,1817 335,1816 361,1816 388,1816 414,1815 441,1815 467,1815 493,1814 520,1814 546,1814 573,1814 599,1814 626,1815 626,1781 599,1780 573,1780 546,1780 520,1780 493,1780 467,1781 441,1781 414,1781 388,1782 361,1782 335,1782 308,1783 282,1783 256,1782"/>
                <Baseline points="256,1805 282,1806 308,1806 335,1805 361,1805 388,1805 414,1804 441,1804 467,1804 493,1803 520,1803 546,1803 573,1803 599,1803 626,1804"/>
                <TextEquiv>
                    <Unicode>y la política arbitries;</Unicode>
                </TextEquiv>
            </TextLine>
            <TextLine id="r1l33" custom="readingOrder {index:32;}">
                <Coords points="255,1864 280,1864 306,1865 332,1865 357,1865 383,1865 409,1864 434,1864 460,1863 486,1863 511,1862 537,1862 563,1862 588,1862 614,1862 640,1862 666,1863 666,1829 640,1828 614,1828 588,1828 563,1828 537,1828 511,1828 486,1829 460,1829 434,1830 409,1830 383,1831 357,1831 332,1831 306,1831 280,1830 255,1830"/>
                <Baseline points="255,1853 280,1853 306,1854 332,1854 357,1854 383,1854 409,1853 434,1853 460,1852 486,1852 511,1851 537,1851 563,1851 588,1851 614,1851 640,1851 666,1852"/>
                <TextEquiv>
                    <Unicode>tomé contra tí las armas</Unicode>
                </TextEquiv>
            </TextLine>
            <TextLine id="r1l34" custom="readingOrder {index:33;}">
                <Coords points="248,1915 273,1914 299,1914 325,1913 350,1913 376,1912 402,1911 427,1911 453,1910 479,1910 504,1910 530,1909 556,1909 581,1909 607,1909 633,1909 658,1910 684,1910 710,1911 710,1878 684,1877 658,1877 633,1876 607,1876 581,1876 556,1876 530,1876 504,1877 479,1877 453,1877 427,1878 402,1878 376,1879 350,1880 325,1880 299,1881 273,1881 248,1882"/>
                <Baseline points="248,1904 273,1903 299,1903 325,1902 350,1902 376,1901 402,1900 427,1900 453,1899 479,1899 504,1899 530,1898 556,1898 581,1898 607,1898 633,1898 658,1899 684,1899 710,1900"/>
                <TextEquiv>
                    <Unicode>y entré en la Siria atrevido,</Unicode>
                </TextEquiv>
            </TextLine>
            <TextLine id="r1l35" custom="readingOrder {index:34;}">
                <Coords points="260,1961 287,1960 314,1960 342,1959 369,1959 396,1959 424,1958 451,1958 478,1958 506,1958 533,1958 560,1958 588,1958 615,1958 642,1958 670,1958 697,1957 724,1957 752,1957 779,1957 807,1956 807,1923 779,1924 752,1924 724,1924 697,1924 670,1925 642,1925 615,1925 588,1925 560,1925 533,1925 506,1925 478,1925 451,1925 424,1925 396,1926 369,1926 342,1926 314,1927 287,1927 260,1928"/>
                <Baseline points="260,1950 287,1949 314,1949 342,1948 369,1948 396,1948 424,1947 451,1947 478,1947 506,1947 533,1947 560,1947 588,1947 615,1947 642,1947 670,1947 697,1946 724,1946 752,1946 779,1946 807,1945"/>
                <TextEquiv>
                    <Unicode>donde en menos de veinte años</Unicode>
                </TextEquiv>
            </TextLine>
            <TextLine id="r1l36" custom="readingOrder {index:35;}">
                <Coords points="249,2008 274,2008 300,2008 325,2008 351,2008 376,2008 402,2007 427,2007 453,2006 478,2006 504,2006 529,2005 555,2005 580,2005 606,2005 631,2005 657,2005 682,2006 708,2006 734,2007 734,1973 708,1972 682,1972 657,1971 631,1971 606,1971 580,1971 555,1971 529,1971 504,1972 478,1972 453,1972 427,1973 402,1973 376,1974 351,1974 325,1974 300,1974 274,1974 249,1974"/>
                <Baseline points="249,1997 274,1997 300,1997 325,1997 351,1997 376,1997 402,1996 427,1996 453,1995 478,1995 504,1995 529,1994 555,1994 580,1994 606,1994 631,1994 657,1994 682,1995 708,1995 734,1996"/>
                <TextEquiv>
                    <Unicode>que fui del pueblo caudillo,</Unicode>
                </TextEquiv>
            </TextLine>
            <TextLine id="r1l37" custom="readingOrder {index:36;}">
                <Coords points="249,2056 276,2056 303,2056 330,2056 357,2056 384,2056 411,2056 438,2055 465,2055 492,2055 519,2054 546,2054 573,2054 600,2054 627,2054 654,2054 681,2054 708,2054 735,2054 762,2055 790,2056 790,2022 762,2021 735,2020 708,2020 681,2020 654,2020 627,2020 600,2020 573,2020 546,2020 519,2020 492,2021 465,2021 438,2021 411,2022 384,2022 357,2022 330,2022 303,2022 276,2022 249,2022"/>
                <Baseline points="249,2045 276,2045 303,2045 330,2045 357,2045 384,2045 411,2045 438,2044 465,2044 492,2044 519,2043 546,2043 573,2043 600,2043 627,2043 654,2043 681,2043 708,2043 735,2043 762,2044 790,2045"/>
                <TextEquiv>
                    <Unicode>sabe el mundo, y tú lo sabes,</Unicode>
                </TextEquiv>
            </TextLine>
            <TextLine id="r1l38" custom="readingOrder {index:37;}">
                <Coords points="249,2104 275,2104 301,2105 327,2105 353,2105 380,2105 406,2104 432,2104 458,2104 484,2103 511,2103 537,2102 563,2101 589,2101 615,2101 642,2101 668,2101 694,2101 720,2101 746,2102 773,2103 773,2069 746,2068 720,2067 694,2067 668,2067 642,2067 615,2067 589,2067 563,2067 537,2068 511,2069 484,2069 458,2070 432,2070 406,2070 380,2071 353,2071 327,2071 301,2071 275,2070 249,2070"/>
                <Baseline points="249,2093 275,2093 301,2094 327,2094 353,2094 380,2094 406,2093 432,2093 458,2093 484,2092 511,2092 537,2091 563,2090 589,2090 615,2090 642,2090 668,2090 694,2090 720,2090 746,2091 773,2092"/>
                <TextEquiv>
                    <Unicode>pues con tus ojos lo has visto,</Unicode>
                </TextEquiv>
            </TextLine>
            <TextLine id="r1l39" custom="readingOrder {index:38;}">
                <Coords points="261,2152 288,2152 315,2152 342,2152 369,2152 396,2152 423,2151 450,2151 477,2151 504,2150 531,2149 558,2149 585,2149 612,2149 639,2148 666,2149 693,2149 720,2149 747,2150 774,2151 801,2153 801,2120 774,2118 747,2117 720,2116 693,2116 666,2116 639,2115 612,2116 585,2116 558,2116 531,2116 504,2117 477,2118 450,2118 423,2118 396,2119 369,2119 342,2119 315,2119 288,2119 261,2119"/>
                <Baseline points="261,2141 288,2141 315,2141 342,2141 369,2141 396,2141 423,2140 450,2140 477,2140 504,2139 531,2138 558,2138 585,2138 612,2138 639,2137 666,2138 693,2138 720,2138 747,2139 774,2140 801,2142"/>
                <TextEquiv>
                    <Unicode>que abrasé cuantos sembrados,</Unicode>
                </TextEquiv>
            </TextLine>
            <TextLine id="r1l40" custom="readingOrder {index:39;}">
                <Coords points="258,2198 283,2199 308,2200 334,2200 359,2200 384,2200 410,2200 435,2200 460,2199 486,2199 511,2198 536,2198 562,2197 587,2197 612,2197 638,2197 663,2198 688,2198 714,2199 714,2166 688,2165 663,2165 638,2164 612,2164 587,2164 562,2164 536,2165 511,2165 486,2166 460,2166 435,2167 410,2167 384,2167 359,2167 334,2167 308,2167 283,2166 258,2165"/>
                <Baseline points="258,2187 283,2188 308,2189 334,2189 359,2189 384,2189 410,2189 435,2189 460,2188 486,2188 511,2187 536,2187 562,2186 587,2186 612,2186 638,2186 663,2187 688,2187 714,2188"/>
                <TextEquiv>
                    <Unicode>viñas, barbechos y olivos</Unicode>
                </TextEquiv>
            </TextLine>
            <TextLine id="r1l41" custom="readingOrder {index:40;}">
                <Coords points="255,2248 281,2248 307,2248 334,2248 360,2248 387,2248 413,2248 440,2247 466,2247 493,2246 519,2246 546,2245 572,2245 599,2245 625,2245 652,2245 652,2211 625,2211 599,2211 572,2211 546,2211 519,2212 493,2212 466,2213 440,2213 413,2214 387,2214 360,2214 334,2214 307,2214 281,2214 255,2214"/>
                <Baseline points="255,2237 281,2237 307,2237 334,2237 360,2237 387,2237 413,2237 440,2236 466,2236 493,2235 519,2235 546,2234 572,2234 599,2234 625,2234 652,2234"/>
                <TextEquiv>
                    <Unicode>encontré, con un ardid</Unicode>
                </TextEquiv>
            </TextLine>
            <TextLine id="r1l42" custom="readingOrder {index:41;}">
                <Coords points="255,2297 281,2297 307,2298 334,2298 360,2298 387,2297 413,2297 440,2297 466,2296 492,2296 519,2296 545,2295 572,2295 598,2295 625,2295 651,2296 678,2296 678,2262 651,2262 625,2261 598,2261 572,2261 545,2261 519,2262 492,2262 466,2262 440,2263 413,2263 387,2263 360,2264 334,2264 307,2264 281,2263 255,2263"/>
                <Baseline points="255,2286 281,2286 307,2287 334,2287 360,2287 387,2286 413,2286 440,2286 466,2285 492,2285 519,2285 545,2284 572,2284 598,2284 625,2284 651,2285 678,2285"/>
                <TextEquiv>
                    <Unicode>ingenioso y de capricho,</Unicode>
                </TextEquiv>
            </TextLine>
            <TextEquiv>
                <Unicode>sá un envion quebrantába
los cáñamos retorcidos.
Mataba un hombre de un golp:
saltaba el Tigris de un brinco, 
corria mas que un caballo,
derribaba un edificio
con solo arrimarme áél;
detenia. de un navío
el curso; tronchaba el hierro
como si fuera de vidrio,
y alzaba con una mano
cuatro cahices de trigo;
y luego sobre las palmas
les granos echando limpios,
y estregándolos con ellas,
los que eran fuertes, macizos,
harina quedaban hechos,
siendo por este camino
tal vez que faltó á la presa
el agua por el estío,
si no racional tahona
organizado molino,
Viendo pues que rigoroso,
usando del Señorío
que permite Dios que tengas, 
quizá por nuestros delitos,
nos tratabas como á esclavos,
y sobre los admitidos
tributos, otros echabas
con mil pretestos indignos,
que la opresion llama agravios,
y la política arbitries;
tomé contra tí las armas
y entré en la Siria atrevido,
donde en menos de veinte años
que fui del pueblo caudillo,
sabe el mundo, y tú lo sabes,
pues con tus ojos lo has visto,
que abrasé cuantos sembrados,
viñas, barbechos y olivos
encontré, con un ardid
ingenioso y de capricho,</Unicode>
            </TextEquiv>
        </TextRegion>
        <TextRegion orientation="0.0" id="r2" custom="readingOrder {index:1;}">
            <Coords points="948,291 948,2293 1515,2293 1515,291"/>
            <TextLine id="r2l1" custom="readingOrder {index:0;}">
                <Coords points="955,325 980,325 1006,325 1032,325 1058,325 1084,325 1110,325 1135,325 1161,325 1187,325 1213,325 1239,325 1265,326 1290,326 1316,326 1342,327 1368,327 1394,327 1420,328 1446,328 1446,294 1420,294 1394,293 1368,293 1342,293 1316,292 1290,292 1265,292 1239,291 1213,291 1187,291 1161,291 1135,291 1110,291 1084,291 1058,291 1032,291 1006,291 980,291 955,291"/>
                <Baseline points="955,314 980,314 1006,314 1032,314 1058,314 1084,314 1110,314 1135,314 1161,314 1187,314 1213,314 1239,314 1265,315 1290,315 1316,315 1342,316 1368,316 1394,316 1420,317 1446,317"/>
                <TextEquiv>
                    <Unicode>que por comun no lo cuento</Unicode>
                </TextEquiv>
            </TextLine>
            <TextLine id="r2l2" custom="readingOrder {index:1;}">
                <Coords points="948,374 973,373 998,373 1024,372 1049,372 1074,372 1100,372 1125,373 1150,373 1176,374 1201,374 1226,374 1252,374 1277,374 1302,373 1328,373 1328,339 1302,339 1277,340 1252,340 1226,340 1201,340 1176,340 1150,339 1125,339 1100,338 1074,338 1049,338 1024,338 998,339 973,339 948,340"/>
                <Baseline points="948,363 973,362 998,362 1024,361 1049,361 1074,361 1100,361 1125,362 1150,362 1176,363 1201,363 1226,363 1252,363 1277,363 1302,362 1328,362"/>
                <TextEquiv>
                    <Unicode>y lo callo por sabido.</Unicode>
                </TextEquiv>
            </TextLine>
            <TextLine id="r2l3" custom="readingOrder {index:2;}">
                <Coords points="948,423 975,422 1002,422 1029,422 1056,422 1083,421 1110,421 1137,421 1164,421 1191,420 1218,420 1245,420 1272,420 1299,420 1326,420 1353,421 1380,421 1407,422 1434,422 1461,423 1488,424 1488,390 1461,389 1434,388 1407,388 1380,387 1353,387 1326,386 1299,386 1272,386 1245,386 1218,386 1191,386 1164,387 1137,387 1110,387 1083,387 1056,388 1029,388 1002,388 975,388 948,389"/>
                <Baseline points="948,412 975,411 1002,411 1029,411 1056,411 1083,410 1110,410 1137,410 1164,410 1191,409 1218,409 1245,409 1272,409 1299,409 1326,409 1353,410 1380,410 1407,411 1434,411 1461,412 1488,413"/>
                <TextEquiv>
                    <Unicode>—Que rendí doscientos pueblos,</Unicode>
                </TextEquiv>
            </TextLine>
            <TextLine id="r2l4" custom="readingOrder {index:3;}">
                <Coords points="960,470 985,469 1010,469 1035,469 1061,469 1086,468 1111,468 1137,468 1162,468 1187,469 1212,469 1238,469 1263,469 1288,469 1314,469 1339,470 1364,470 1390,470 1390,437 1364,437 1339,437 1314,436 1288,436 1263,436 1238,436 1212,436 1187,436 1162,435 1137,435 1111,435 1086,435 1061,436 1035,436 1010,436 985,436 960,437"/>
                <Baseline points="960,459 985,458 1010,458 1035,458 1061,458 1086,457 1111,457 1137,457 1162,457 1187,458 1212,458 1238,458 1263,458 1288,458 1314,458 1339,459 1364,459 1390,459"/>
                <TextEquiv>
                    <Unicode>que batí treinta castillos,</Unicode>
                </TextEquiv>
            </TextLine>
            <TextLine id="r2l5" custom="readingOrder {index:4;}">
                <Coords points="964,516 989,516 1014,517 1040,517 1065,517 1091,517 1116,517 1142,517 1167,516 1193,516 1218,516 1243,516 1269,516 1294,516 1320,516 1345,517 1371,517 1396,517 1422,517 1422,484 1396,484 1371,484 1345,484 1320,483 1294,483 1269,483 1243,483 1218,483 1193,483 1167,483 1142,484 1116,484 1091,484 1065,484 1040,484 1014,484 989,483 964,483"/>
                <Baseline points="964,505 989,505 1014,506 1040,506 1065,506 1091,506 1116,506 1142,506 1167,505 1193,505 1218,505 1243,505 1269,505 1294,505 1320,505 1345,506 1371,506 1396,506 1422,506"/>
                <TextEquiv>
                    <Unicode>que vencí ochenta batallas, </Unicode>
                </TextEquiv>
            </TextLine>
            <TextLine id="r2l6" custom="readingOrder {index:5;}">
                <Coords points="963,563 988,563 1014,564 1040,564 1066,565 1092,565 1118,565 1143,565 1169,564 1195,564 1221,564 1247,564 1273,564 1298,564 1324,564 1350,564 1376,564 1402,564 1428,565 1428,531 1402,530 1376,530 1350,530 1324,530 1298,530 1273,530 1247,530 1221,530 1195,530 1169,530 1143,531 1118,531 1092,531 1066,531 1040,530 1014,530 988,529 963,529"/>
                <Baseline points="963,552 988,552 1014,553 1040,553 1066,554 1092,554 1118,554 1143,554 1169,553 1195,553 1221,553 1247,553 1273,553 1298,553 1324,553 1350,553 1376,553 1402,553 1428,554"/>
                <TextEquiv>
                    <Unicode>que libré diez mil cautivos,</Unicode>
                </TextEquiv>
            </TextLine>
            <TextLine id="r2l7" custom="readingOrder {index:6;}">
                <Coords points="955,609 980,610 1006,611 1031,612 1057,612 1082,612 1108,613 1133,613 1159,613 1184,612 1210,612 1235,612 1261,612 1286,612 1312,612 1337,612 1363,612 1388,613 1414,614 1440,614 1440,581 1414,581 1388,580 1363,579 1337,579 1312,579 1286,579 1261,579 1235,579 1210,579 1184,579 1159,580 1133,580 1108,580 1082,579 1057,579 1031,579 1006,578 980,577 955,576"/>
                <Baseline points="955,598 980,599 1006,600 1031,601 1057,601 1082,601 1108,602 1133,602 1159,602 1184,601 1210,601 1235,601 1261,601 1286,601 1312,601 1337,601 1363,601 1388,602 1414,603 1440,603"/>
                <TextEquiv>
                    <Unicode>y que maté por mis manos, </Unicode>
                </TextEquiv>
            </TextLine>
            <TextLine id="r2l8" custom="readingOrder {index:7;}">
                <Coords points="965,657 990,657 1015,658 1041,659 1066,660 1091,660 1117,660 1142,660 1168,660 1193,660 1218,660 1244,660 1269,660 1295,659 1320,659 1345,659 1371,660 1396,660 1422,660 1422,627 1396,627 1371,627 1345,626 1320,626 1295,626 1269,627 1244,627 1218,627 1193,627 1168,627 1142,627 1117,627 1091,627 1066,627 1041,626 1015,625 990,624 965,624"/>
                <Baseline points="965,646 990,646 1015,647 1041,648 1066,649 1091,649 1117,649 1142,649 1168,649 1193,649 1218,649 1244,649 1269,649 1295,648 1320,648 1345,648 1371,649 1396,649 1422,649"/>
                <TextEquiv>
                    <Unicode>del Cielo siempre asistido,</Unicode>
                </TextEquiv>
            </TextLine>
            <TextLine id="r2l9" custom="readingOrder {index:8;}">
                <Coords points="967,707 992,707 1018,708 1044,708 1069,708 1095,708 1121,708 1147,708 1172,708 1198,708 1224,707 1249,707 1275,707 1301,707 1327,708 1352,708 1378,708 1404,710 1430,711 1430,677 1404,676 1378,674 1352,674 1327,674 1301,673 1275,673 1249,673 1224,673 1198,674 1172,674 1147,674 1121,674 1095,674 1069,674 1044,674 1018,674 992,673 967,673"/>
                <Baseline points="967,696 992,696 1018,697 1044,697 1069,697 1095,697 1121,697 1147,697 1172,697 1198,697 1224,696 1249,696 1275,696 1301,696 1327,697 1352,697 1378,697 1404,699 1430,700"/>
                <TextEquiv>
                    <Unicode>treinta y dos mil Filisteos,</Unicode>
                </TextEquiv>
            </TextLine>
            <TextLine id="r2l10" custom="readingOrder {index:9;}">
                <Coords points="969,756 994,756 1019,756 1044,756 1070,756 1095,756 1120,756 1145,756 1171,756 1196,756 1221,756 1246,756 1272,756 1297,756 1322,757 1348,757 1348,724 1322,724 1297,723 1272,723 1246,723 1221,723 1196,723 1171,723 1145,723 1120,723 1095,723 1070,723 1044,723 1019,723 994,723 969,723"/>
                <Baseline points="969,745 994,745 1019,745 1044,745 1070,745 1095,745 1120,745 1145,745 1171,745 1196,745 1221,745 1246,745 1272,745 1297,745 1322,746 1348,746"/>
                <TextEquiv>
                    <Unicode>Apolonios y Fenicios,</Unicode>
                </TextEquiv>
            </TextLine>
            <TextLine id="r2l11" custom="readingOrder {index:10;}">
                <Coords points="971,804 996,804 1021,805 1046,805 1071,805 1096,805 1121,805 1147,804 1172,804 1197,804 1222,804 1247,804 1272,803 1298,803 1323,803 1348,803 1373,803 1398,803 1423,802 1449,802 1449,769 1423,769 1398,770 1373,770 1348,770 1323,770 1298,770 1272,770 1247,771 1222,771 1197,771 1172,771 1147,771 1121,772 1096,772 1071,772 1046,772 1021,772 996,771 971,771"/>
                <Baseline points="971,793 996,793 1021,794 1046,794 1071,794 1096,794 1121,794 1147,793 1172,793 1197,793 1222,793 1247,793 1272,792 1298,792 1323,792 1348,792 1373,792 1398,792 1423,791 1449,791"/>
                <TextEquiv>
                    <Unicode>que hecha la cuenta de todo</Unicode>
                </TextEquiv>
            </TextLine>
            <TextLine id="r2l12" custom="readingOrder {index:11;}">
                <Coords points="962,851 987,852 1012,852 1038,853 1063,853 1089,853 1114,853 1140,853 1165,853 1191,853 1216,852 1242,852 1267,852 1293,852 1318,852 1344,852 1369,852 1395,852 1420,853 1446,853 1446,819 1420,819 1395,818 1369,818 1344,818 1318,818 1293,818 1267,818 1242,818 1216,818 1191,819 1165,819 1140,819 1114,819 1089,819 1063,819 1038,819 1012,818 987,818 962,817"/>
                <Baseline points="962,840 987,841 1012,841 1038,842 1063,842 1089,842 1114,842 1140,842 1165,842 1191,842 1216,841 1242,841 1267,841 1293,841 1318,841 1344,841 1369,841 1395,841 1420,842 1446,842"/>
                <TextEquiv>
                    <Unicode>por los años que he vivido,</Unicode>
                </TextEquiv>
            </TextLine>
            <TextLine id="r2l13" custom="readingOrder {index:12;}">
                <Coords points="965,898 991,899 1017,899 1043,900 1070,900 1096,901 1122,901 1149,901 1175,900 1201,900 1227,900 1254,900 1280,899 1306,899 1333,899 1333,865 1306,865 1280,865 1254,866 1227,866 1201,866 1175,866 1149,867 1122,867 1096,867 1070,866 1043,866 1017,865 991,865 965,864"/>
                <Baseline points="965,887 991,888 1017,888 1043,889 1070,889 1096,890 1122,890 1149,890 1175,889 1201,889 1227,889 1254,889 1280,888 1306,888 1333,888"/>
                <TextEquiv>
                    <Unicode>viene á salir cada dia</Unicode>
                </TextEquiv>
            </TextLine>
            <TextLine id="r2l14" custom="readingOrder {index:13;}">
                <Coords points="962,949 987,949 1013,949 1039,949 1065,949 1090,949 1116,949 1142,948 1168,948 1194,948 1219,948 1245,947 1271,947 1297,947 1323,947 1348,947 1374,948 1400,948 1426,949 1452,950 1452,916 1426,915 1400,914 1374,914 1348,913 1323,913 1297,913 1271,913 1245,913 1219,914 1194,914 1168,914 1142,914 1116,915 1090,915 1065,915 1039,915 1013,915 987,915 962,915"/>
                <Baseline points="962,938 987,938 1013,938 1039,938 1065,938 1090,938 1116,938 1142,937 1168,937 1194,937 1219,937 1245,936 1271,936 1297,936 1323,936 1348,936 1374,937 1400,937 1426,938 1452,939"/>
                <TextEquiv>
                    <Unicode>por cuatro muertos ó cinco,</Unicode>
                </TextEquiv>
            </TextLine>
            <TextLine id="r2l15" custom="readingOrder {index:14;}">
                <Coords points="967,997 992,997 1017,997 1043,997 1068,997 1093,997 1119,997 1144,996 1169,996 1195,996 1220,996 1245,997 1271,997 1296,997 1321,997 1347,997 1372,997 1398,998 1398,964 1372,963 1347,963 1321,963 1296,963 1271,963 1245,963 1220,962 1195,962 1169,962 1144,962 1119,963 1093,963 1068,963 1043,963 1017,963 992,963 967,963"/>
                <Baseline points="967,986 992,986 1017,986 1043,986 1068,986 1093,986 1119,986 1144,985 1169,985 1195,985 1220,985 1245,986 1271,986 1296,986 1321,986 1347,986 1372,986 1398,987"/>
                <TextEquiv>
                    <Unicode>Cansástete de la guerra,</Unicode>
                </TextEquiv>
            </TextLine>
            <TextLine id="r2l16" custom="readingOrder {index:15;}">
                <Coords points="959,1044 984,1044 1010,1045 1035,1045 1061,1045 1087,1045 1112,1045 1138,1045 1164,1044 1189,1044 1215,1044 1241,1044 1266,1044 1292,1044 1318,1044 1343,1044 1369,1044 1395,1044 1395,1011 1369,1011 1343,1011 1318,1011 1292,1011 1266,1011 1241,1011 1215,1011 1189,1011 1164,1011 1138,1012 1112,1012 1087,1012 1061,1012 1035,1012 1010,1012 984,1011 959,1011"/>
                <Baseline points="959,1033 984,1033 1010,1034 1035,1034 1061,1034 1087,1034 1112,1034 1138,1034 1164,1033 1189,1033 1215,1033 1241,1033 1266,1033 1292,1033 1318,1033 1343,1033 1369,1033 1395,1033"/>
                <TextEquiv>
                    <Unicode>é hicistes paces conmigo</Unicode>
                </TextEquiv>
            </TextLine>
            <TextLine id="r2l17" custom="readingOrder {index:16;}">
                <Coords points="971,1092 996,1092 1021,1093 1046,1093 1071,1093 1096,1093 1121,1092 1146,1092 1171,1092 1196,1092 1221,1092 1246,1092 1271,1092 1296,1092 1321,1092 1346,1092 1371,1092 1396,1093 1396,1059 1371,1058 1346,1058 1321,1058 1296,1058 1271,1058 1246,1058 1221,1058 1196,1058 1171,1058 1146,1058 1121,1058 1096,1059 1071,1059 1046,1059 1021,1059 996,1058 971,1058"/>
                <Baseline points="971,1081 996,1081 1021,1082 1046,1082 1071,1082 1096,1082 1121,1081 1146,1081 1171,1081 1196,1081 1221,1081 1246,1081 1271,1081 1296,1081 1321,1081 1346,1081 1371,1081 1396,1082"/>
                <TextEquiv>
                    <Unicode>hasta traerme á tu Corte</Unicode>
                </TextEquiv>
            </TextLine>
            <TextLine id="r2l18" custom="readingOrder {index:17;}">
                <Coords points="964,1140 990,1140 1016,1141 1042,1141 1068,1141 1094,1141 1120,1141 1146,1141 1173,1140 1199,1140 1225,1140 1251,1140 1277,1140 1303,1140 1329,1140 1355,1140 1382,1141 1382,1107 1355,1106 1329,1106 1303,1106 1277,1106 1251,1106 1225,1106 1199,1106 1173,1106 1146,1107 1120,1107 1094,1107 1068,1107 1042,1107 1016,1107 990,1106 964,1106"/>
                <Baseline points="964,1129 990,1129 1016,1130 1042,1130 1068,1130 1094,1130 1120,1130 1146,1130 1173,1129 1199,1129 1225,1129 1251,1129 1277,1129 1303,1129 1329,1129 1355,1129 1382,1130"/>
                <TextEquiv>
                    <Unicode>con fiestas y regocijos,</Unicode>
                </TextEquiv>
            </TextLine>
            <TextLine id="r2l19" custom="readingOrder {index:18;}">
                <Coords points="962,1188 987,1188 1013,1189 1039,1189 1065,1189 1090,1189 1116,1189 1142,1188 1168,1188 1194,1188 1219,1188 1245,1187 1271,1187 1297,1187 1323,1187 1348,1188 1374,1188 1400,1190 1426,1191 1452,1192 1452,1158 1426,1157 1400,1156 1374,1154 1348,1154 1323,1153 1297,1153 1271,1153 1245,1153 1219,1154 1194,1154 1168,1154 1142,1154 1116,1155 1090,1155 1065,1155 1039,1155 1013,1155 987,1154 962,1154"/>
                <Baseline points="962,1177 987,1177 1013,1178 1039,1178 1065,1178 1090,1178 1116,1178 1142,1177 1168,1177 1194,1177 1219,1177 1245,1176 1271,1176 1297,1176 1323,1176 1348,1177 1374,1177 1400,1179 1426,1180 1452,1181"/>
                <TextEquiv>
                    <Unicode>donde viendo la herinosura,</Unicode>
                </TextEquiv>
            </TextLine>
            <TextLine id="r2l20" custom="readingOrder {index:19;}">
                <Coords points="969,1237 995,1237 1021,1237 1047,1237 1073,1237 1099,1237 1125,1237 1151,1237 1177,1237 1204,1237 1230,1237 1256,1236 1282,1236 1308,1236 1334,1236 1360,1236 1386,1236 1413,1235 1413,1201 1386,1202 1360,1202 1334,1202 1308,1202 1282,1202 1256,1202 1230,1203 1204,1203 1177,1203 1151,1203 1125,1203 1099,1203 1073,1203 1047,1203 1021,1203 995,1203 969,1203"/>
                <Baseline points="969,1226 995,1226 1021,1226 1047,1226 1073,1226 1099,1226 1125,1226 1151,1226 1177,1226 1204,1226 1230,1226 1256,1225 1282,1225 1308,1225 1334,1225 1360,1225 1386,1225 1413,1224"/>
                <TextEquiv>
                    <Unicode>la virtud , la gala, el brio</Unicode>
                </TextEquiv>
            </TextLine>
            <TextLine id="r2l21" custom="readingOrder {index:20;}">
                <Coords points="967,1285 992,1285 1018,1285 1044,1285 1070,1285 1096,1285 1122,1284 1148,1284 1174,1284 1200,1284 1226,1284 1252,1284 1278,1284 1304,1285 1330,1285 1330,1252 1304,1252 1278,1251 1252,1251 1226,1251 1200,1251 1174,1251 1148,1251 1122,1251 1096,1252 1070,1252 1044,1252 1018,1252 992,1252 967,1252"/>
                <Baseline points="967,1274 992,1274 1018,1274 1044,1274 1070,1274 1096,1274 1122,1273 1148,1273 1174,1273 1200,1273 1226,1273 1252,1273 1278,1273 1304,1274 1330,1274"/>
                <TextEquiv>
                    <Unicode>de Dalila, sin saber,</Unicode>
                </TextEquiv>
            </TextLine>
            <TextLine id="r2l22" custom="readingOrder {index:21;}">
                <Coords points="966,1334 993,1333 1020,1333 1048,1333 1075,1333 1103,1332 1130,1332 1157,1332 1185,1331 1212,1331 1240,1331 1267,1331 1294,1331 1322,1331 1349,1332 1377,1332 1404,1333 1431,1334 1459,1335 1486,1337 1514,1338 1514,1304 1486,1303 1459,1301 1431,1300 1404,1299 1377,1298 1349,1298 1322,1297 1294,1297 1267,1297 1240,1297 1212,1297 1185,1297 1157,1298 1130,1298 1103,1298 1075,1299 1048,1299 1020,1299 993,1299 966,1300"/>
                <Baseline points="966,1323 993,1322 1020,1322 1048,1322 1075,1322 1103,1321 1130,1321 1157,1321 1185,1320 1212,1320 1240,1320 1267,1320 1294,1320 1322,1320 1349,1321 1377,1321 1404,1322 1431,1323 1459,1324 1486,1326 1514,1327"/>
                <TextEquiv>
                    <Unicode>que eres tú su amante antiguo,</Unicode>
                </TextEquiv>
            </TextLine>
            <TextLine id="r2l23" custom="readingOrder {index:22;}">
                <Coords points="970,1382 995,1382 1021,1382 1046,1382 1072,1381 1097,1381 1123,1380 1149,1380 1174,1380 1200,1380 1225,1380 1251,1380 1276,1380 1302,1381 1328,1382 1328,1349 1302,1348 1276,1347 1251,1347 1225,1347 1200,1347 1174,1347 1149,1347 1123,1347 1097,1348 1072,1348 1046,1349 1021,1349 995,1349 970,1349"/>
                <Baseline points="970,1371 995,1371 1021,1371 1046,1371 1072,1370 1097,1370 1123,1369 1149,1369 1174,1369 1200,1369 1225,1369 1251,1369 1276,1369 1302,1370 1328,1371"/>
                <TextEquiv>
                    <Unicode>la recibí por esposa;</Unicode>
                </TextEquiv>
            </TextLine>
            <TextLine id="r2l24" custom="readingOrder {index:23;}">
                <Coords points="965,1430 992,1430 1020,1430 1047,1429 1075,1429 1102,1429 1130,1428 1157,1428 1185,1428 1212,1427 1240,1427 1267,1427 1295,1427 1322,1427 1350,1427 1377,1427 1405,1427 1432,1428 1460,1428 1487,1429 1515,1430 1515,1397 1487,1396 1460,1395 1432,1395 1405,1394 1377,1394 1350,1394 1322,1394 1295,1394 1267,1394 1240,1394 1212,1394 1185,1395 1157,1395 1130,1395 1102,1396 1075,1396 1047,1396 1020,1397 992,1397 965,1397"/>
                <Baseline points="965,1419 992,1419 1020,1419 1047,1418 1075,1418 1102,1418 1130,1417 1157,1417 1185,1417 1212,1416 1240,1416 1267,1416 1295,1416 1322,1416 1350,1416 1377,1416 1405,1416 1432,1417 1460,1417 1487,1418 1515,1419"/>
                <TextEquiv>
                    <Unicode>que aunque fue contra el estilo</Unicode>
                </TextEquiv>
            </TextLine>
            <TextLine id="r2l25" custom="readingOrder {index:24;}">
                <Coords points="970,1478 995,1478 1021,1479 1046,1479 1072,1479 1097,1479 1123,1478 1148,1478 1174,1477 1200,1477 1225,1476 1251,1476 1276,1476 1302,1475 1327,1475 1353,1475 1378,1476 1404,1476 1430,1477 1430,1444 1404,1443 1378,1443 1353,1442 1327,1442 1302,1442 1276,1443 1251,1443 1225,1443 1200,1444 1174,1444 1148,1445 1123,1445 1097,1446 1072,1446 1046,1446 1021,1446 995,1445 970,1445"/>
                <Baseline points="970,1467 995,1467 1021,1468 1046,1468 1072,1468 1097,1468 1123,1467 1148,1467 1174,1466 1200,1466 1225,1465 1251,1465 1276,1465 1302,1464 1327,1464 1353,1464 1378,1465 1404,1465 1430,1466"/>
                <TextEquiv>
                    <Unicode>de mi ley, que no permite</Unicode>
                </TextEquiv>
            </TextLine>
            <TextLine id="r2l26" custom="readingOrder {index:25;}">
                <Coords points="970,1527 995,1527 1020,1527 1046,1526 1071,1526 1097,1525 1122,1525 1147,1524 1173,1524 1198,1523 1224,1522 1249,1522 1274,1522 1300,1522 1325,1522 1351,1523 1376,1523 1402,1525 1402,1492 1376,1490 1351,1490 1325,1489 1300,1489 1274,1489 1249,1489 1224,1489 1198,1490 1173,1491 1147,1491 1122,1492 1097,1492 1071,1493 1046,1493 1020,1494 995,1494 970,1494"/>
                <Baseline points="970,1516 995,1516 1020,1516 1046,1515 1071,1515 1097,1514 1122,1514 1147,1513 1173,1513 1198,1512 1224,1511 1249,1511 1274,1511 1300,1511 1325,1511 1351,1512 1376,1512 1402,1514"/>
                <TextEquiv>
                    <Unicode>que dos de diversos ritos</Unicode>
                </TextEquiv>
            </TextLine>
            <TextLine id="r2l27" custom="readingOrder {index:26;}">
                <Coords points="975,1575 1000,1575 1025,1574 1051,1574 1076,1573 1101,1573 1127,1572 1152,1572 1177,1571 1203,1571 1228,1571 1253,1571 1279,1570 1304,1571 1329,1571 1355,1572 1380,1573 1406,1574 1406,1541 1380,1540 1355,1539 1329,1538 1304,1538 1279,1537 1253,1538 1228,1538 1203,1538 1177,1538 1152,1539 1127,1539 1101,1540 1076,1540 1051,1541 1025,1541 1000,1542 975,1542"/>
                <Baseline points="975,1564 1000,1564 1025,1563 1051,1563 1076,1562 1101,1562 1127,1561 1152,1561 1177,1560 1203,1560 1228,1560 1253,1560 1279,1559 1304,1560 1329,1560 1355,1561 1380,1562 1406,1563"/>
                <TextEquiv>
                    <Unicode>se junten en matrimonio,</Unicode>
                </TextEquiv>
            </TextLine>
            <TextLine id="r2l28" custom="readingOrder {index:27;}">
                <Coords points="966,1621 992,1622 1018,1622 1044,1622 1070,1622 1096,1622 1122,1621 1148,1621 1175,1620 1201,1619 1227,1619 1253,1619 1279,1618 1305,1618 1331,1619 1357,1620 1384,1620 1384,1587 1357,1587 1331,1586 1305,1585 1279,1585 1253,1586 1227,1586 1201,1586 1175,1587 1148,1588 1122,1588 1096,1589 1070,1589 1044,1589 1018,1589 992,1589 966,1588"/>
                <Baseline points="966,1610 992,1611 1018,1611 1044,1611 1070,1611 1096,1611 1122,1610 1148,1610 1175,1609 1201,1608 1227,1608 1253,1608 1279,1607 1305,1607 1331,1608 1357,1609 1384,1609"/>
                <TextEquiv>
                    <Unicode>yo tuve del Cielo aviso,</Unicode>
                </TextEquiv>
            </TextLine>
            <TextLine id="r2l29" custom="readingOrder {index:28;}">
                <Coords points="979,1671 1004,1670 1030,1670 1056,1670 1081,1669 1107,1669 1133,1668 1158,1668 1184,1667 1210,1667 1235,1666 1261,1666 1287,1666 1312,1666 1338,1667 1364,1668 1390,1669 1390,1636 1364,1635 1338,1634 1312,1633 1287,1633 1261,1633 1235,1633 1210,1634 1184,1634 1158,1635 1133,1635 1107,1636 1081,1636 1056,1637 1030,1637 1004,1637 979,1638"/>
                <Baseline points="979,1660 1004,1659 1030,1659 1056,1659 1081,1658 1107,1658 1133,1657 1158,1657 1184,1656 1210,1656 1235,1655 1261,1655 1287,1655 1312,1655 1338,1656 1364,1657 1390,1658"/>
                <TextEquiv>
                    <Unicode>para hacer en mí virtud,</Unicode>
                </TextEquiv>
            </TextLine>
            <TextLine id="r2l30" custom="readingOrder {index:29;}">
                <Coords points="969,1717 994,1717 1020,1717 1046,1717 1072,1717 1098,1717 1124,1716 1150,1716 1176,1716 1202,1715 1227,1715 1253,1715 1279,1714 1305,1714 1331,1714 1357,1714 1383,1715 1409,1715 1435,1716 1435,1683 1409,1682 1383,1682 1357,1681 1331,1681 1305,1681 1279,1681 1253,1682 1227,1682 1202,1682 1176,1683 1150,1683 1124,1683 1098,1684 1072,1684 1046,1684 1020,1684 994,1684 969,1684"/>
                <Baseline points="969,1706 994,1706 1020,1706 1046,1706 1072,1706 1098,1706 1124,1705 1150,1705 1176,1705 1202,1704 1227,1704 1253,1704 1279,1703 1305,1703 1331,1703 1357,1703 1383,1704 1409,1704 1435,1705"/>
                <TextEquiv>
                    <Unicode>lo que en otros fuera vicio,</Unicode>
                </TextEquiv>
            </TextLine>
            <TextLine id="r2l31" custom="readingOrder {index:30;}">
                <Coords points="967,1767 992,1767 1018,1766 1044,1765 1069,1765 1095,1764 1121,1764 1146,1763 1172,1763 1198,1762 1223,1762 1249,1762 1275,1761 1300,1761 1326,1761 1352,1762 1377,1762 1403,1762 1429,1763 1429,1730 1403,1729 1377,1729 1352,1729 1326,1728 1300,1728 1275,1728 1249,1729 1223,1729 1198,1729 1172,1730 1146,1730 1121,1731 1095,1731 1069,1732 1044,1732 1018,1733 992,1734 967,1734"/>
                <Baseline points="967,1756 992,1756 1018,1755 1044,1754 1069,1754 1095,1753 1121,1753 1146,1752 1172,1752 1198,1751 1223,1751 1249,1751 1275,1750 1300,1750 1326,1750 1352,1751 1377,1751 1403,1751 1429,1752"/>
                <TextEquiv>
                    <Unicode>Lo que de este casamiento</Unicode>
                </TextEquiv>
            </TextLine>
            <TextLine id="r2l32" custom="readingOrder {index:31;}">
                <Coords points="966,1813 991,1813 1016,1813 1042,1813 1067,1813 1092,1812 1118,1812 1143,1811 1169,1811 1194,1810 1219,1810 1245,1810 1270,1810 1295,1809 1321,1810 1346,1810 1372,1811 1372,1778 1346,1777 1321,1777 1295,1776 1270,1777 1245,1777 1219,1777 1194,1777 1169,1778 1143,1778 1118,1779 1092,1779 1067,1780 1042,1780 1016,1780 991,1780 966,1780"/>
                <Baseline points="966,1802 991,1802 1016,1802 1042,1802 1067,1802 1092,1801 1118,1801 1143,1800 1169,1800 1194,1799 1219,1799 1245,1799 1270,1799 1295,1798 1321,1799 1346,1799 1372,1800"/>
                <TextEquiv>
                    <Unicode>nos resultó de peligros,</Unicode>
                </TextEquiv>
            </TextLine>
            <TextLine id="r2l33" custom="readingOrder {index:32;}">
                <Coords points="969,1861 995,1861 1021,1861 1047,1861 1073,1861 1099,1860 1125,1860 1151,1859 1177,1858 1203,1858 1229,1857 1255,1857 1281,1857 1307,1856 1333,1857 1359,1857 1385,1858 1411,1859 1438,1861 1438,1828 1411,1826 1385,1825 1359,1824 1333,1824 1307,1823 1281,1824 1255,1824 1229,1824 1203,1825 1177,1825 1151,1826 1125,1827 1099,1827 1073,1828 1047,1828 1021,1828 995,1828 969,1828"/>
                <Baseline points="969,1850 995,1850 1021,1850 1047,1850 1073,1850 1099,1849 1125,1849 1151,1848 1177,1847 1203,1847 1229,1846 1255,1846 1281,1846 1307,1845 1333,1846 1359,1846 1385,1847 1411,1848 1438,1850"/>
                <TextEquiv>
                    <Unicode>de zelos, de competencias,</Unicode>
                </TextEquiv>
            </TextLine>
            <TextLine id="r2l34" custom="readingOrder {index:33;}">
                <Coords points="972,1908 997,1909 1023,1909 1049,1909 1074,1909 1100,1909 1126,1908 1151,1908 1177,1907 1203,1906 1229,1906 1254,1905 1280,1905 1306,1904 1331,1904 1357,1904 1383,1905 1408,1905 1434,1906 1460,1907 1486,1909 1486,1876 1460,1874 1434,1873 1408,1872 1383,1872 1357,1871 1331,1871 1306,1871 1280,1872 1254,1872 1229,1873 1203,1873 1177,1874 1151,1875 1126,1875 1100,1876 1074,1876 1049,1876 1023,1876 997,1876 972,1875"/>
                <Baseline points="972,1897 997,1898 1023,1898 1049,1898 1074,1898 1100,1898 1126,1897 1151,1897 1177,1896 1203,1895 1229,1895 1254,1894 1280,1894 1306,1893 1331,1893 1357,1893 1383,1894 1408,1894 1434,1895 1460,1896 1486,1898"/>
                <TextEquiv>
                    <Unicode>de venganzas, de homicidios,</Unicode>
                </TextEquiv>
            </TextLine>
            <TextLine id="r2l35" custom="readingOrder {index:34;}">
                <Coords points="983,1956 1008,1956 1034,1957 1060,1957 1085,1957 1111,1956 1137,1956 1162,1955 1188,1955 1214,1954 1239,1954 1265,1953 1291,1953 1316,1953 1342,1953 1368,1953 1393,1954 1419,1955 1445,1956 1445,1922 1419,1921 1393,1920 1368,1919 1342,1919 1316,1919 1291,1919 1265,1919 1239,1920 1214,1920 1188,1921 1162,1921 1137,1922 1111,1922 1085,1923 1060,1923 1034,1923 1008,1922 983,1922"/>
                <Baseline points="983,1945 1008,1945 1034,1946 1060,1946 1085,1946 1111,1945 1137,1945 1162,1944 1188,1944 1214,1943 1239,1943 1265,1942 1291,1942 1316,1942 1342,1942 1368,1942 1393,1943 1419,1944 1445,1945"/>
                <TextEquiv>
                    <Unicode>de bandos y de crueldades,</Unicode>
                </TextEquiv>
            </TextLine>
            <TextLine id="r2l36" custom="readingOrder {index:35;}">
                <Coords points="975,2004 1001,2005 1027,2005 1053,2005 1079,2004 1105,2004 1132,2003 1158,2003 1184,2002 1210,2001 1236,2001 1263,2000 1289,2000 1315,2000 1341,2000 1367,2000 1394,2001 1394,1967 1367,1966 1341,1966 1315,1966 1289,1966 1263,1966 1236,1967 1210,1967 1184,1968 1158,1969 1132,1969 1105,1970 1079,1970 1053,1971 1027,1971 1001,1971 975,1970"/>
                <Baseline points="975,1993 1001,1994 1027,1994 1053,1994 1079,1993 1105,1993 1132,1992 1158,1992 1184,1991 1210,1990 1236,1990 1263,1989 1289,1989 1315,1989 1341,1989 1367,1989 1394,1990"/>
                <TextEquiv>
                    <Unicode>no es menester referirlo,</Unicode>
                </TextEquiv>
            </TextLine>
            <TextLine id="r2l37" custom="readingOrder {index:36;}">
                <Coords points="975,2053 1001,2053 1027,2053 1053,2053 1079,2053 1105,2052 1131,2052 1157,2051 1183,2051 1210,2050 1236,2050 1262,2049 1288,2049 1314,2049 1340,2049 1366,2050 1392,2050 1419,2052 1419,2018 1392,2016 1366,2016 1340,2015 1314,2015 1288,2015 1262,2015 1236,2016 1210,2016 1183,2017 1157,2017 1131,2018 1105,2018 1079,2019 1053,2019 1027,2019 1001,2019 975,2019"/>
                <Baseline points="975,2042 1001,2042 1027,2042 1053,2042 1079,2042 1105,2041 1131,2041 1157,2040 1183,2040 1210,2039 1236,2039 1262,2038 1288,2038 1314,2038 1340,2038 1366,2039 1392,2039 1419,2041"/>
                <TextEquiv>
                    <Unicode>pues tú lo sabes vengado,</Unicode>
                </TextEquiv>
            </TextLine>
            <TextLine id="r2l38" custom="readingOrder {index:37;}">
                <Coords points="969,2102 994,2102 1020,2101 1046,2101 1072,2100 1098,2099 1124,2099 1150,2098 1175,2098 1201,2098 1227,2097 1253,2097 1279,2097 1305,2096 1331,2096 1357,2096 1357,2063 1331,2063 1305,2063 1279,2064 1253,2064 1227,2064 1201,2065 1175,2065 1150,2065 1124,2066 1098,2066 1072,2067 1046,2068 1020,2068 994,2069 969,2069"/>
                <Baseline points="969,2091 994,2091 1020,2090 1046,2090 1072,2089 1098,2088 1124,2088 1150,2087 1175,2087 1201,2087 1227,2086 1253,2086 1279,2086 1305,2085 1331,2085 1357,2085"/>
                <TextEquiv>
                    <Unicode>y yo lo lloro ofendido,</Unicode>
                </TextEquiv>
            </TextLine>
            <TextLine id="r2l39" custom="readingOrder {index:38;}">
                <Coords points="979,2149 1004,2149 1029,2149 1054,2148 1079,2148 1104,2148 1129,2147 1154,2147 1179,2146 1204,2146 1229,2145 1254,2145 1279,2145 1304,2145 1329,2145 1354,2146 1379,2146 1379,2112 1354,2112 1329,2111 1304,2111 1279,2111 1254,2111 1229,2111 1204,2112 1179,2112 1154,2113 1129,2113 1104,2114 1079,2114 1054,2114 1029,2115 1004,2115 979,2115"/>
                <Baseline points="979,2138 1004,2138 1029,2138 1054,2137 1079,2137 1104,2137 1129,2136 1154,2136 1179,2135 1204,2135 1229,2134 1254,2134 1279,2134 1304,2134 1329,2134 1354,2135 1379,2135"/>
                <TextEquiv>
                    <Unicode>Solo diré, y es verdad,</Unicode>
                </TextEquiv>
            </TextLine>
            <TextLine id="r2l40" custom="readingOrder {index:39;}">
                <Coords points="979,2196 1004,2196 1030,2197 1056,2197 1082,2196 1108,2196 1134,2195 1159,2195 1185,2194 1211,2193 1237,2193 1263,2192 1289,2192 1314,2192 1340,2192 1366,2192 1392,2193 1418,2194 1444,2195 1444,2161 1418,2160 1392,2159 1366,2158 1340,2158 1314,2158 1289,2158 1263,2158 1237,2159 1211,2159 1185,2160 1159,2161 1134,2161 1108,2162 1082,2162 1056,2163 1030,2163 1004,2162 979,2162"/>
                <Baseline points="979,2185 1004,2185 1030,2186 1056,2186 1082,2185 1108,2185 1134,2184 1159,2184 1185,2183 1211,2182 1237,2182 1263,2181 1289,2181 1314,2181 1340,2181 1366,2181 1392,2182 1418,2183 1444,2184"/>
                <TextEquiv>
                    <Unicode>que hacerte despues amigo</Unicode>
                </TextEquiv>
            </TextLine>
            <TextLine id="r2l41" custom="readingOrder {index:40;}">
                <Coords points="977,2244 1002,2244 1027,2244 1053,2244 1078,2243 1104,2243 1129,2242 1155,2242 1180,2241 1206,2241 1231,2241 1256,2240 1282,2240 1307,2240 1333,2240 1358,2240 1384,2240 1409,2241 1435,2241 1435,2208 1409,2208 1384,2207 1358,2207 1333,2207 1307,2207 1282,2207 1256,2207 1231,2208 1206,2208 1180,2208 1155,2209 1129,2209 1104,2210 1078,2210 1053,2211 1027,2211 1002,2211 977,2211"/>
                <Baseline points="977,2233 1002,2233 1027,2233 1053,2233 1078,2232 1104,2232 1129,2231 1155,2231 1180,2230 1206,2230 1231,2230 1256,2229 1282,2229 1307,2229 1333,2229 1358,2229 1384,2229 1409,2230 1435,2230"/>
                <TextEquiv>
                    <Unicode>dándote las preeminencias</Unicode>
                </TextEquiv>
            </TextLine>
            <TextLine id="r2l42" custom="readingOrder {index:41;}">
                <Coords points="978,2292 1004,2292 1030,2293 1056,2293 1082,2293 1108,2293 1134,2293 1160,2292 1186,2292 1212,2292 1238,2291 1264,2291 1290,2290 1316,2290 1342,2290 1368,2290 1394,2290 1420,2291 1420,2257 1394,2256 1368,2256 1342,2256 1316,2256 1290,2256 1264,2257 1238,2257 1212,2258 1186,2258 1160,2258 1134,2259 1108,2259 1082,2259 1056,2259 1030,2259 1004,2258 978,2258"/>
                <Baseline points="978,2281 1004,2281 1030,2282 1056,2282 1082,2282 1108,2282 1134,2282 1160,2281 1186,2281 1212,2281 1238,2280 1264,2280 1290,2279 1316,2279 1342,2279 1368,2279 1394,2279 1420,2280"/>
                <TextEquiv>
                    <Unicode>de tu deudo y tu valido</Unicode>
                </TextEquiv>
            </TextLine>
            <TextEquiv>
                <Unicode>que por comun no lo cuento
y lo callo por sabido.
—Que rendí doscientos pueblos,
que batí treinta castillos,
que vencí ochenta batallas, 
que libré diez mil cautivos,
y que maté por mis manos, 
del Cielo siempre asistido,
treinta y dos mil Filisteos,
Apolonios y Fenicios,
que hecha la cuenta de todo
por los años que he vivido,
viene á salir cada dia
por cuatro muertos ó cinco,
Cansástete de la guerra,
é hicistes paces conmigo
hasta traerme á tu Corte
con fiestas y regocijos,
donde viendo la herinosura,
la virtud , la gala, el brio
de Dalila, sin saber,
que eres tú su amante antiguo,
la recibí por esposa;
que aunque fue contra el estilo
de mi ley, que no permite
que dos de diversos ritos
se junten en matrimonio,
yo tuve del Cielo aviso,
para hacer en mí virtud,
lo que en otros fuera vicio,
Lo que de este casamiento
nos resultó de peligros,
de zelos, de competencias,
de venganzas, de homicidios,
de bandos y de crueldades,
no es menester referirlo,
pues tú lo sabes vengado,
y yo lo lloro ofendido,
Solo diré, y es verdad,
que hacerte despues amigo
dándote las preeminencias
de tu deudo y tu valido</Unicode>
            </TextEquiv>
        </TextRegion>
    </Page>
</PcGts>
