1660 2452
789 111 841 264 4
118 231 719 278 Cons. Dejemo eso pa luego
166 289 621 325 dime lo que te á pasao
165 339 554 373 esta como disjustao
165 385 698 423 dime lo que tienes, Diego.
124 432 714 469 Dieg. Verás, ánoche allegué
166 482 656 518 como te ije á los Palacio
163 532 593 567 á la plaza mu espacio
161 579 583 614 erecho me encaminé
167 628 645 663 las riendas en una maño
163 675 591 711 el trabuco apercebio
169 721 687 759 y un puro asina encendío
167 772 643 807 deso que llaman jabano:
163 822 704 857 salió á verme mucha gente
165 867 650 908 y á pena me distinguian,
159 918 548 951 unos á otro decian
166 965 618 1002 ayaba Diego Corriente,
161 1015 679 1051 unos las puertas cerraban
165 1064 682 1097 porque de mi tenian mieo
164 1104 732 1146 y otros que tenian deseo
159 1159 772 1198 de hablarme, se me acercaban,
159 1208 581 1243 á una taberna llegué
158 1253 692 1291 sorté un puñao é plata allí
163 1304 711 1341 y á tó el que se arrimó á mí
162 1352 568 1387 muy gustoso convié,
152 1401 644 1436 si uno llega á la puerta
163 1443 733 1485 aber quien tanto gastaba
153 1497 610 1533 al guiparme se queaba
163 1547 756 1584 con un palmo é boca abierta;
157 1594 625 1629 alli al medio me planté
160 1642 629 1679 cuando ya naide queria
158 1690 688 1727 beber mas por cuenta mia
152 1738 532 1774 un trabucaso sorté
149 1787 650 1822 al escuchar el trabucaso
149 1835 570 1870 solo en la plaza queé
154 1883 532 1919 ya la marisma guié
151 1931 651 1969 mi cuatralbo paso apaso,
155 1976 536 2014 alli estaba yo parao
151 2031 670 2062 cuando llegó un paire cura
157 2065 731 2111 en una mula montao
148 2113 750 2160 bajese osté paire mio
147 2173 773 2209 le íje y él se arrimó temblando
155 2223 548 2257 como si tubiera frio,
153 2271 634 2308 biendolo tembla, la risa
898 237 1480 276 casi que me ajogaba
899 287 1479 324 y mas cuando ma entregaba
898 336 1340 373 el dinero de una misa
893 384 1331 421 guardeselo y ela feria
895 429 1473 469 lo gasta osté én arfajó
893 474 1472 516 le ije no soy ladronyo
894 523 1473 565 pa robá esa miseria;
895 576 1357 615 y entonces mu iligente
892 626 1437 667 le endíñé al probé uná jara
906 675 1374 715 paque una misa cantara
906 723 1484 766 po el arma é Diego Corriente,
888 771 1396 810 me dió las gracias y amá
899 821 1367 858 una bendicion mne echó
893 866 1264 903 y alistante se najó
899 916 1348 957 gorbiendo la cara atra,
898 961 1480 1003 poco tiempo abia pasao
891 1016 1451 1050 cuando otro hombre vi vení
893 1060 1454 1095 y al llegá le conocí
900 1110 1406 1151 que era Juan el Renegao;
893 1158 1316 1193 me ijo que perseguio
895 1209 1330 1245 andaba de una partia,
889 1252 1407 1289 y que venirse quería,
893 1297 1475 1338 á ser compañero mio,
893 1350 1510 1391 y aonque á mi no me conviene
889 1399 1366 1435 sino andar solo po aquí
888 1447 1425 1485 que habia é jasé lo armití,
893 1495 1430 1532 y es er que conmigo viene.
844 1545 1526 1583 Cons. Pues no tiene güena cara.
847 1593 1534 1630 Dieg. No po él santo é mi nombre
887 1641 1506 1678 pero que se le jase á un ombre
884 1690 1500 1727 que de otro viene y se ampara;
882 1738 1503 1775 bien se que es un hombre malo
884 1787 1472 1822 que argunas muertes á gecho
890 1830 1429 1869 pero lo agarro y lo echo:.
889 1882 1463 1920 pa eso no amenesté un palo.
847 1934 1478 1967 Cons. Diego, me dá el corazon
882 1977 1454 2014 que ná güeno puee jasé
884 2020 1464 2065 no ande tu mucho con él
883 2076 1380 2111 que vá asé tu perdicivn
836 2125 1498 2161 Reneg. Dos hombres vienen allí
892 2172 1440 2208 paese un criao y un amo..
835 2220 1453 2258 Dieg. Que no se enteren que
883 2271 1458 2306 estamos en este sitio: A viví.
493 2242 1135 2395 FIN DE LA PRIMERA PARTE.
