1765 2512
739 153 875 307 2
167 286 605 326 á los probes esdichao,
165 335 654 374 lo que á tanto riejo junta
175 382 660 422 penando po esos campo.
126 429 752 473 Gasp. Pó en eso ere una tonta
175 478 683 520 si á él le cuesta su trabajo
175 528 658 567 porqué é lo que se gana
175 575 647 615 no tenei é aprovechaos.
126 622 762 667 Cons. Cuando no sale é aentro
177 673 637 713 no se pue jasé na malo,
177 722 667 767 ¿ay tio Gaspar? si puiera
175 772 639 811 yo desa via arrancarlo,
183 819 597 858 de güena gana daria
182 865 747 905 cuanto tengo y cuanto gano.
144 910 809 957 Gasp. Toma! y porque no lo ases.
140 962 813 1005 C. Ya no ay remedio en lo umano;
179 1011 672 1053 tio Gaspar, no sabe osté
191 1060 701 1105 qüe Diego está apregonao
181 1108 683 1153 y que dan por su cabeza
186 1156 651 1195 dos mi dociento ducao:
199 1202 775 1248 ¡ay! si el rey diera un indulto
195 1252 677 1296 ya yo lo hubiera obligao
189 1303 582 1342 adejar tan mala via,
195 1344 784 1391 que ar fin roba, y eso es malo
193 1393 829 1440 y aunque er piensa que se iscurpa
183 1446 668 1486 á los probe amparando,
191 1493 709 1534 ar fin da lo que no es suyo
196 1541 671 1583 y dar lo ageno es pecao,
189 1589 712 1629 tio Gaspar po si él supiera
196 1636 715 1681 la pena que estoy pasando
200 1686 681 1727 dicen que soy su queria
193 1733 687 1777 tos me tiran en el barrio
203 1784 659 1825 y juro que con un deo,
193 1832 683 1872 Diego á mí no ma tocao,
197 1876 833 1926 que si él á mi, no me respetára
211 1926 663 1969 yo no lo quisiera tanto.
153 1973 841 2022 Gasp. No hayma que tené pasencia
199 2023 709 2066 si esa suerte os ha tocao.
164 2069 767 2117 Cons. Mairesita é los Dolores
207 2121 617 2163 una misita te mando
211 2167 709 2210 si libras á mi compañero
208 2218 617 2259 de fatigas y trabajos.
314 2265 695 2306 (Se oye una voz.)
308 2314 757 2353 Consuelo del alma mia,
262 2362 701 2405 la de los ojitos garsos.
943 276 1439 314 muerto está mi corazon,
956 325 1424 361 el dia que no te jablo.
855 372 1461 412 Cons. Esa é su vó tio Gaspar.
859 420 1440 461 Gasp. Quizá no sea engaño,
905 468 1343 512 pero otavia viene lejo.
854 514 1535 560 Cons. Mi nombre viene cantando.
987 565 1387 606 (La voz mas cerca.)
999 612 1495 651 Alla vá Diego Corriente,
952 659 1443 701 con su caballo cuatrarbo
947 707 1537 749 su jembra en el pensamiento,
955 757 1453 801 y su trabuco en la mano.
860 806 1542 847 Cons. Tio Gaspar no lo oye osté,
906 852 1450 893 Diego y que viene entonao.
860 901 1370 945 Gasp. Voy á jasele seña
907 949 1523 992 é que está escubierto el campo,
915 999 1445 1040 que entro la venta aguarda
917 1048 1425 1091 y el cantá es su reclamo.
989 1095 1389 1136 (La voz mas cerca.)
1003 1143 1523 1181 Vale mas de mi Consuelo
968 1191 1498 1231 la gracia, sandunga y garbo
967 1239 1481 1279 que los tesoros que tiene
967 1287 1503 1326 el rey de España encerrao,
876 1336 1496 1377 Cons. Ay hendito sea tu pico,
925 1385 1416 1423 voy allá juera asperarlo.
868 1432 1524 1474 Dieg. No es menesté reina mia,
929 1480 1459 1522 que llá tu Diego esta aqui.
873 1528 1530 1570 Cons. Si viera cuanto temia....
869 1576 1518 1618 Dieg. No temas nunca por mi
917 1625 1388 1666 ní te dé ningun cudiao
929 1672 1551 1714 que aonde está Diego Corriente,
918 1721 1371 1763 á hé se llega la gente
919 1770 1401 1810 con el sombrero quitao.
879 1819 1379 1860 Gasp. Que manda osté.
878 1865 1536 1908 Dieg. Que á mi caballo primero
930 1913 1440 1956 y luego al del compañero
925 1962 1445 2003 le eche mu bien de comé,
887 2007 1565 2052 Cons. Diego, bendrá mu rendio.
887 2055 1565 2099 Dieg. Quien, yo nunca estoy rendio.
888 2106 1517 2150 Cons. Ande la noche as pasao,
937 2155 1347 2196 dimelo, moreno mio.
888 2202 1510 2247 Dieg. Reina é toita la mujere
937 2250 1403 2293 ven acá y sientate aqui
939 2298 1407 2344 que tu Diego te ba á isí
935 2349 1457 2391 to lo que tu saber quiere,
