1676 2464
290 219 774 254 dejé aller tarde la venta
295 266 857 303 cuando er só se abia ocultáo
304 316 708 352 y le ije ar tio Pelao
298 363 858 402 jasta mañana esto es cuenta
295 411 799 449 po esa campiña crusando
290 459 690 495 mi sendas atrabesé
296 507 810 546 sobre mi potro cantando.
249 558 923 597 Cons. Y que cantaba moreno...
299 604 688 644 dimelo por tu salú.
250 654 874 689 Dieg. Po qué no lo chana tú?
246 702 907 742 Cons. Quiero que tú me lo iga.
246 749 548 786 Dieg. Que nó
298 798 624 834 llo te lo iré salá
294 846 919 884 cantaba aunque el mundo pene
304 893 826 933 po una mosa que me tiene
302 942 812 984 toita el arma achicharrá;
294 991 776 1028 cantaba po unos ojuelos
308 1039 788 1078 que ar so su lú oscurese
304 1088 774 1125 po eso cuando amanese
295 1135 885 1183 er mesmo só tiene selo.
296 1182 804 1226 Cantaba yó y escuchaba
302 1231 814 1276 manque po alli naide abia
298 1282 833 1326 una vos que repetia
296 1329 838 1370 lo mesmo que llo cantaba.
298 1376 879 1424 Busqué y naide encontré,
292 1424 766 1469 suerto el caballo belo,
298 1474 783 1518 me paro, otra vé canté,
294 1521 732 1563 y me respondió la vo;
270 1570 830 1614 esta es la verda, Consuelo,
294 1618 848 1662 como tu nombre escuchaba,
304 1666 856 1711 tambien de gusto cantaban
290 1715 783 1759 los angelitos del cielo
298 1764 898 1810 porque á escuchá tu nombre,
296 1813 719 1855 jechisera reina mia,
297 1861 773 1904 sentió la mesma alegria
297 1908 878 1954 los angeles que los hombres.
249 1956 843 2006 Cons. bebera está mu salao,
298 2004 805 2051 pero bengo aberte aqui
298 2052 883 2104 pa que mejable de tí,
290 2102 810 2148 dime lo que te ha pasao,
302 2150 806 2196 que si tú po mi cantaba
301 2199 759 2241 si te abrasaba mi queja
299 2247 870 2294 ay yo tambien por mi Diego
305 2297 755 2345 lagrimitas erramaba;
948 95 970 246 3
1027 222 1496 255 y esas que ise que son
1029 270 1474 302 voces de los angelitos
1029 319 1452 351 eran de los suspiritos
1027 366 1464 403 que daba mi corazon,
1027 415 1582 451 de dia en tí estoy pensando,
1027 463 1516 497 de noche contigo sueño
1028 511 1564 546 que solo tú eres el dueño
1032 561 1674 597 por quien tanto estoy penando,
1030 608 1568 644 si me levanto á la aurora
1026 657 1486 691 y un pajarillo barrunto
1032 705 1484 738 al instante le pregunto
1030 754 1590 792 aonde está mi Diego ahora;
1029 802 1507 836 si de noche á la ventana
1024 848 1540 887 sargo á ver las estrellitas
1032 897 1514 933 digo con grande penita
1027 947 1476 981 ay si lo veré mañana,
1025 993 1623 1047 ya no tengo ni una ora
1028 1043 1571 1093 de gusto ni de contento
1028 1090 1575 1143 mi corazon sin aliento
1026 1140 1514 1177 lagrimas é sangre llora;
1027 1189 1633 1223 ay Diego, mi esgracia es tanta
1031 1236 1544 1273 que lla la pena me ajoga
1030 1285 1544 1322 paese que tengo una soga
1038 1331 1606 1377 que me aprieta la garganta,
1028 1380 1605 1435 la Vijen e Consolacion
1026 1429 1616 1477 siempré la yevo conmigo
1027 1478 1586 1532 y á ella la pena le higo
1039 1526 1607 1579 que siente mi corazon,
1039 1573 1609 1627 y una sarbe cada dia
1032 1622 1606 1673 al lebantarme le reso
1043 1672 1604 1709 pa que de malos trompiosos
1028 1716 1517 1757 liberte á la prenda mia;
1033 1766 1598 1805 no me importa que la gente
1031 1814 1615 1869 jable é mí, bien lo vé
1034 1862 1491 1913 ni que igan esaés.
1032 1913 1612 1951 la jembra é Diégo Corriente.
987 1961 1602 2001 Diego. No igas ma me jundo,
1032 2009 1617 2061 tengo el arma trapasá
1039 2058 1609 2106 ay si esto no es camelá
1031 2106 1672 2144 no ay quien camele en er mundo.
1028 2153 1542 2192 Bendiga er sielo ese pico
1033 2204 1613 2250 que tanta armiba errama
1039 2253 1606 2287 niña, el hombre que tu ama
1035 2301 1546 2338 con tu queré solo é rico.
