<?xml version="1.0" encoding="UTF-8" standalone="yes"?>
<PcGts xmlns="http://schema.primaresearch.org/PAGE/gts/pagecontent/2013-07-15" xmlns:xsi="http://www.w3.org/2001/XMLSchema-instance" xsi:schemaLocation="http://schema.primaresearch.org/PAGE/gts/pagecontent/2013-07-15 http://schema.primaresearch.org/PAGE/gts/pagecontent/2013-07-15/pagecontent.xsd">
    <Metadata>
        <Creator>prov=University of Rostock/Institute of Mathematics/CITlab|PLANET AI GmbH/Gundram Leifert/gundram.leifert@planet-ai.de:name=Pliegos de Cordel (XIXe) - v4(htr_id=27283)::::v=2.6.7
prov=University of Rostock/Institute of Mathematics/CITlab|PLANET AI GmbH/Tobias Gruening/tobias.gruening@planet-ai.de:name=de.uros.citlab.module.baseline2polygon.B2PSeamMultiOriented:v=2.6.7
prov=University of Rostock/Institute of Mathematics/CITlab|PLANET AI GmbH/Tobias Gruening/tobias.gruening@planet-ai.de:name=/net_tf/LA73_249_0mod360.pb:de.uros.citlab.segmentation.CITlab_LA_ML:v=2.6.7
Transkribus</Creator>
        <Created>2020-12-01T16:28:01.238+01:00</Created>
        <LastChange>2020-12-14T17:15:10.787+01:00</LastChange>
        <Comments>
                Measurement unit: pixel
                PrimaryLanguage: 
                Producer: Transkribus
            </Comments>
        <TranskribusMetadata docId="525386" pageId="22318583" pageNr="113" tsid="50308376" status="DONE" userId="66244" imgUrl="https://files.transkribus.eu/Get?id=HFKQRBEIMQOSPHDWRUJWNQEA&amp;fileType=view" xmlUrl="https://files.transkribus.eu/Get?id=BYCERZHZYMUFOXORKAAQHBXP" imageId="17388098"/>
    </Metadata>
    <Page imageFilename="Moreno_198_5.jpg" imageWidth="1737" imageHeight="2508">
        <PrintSpace>
            <Coords points="0,0 1737,0 1737,2508 0,2508"/>
        </PrintSpace>
        <ReadingOrder>
            <OrderedGroup id="ro_1607963864000" caption="Regions reading order">
                <RegionRefIndexed index="0" regionRef="r_1_1"/>
                <RegionRefIndexed index="1" regionRef="r_2_1"/>
                <RegionRefIndexed index="2" regionRef="r_3_1"/>
            </OrderedGroup>
        </ReadingOrder>
        <TextRegion orientation="0.0" type="paragraph" id="r_1_1" custom="readingOrder {index:0;}">
            <Coords points="425,581 1532,581 1532,955 425,955"/>
            <TextLine id="r_1_1l1" custom="readingOrder {index:0;}">
                <Coords points="513,702 563,701 613,700 663,699 713,697 764,696 814,695 864,694 914,693 964,692 1015,691 1065,690 1115,689 1165,688 1215,687 1266,687 1316,686 1366,685 1416,683 1466,683 1517,681 1517,638 1466,640 1416,640 1366,642 1316,643 1266,644 1215,644 1165,645 1115,646 1065,647 1015,648 964,649 914,650 864,651 814,652 764,653 713,654 663,656 613,657 563,658 513,659"/>
                <Baseline points="513,688 563,687 613,686 663,685 713,683 764,682 814,681 864,680 914,679 964,678 1015,677 1065,676 1115,675 1165,674 1215,673 1266,673 1316,672 1366,671 1416,669 1466,669 1517,667"/>
                <TextEquiv>
                    <Unicode>SEGUNDA PARTE.</Unicode>
                </TextEquiv>
            </TextLine>
            <TextLine id="r_1_1l3" custom="readingOrder {index:1;}">
                <Coords points="835,847 862,848 889,848 916,848 943,847 970,847 997,846 1024,845 1051,844 1078,844 1105,843 1132,843 1132,786 1105,786 1078,787 1051,787 1024,788 997,789 970,790 943,790 916,791 889,791 862,791 835,790"/>
                <Baseline points="835,828 862,829 889,829 916,829 943,828 970,828 997,827 1024,826 1051,825 1078,825 1105,824 1132,824"/>
                <TextEquiv>
                    <Unicode>PERSONAS.</Unicode>
                </TextEquiv>
            </TextLine>
            <TextLine id="r_1_1l4" custom="readingOrder {index:2;}">
                <Coords points="631,959 666,958 701,957 736,956 771,956 806,955 841,954 877,953 912,952 947,951 982,950 1017,949 1052,949 1087,948 1123,948 1158,947 1193,947 1228,946 1263,946 1298,946 1334,947 1334,890 1298,889 1263,889 1228,889 1193,890 1158,890 1123,891 1087,891 1052,892 1017,892 982,893 947,894 912,895 877,896 841,897 806,898 771,899 736,899 701,900 666,901 631,902"/>
                <Baseline points="631,940 666,939 701,938 736,937 771,937 806,936 841,935 877,934 912,933 947,932 982,931 1017,930 1052,930 1087,929 1123,929 1158,928 1193,928 1228,927 1263,927 1298,927 1334,928"/>
                <TextEquiv>
                    <Unicode>DIEGO Y CONSUELO.</Unicode>
                </TextEquiv>
            </TextLine>
            <TextEquiv>
                <Unicode>SEGUNDA PARTE.
PERSONAS.
DIEGO Y CONSUELO.</Unicode>
            </TextEquiv>
        </TextRegion>
        <TextRegion orientation="0.0" type="paragraph" id="r_2_1" custom="readingOrder {index:1;}">
            <Coords points="272,997 967,997 967,2378 272,2378"/>
            <TextLine id="r_2_1l1" custom="readingOrder {index:0;}">
                <Coords points="274,1065 307,1064 341,1064 374,1063 408,1062 442,1061 475,1060 509,1058 543,1058 576,1056 610,1055 643,1054 677,1053 711,1052 744,1051 778,1050 812,1050 845,1050 879,1049 913,1050 913,1016 879,1015 845,1016 812,1016 778,1016 744,1017 711,1018 677,1019 643,1020 610,1021 576,1022 543,1024 509,1024 475,1026 442,1027 408,1028 374,1029 341,1030 307,1030 274,1031"/>
                <Baseline points="274,1054 307,1053 341,1053 374,1052 408,1051 442,1050 475,1049 509,1047 543,1047 576,1045 610,1044 643,1043 677,1042 711,1041 744,1040 778,1039 812,1039 845,1039 879,1038 913,1039"/>
                <TextEquiv>
                    <Unicode>Dieg. Anda con Dios fortunita</Unicode>
                </TextEquiv>
            </TextLine>
            <TextLine id="r_2_1l2" custom="readingOrder {index:1;}">
                <Coords points="325,1110 351,1110 377,1109 403,1109 430,1109 456,1108 482,1107 509,1107 535,1106 561,1105 588,1104 614,1104 640,1103 666,1102 693,1101 719,1100 745,1100 772,1099 798,1099 824,1098 851,1098 851,1064 824,1064 798,1065 772,1065 745,1066 719,1066 693,1067 666,1068 640,1069 614,1070 588,1070 561,1071 535,1072 509,1073 482,1073 456,1074 430,1075 403,1075 377,1075 351,1076 325,1076"/>
                <Baseline points="325,1099 351,1099 377,1098 403,1098 430,1098 456,1097 482,1096 509,1096 535,1095 561,1094 588,1093 614,1093 640,1092 666,1091 693,1090 719,1089 745,1089 772,1088 798,1088 824,1087 851,1087"/>
                <TextEquiv>
                    <Unicode>ya me esamparó la suerte:</Unicode>
                </TextEquiv>
            </TextLine>
            <TextLine id="r_2_1l3" custom="readingOrder {index:2;}">
                <Coords points="330,1158 356,1158 382,1157 409,1157 435,1156 462,1155 488,1155 515,1154 541,1154 568,1153 594,1152 620,1152 647,1151 673,1150 700,1150 726,1149 753,1148 779,1148 806,1147 832,1147 859,1146 859,1112 832,1113 806,1113 779,1114 753,1114 726,1115 700,1116 673,1116 647,1117 620,1118 594,1118 568,1119 541,1120 515,1120 488,1121 462,1121 435,1122 409,1123 382,1123 356,1124 330,1124"/>
                <Baseline points="330,1147 356,1147 382,1146 409,1146 435,1145 462,1144 488,1144 515,1143 541,1143 568,1142 594,1141 620,1141 647,1140 673,1139 700,1139 726,1138 753,1137 779,1137 806,1136 832,1136 859,1135"/>
                <TextEquiv>
                    <Unicode>yo vine á buscá la muerte</Unicode>
                </TextEquiv>
            </TextLine>
            <TextLine id="r_2_1l4" custom="readingOrder {index:3;}">
                <Coords points="328,1205 353,1205 379,1205 405,1205 431,1205 456,1205 482,1204 508,1203 534,1203 559,1202 585,1201 611,1200 637,1199 662,1199 688,1198 714,1198 740,1197 765,1197 791,1197 817,1198 843,1198 843,1164 817,1164 791,1163 765,1163 740,1163 714,1164 688,1164 662,1165 637,1165 611,1166 585,1167 559,1168 534,1169 508,1169 482,1170 456,1171 431,1171 405,1171 379,1171 353,1171 328,1171"/>
                <Baseline points="328,1194 353,1194 379,1194 405,1194 431,1194 456,1194 482,1193 508,1192 534,1192 559,1191 585,1190 611,1189 637,1188 662,1188 688,1187 714,1187 740,1186 765,1186 791,1186 817,1187 843,1187"/>
                <TextEquiv>
                    <Unicode>por librá á otra presonita,</Unicode>
                </TextEquiv>
            </TextLine>
            <TextLine id="r_2_1l5" custom="readingOrder {index:4;}">
                <Coords points="331,1254 357,1254 384,1254 410,1253 437,1253 464,1252 490,1251 517,1251 543,1250 570,1249 597,1248 623,1247 650,1247 676,1246 703,1246 730,1246 730,1212 703,1212 676,1212 650,1213 623,1213 597,1214 570,1215 543,1216 517,1217 490,1217 464,1218 437,1219 410,1219 384,1220 357,1220 331,1220"/>
                <Baseline points="331,1243 357,1243 384,1243 410,1242 437,1242 464,1241 490,1240 517,1240 543,1239 570,1238 597,1237 623,1236 650,1236 676,1235 703,1235 730,1235"/>
                <TextEquiv>
                    <Unicode>Estaba esconsolaita </Unicode>
                </TextEquiv>
            </TextLine>
            <TextLine id="r_2_1l6" custom="readingOrder {index:5;}">
                <Coords points="336,1304 361,1304 387,1304 413,1304 439,1303 464,1302 490,1301 516,1300 542,1300 567,1298 593,1297 619,1296 645,1296 670,1295 696,1295 722,1295 748,1295 748,1261 722,1261 696,1261 670,1261 645,1262 619,1262 593,1263 567,1264 542,1266 516,1266 490,1267 464,1268 439,1269 413,1270 387,1270 361,1270 336,1270"/>
                <Baseline points="336,1293 361,1293 387,1293 413,1293 439,1292 464,1291 490,1290 516,1289 542,1289 567,1287 593,1286 619,1285 645,1285 670,1284 696,1284 722,1284 748,1284"/>
                <TextEquiv>
                    <Unicode>presa por mi libertá, </Unicode>
                </TextEquiv>
            </TextLine>
            <TextLine id="r_2_1l7" custom="readingOrder {index:6;}">
                <Coords points="334,1353 359,1352 384,1351 409,1351 434,1350 460,1349 485,1349 510,1348 535,1347 561,1346 586,1345 611,1345 636,1344 662,1343 687,1342 712,1341 737,1340 763,1338 763,1305 737,1307 712,1308 687,1309 662,1310 636,1311 611,1312 586,1312 561,1313 535,1314 510,1315 485,1316 460,1316 434,1317 409,1318 384,1318 359,1319 334,1320"/>
                <Baseline points="334,1342 359,1341 384,1340 409,1340 434,1339 460,1338 485,1338 510,1337 535,1336 561,1335 586,1334 611,1334 636,1333 662,1332 687,1331 712,1330 737,1329 763,1327"/>
                <TextEquiv>
                    <Unicode>ma yo le pue entregá:</Unicode>
                </TextEquiv>
            </TextLine>
            <TextLine id="r_2_1l8" custom="readingOrder {index:7;}">
                <Coords points="331,1399 358,1399 386,1399 414,1398 442,1398 470,1398 498,1397 526,1396 554,1395 582,1394 610,1393 637,1393 665,1392 693,1391 721,1391 749,1390 777,1390 805,1390 833,1390 861,1390 889,1390 889,1357 861,1357 833,1357 805,1357 777,1357 749,1357 721,1358 693,1358 665,1359 637,1360 610,1360 582,1361 554,1362 526,1363 498,1364 470,1365 442,1365 414,1365 386,1366 358,1366 331,1366"/>
                <Baseline points="331,1388 358,1388 386,1388 414,1387 442,1387 470,1387 498,1386 526,1385 554,1384 582,1383 610,1382 637,1382 665,1381 693,1380 721,1380 749,1379 777,1379 805,1379 833,1379 861,1379 889,1379"/>
                <TextEquiv>
                    <Unicode>lo que robarle hán querio....</Unicode>
                </TextEquiv>
            </TextLine>
            <TextLine id="r_2_1l9" custom="readingOrder {index:8;}">
                <Coords points="344,1447 369,1447 394,1446 419,1446 445,1446 470,1445 495,1444 520,1444 546,1443 571,1443 596,1442 622,1442 647,1441 672,1441 697,1440 723,1440 748,1439 773,1439 799,1438 799,1404 773,1405 748,1405 723,1406 697,1406 672,1407 647,1407 622,1408 596,1408 571,1409 546,1409 520,1410 495,1410 470,1411 445,1412 419,1412 394,1412 369,1413 344,1413"/>
                <Baseline points="344,1436 369,1436 394,1435 419,1435 445,1435 470,1434 495,1433 520,1433 546,1432 571,1432 596,1431 622,1431 647,1430 672,1430 697,1429 723,1429 748,1428 773,1428 799,1427"/>
                <TextEquiv>
                    <Unicode>Vive felis, dueño mio;</Unicode>
                </TextEquiv>
            </TextLine>
            <TextLine id="r_2_1l10" custom="readingOrder {index:9;}">
                <Coords points="342,1495 368,1496 394,1496 420,1496 446,1496 472,1495 498,1494 524,1493 550,1493 577,1492 603,1491 629,1490 655,1489 681,1488 707,1488 733,1487 759,1487 785,1487 812,1487 812,1453 785,1453 759,1453 733,1453 707,1454 681,1454 655,1455 629,1456 603,1457 577,1458 550,1459 524,1459 498,1460 472,1461 446,1462 420,1462 394,1462 368,1462 342,1461"/>
                <Baseline points="342,1484 368,1485 394,1485 420,1485 446,1485 472,1484 498,1483 524,1482 550,1482 577,1481 603,1480 629,1479 655,1478 681,1477 707,1477 733,1476 759,1476 785,1476 812,1476"/>
                <TextEquiv>
                    <Unicode>por ti mueró, güeno vá.</Unicode>
                </TextEquiv>
            </TextLine>
            <TextLine id="r_2_1l11" custom="readingOrder {index:10;}">
                <Coords points="337,1546 365,1545 394,1544 422,1543 451,1542 479,1542 508,1541 536,1540 565,1539 593,1539 622,1538 650,1538 679,1537 707,1537 736,1536 764,1536 793,1536 821,1535 850,1535 878,1534 907,1534 907,1500 878,1500 850,1501 821,1501 793,1502 764,1502 736,1502 707,1503 679,1503 650,1504 622,1504 593,1505 565,1505 536,1506 508,1507 479,1508 451,1508 422,1509 394,1510 365,1511 337,1512"/>
                <Baseline points="337,1535 365,1534 394,1533 422,1532 451,1531 479,1531 508,1530 536,1529 565,1528 593,1528 622,1527 650,1527 679,1526 707,1526 736,1525 764,1525 793,1525 821,1524 850,1524 878,1523 907,1523"/>
                <TextEquiv>
                    <Unicode>Maté á Jluan el Renegao</Unicode>
                </TextEquiv>
            </TextLine>
            <TextLine id="r_2_1l12" custom="readingOrder {index:11;}">
                <Coords points="342,1594 367,1593 392,1592 417,1592 442,1591 468,1590 493,1590 518,1589 543,1589 568,1588 594,1588 619,1587 644,1587 669,1587 694,1586 720,1586 745,1586 770,1586 795,1585 820,1585 846,1585 846,1551 820,1551 795,1551 770,1552 745,1552 720,1552 694,1552 669,1553 644,1553 619,1553 594,1554 568,1554 543,1555 518,1555 493,1556 468,1556 442,1557 417,1558 392,1558 367,1559 342,1560"/>
                <Baseline points="342,1583 367,1582 392,1581 417,1581 442,1580 468,1579 493,1579 518,1578 543,1578 568,1577 594,1577 619,1576 644,1576 669,1576 694,1575 720,1575 745,1575 770,1575 795,1574 820,1574 846,1574"/>
                <TextEquiv>
                    <Unicode>ya sus elitós pagó;</Unicode>
                </TextEquiv>
            </TextLine>
            <TextLine id="r_2_1l13" custom="readingOrder {index:12;}">
                <Coords points="331,1643 356,1642 381,1641 406,1640 431,1639 456,1639 481,1638 506,1638 531,1637 556,1637 581,1637 606,1636 631,1636 656,1636 681,1635 706,1635 731,1634 756,1634 781,1633 806,1632 832,1631 832,1597 806,1598 781,1599 756,1600 731,1600 706,1601 681,1601 656,1602 631,1602 606,1602 581,1603 556,1603 531,1603 506,1604 481,1604 456,1605 431,1605 406,1606 381,1607 356,1608 331,1609"/>
                <Baseline points="331,1632 356,1631 381,1630 406,1629 431,1628 456,1628 481,1627 506,1627 531,1626 556,1626 581,1626 606,1625 631,1625 656,1625 681,1624 706,1624 731,1623 756,1623 781,1622 806,1621 832,1620"/>
                <TextEquiv>
                    <Unicode>si en güena hora le cojió</Unicode>
                </TextEquiv>
            </TextLine>
            <TextLine id="r_2_1l14" custom="readingOrder {index:13;}">
                <Coords points="343,1690 368,1689 394,1688 419,1687 445,1687 470,1686 496,1685 521,1685 547,1684 572,1684 598,1683 623,1683 649,1683 674,1682 700,1682 725,1682 751,1682 777,1682 777,1648 751,1648 725,1648 700,1648 674,1648 649,1649 623,1649 598,1649 572,1650 547,1650 521,1651 496,1651 470,1652 445,1653 419,1653 394,1654 368,1655 343,1656"/>
                <Baseline points="343,1679 368,1678 394,1677 419,1676 445,1676 470,1675 496,1674 521,1674 547,1673 572,1673 598,1672 623,1672 649,1672 674,1671 700,1671 725,1671 751,1671 777,1671"/>
                <TextEquiv>
                    <Unicode>aigolo Dios perdonao.</Unicode>
                </TextEquiv>
            </TextLine>
            <TextLine id="r_2_1l15" custom="readingOrder {index:14;}">
                <Coords points="332,1739 362,1738 393,1737 424,1736 455,1736 486,1735 517,1734 547,1733 578,1733 609,1732 640,1731 671,1731 702,1730 733,1730 763,1729 794,1729 825,1729 856,1729 887,1729 918,1729 949,1729 949,1695 918,1695 887,1695 856,1695 825,1695 794,1695 763,1695 733,1696 702,1696 671,1697 640,1697 609,1698 578,1699 547,1699 517,1700 486,1701 455,1702 424,1702 393,1703 362,1704 332,1705"/>
                <Baseline points="332,1728 362,1727 393,1726 424,1725 455,1725 486,1724 517,1723 547,1722 578,1722 609,1721 640,1720 671,1720 702,1719 733,1719 763,1718 794,1718 825,1718 856,1718 887,1718 918,1718 949,1718"/>
                <TextEquiv>
                    <Unicode>Primer hombre que he matáo,</Unicode>
                </TextEquiv>
            </TextLine>
            <TextLine id="r_2_1l16" custom="readingOrder {index:15;}">
                <Coords points="340,1785 366,1785 392,1785 418,1784 444,1784 470,1784 496,1783 522,1783 548,1782 574,1782 601,1781 627,1780 653,1780 679,1779 705,1779 731,1779 757,1779 783,1778 809,1778 835,1778 862,1779 862,1745 835,1744 809,1744 783,1744 757,1745 731,1745 705,1745 679,1745 653,1746 627,1746 601,1747 574,1748 548,1748 522,1749 496,1749 470,1750 444,1750 418,1750 392,1751 366,1751 340,1751"/>
                <Baseline points="340,1774 366,1774 392,1774 418,1773 444,1773 470,1773 496,1772 522,1772 548,1771 574,1771 601,1770 627,1769 653,1769 679,1768 705,1768 731,1768 757,1768 783,1767 809,1767 835,1767 862,1768"/>
                <TextEquiv>
                    <Unicode>y arfin murió con su sino,</Unicode>
                </TextEquiv>
            </TextLine>
            <TextLine id="r_2_1l17" custom="readingOrder {index:16;}">
                <Coords points="337,1836 362,1835 388,1834 414,1833 440,1833 466,1832 492,1832 518,1831 544,1830 570,1830 596,1829 622,1828 648,1828 674,1827 700,1827 726,1826 752,1826 778,1825 804,1825 804,1791 778,1791 752,1792 726,1792 700,1793 674,1793 648,1794 622,1794 596,1795 570,1796 544,1796 518,1797 492,1798 466,1798 440,1799 414,1799 388,1800 362,1801 337,1802"/>
                <Baseline points="337,1825 362,1824 388,1823 414,1822 440,1822 466,1821 492,1821 518,1820 544,1819 570,1819 596,1818 622,1817 648,1817 674,1816 700,1816 726,1815 752,1815 778,1814 804,1814"/>
                <TextEquiv>
                    <Unicode>quiera ese sielo divino</Unicode>
                </TextEquiv>
            </TextLine>
            <TextLine id="r_2_1l18" custom="readingOrder {index:17;}">
                <Coords points="349,1884 375,1883 401,1882 427,1881 453,1880 479,1879 505,1879 531,1878 557,1878 584,1878 610,1877 636,1877 662,1877 688,1877 714,1876 740,1875 766,1875 793,1874 793,1841 766,1842 740,1842 714,1843 688,1844 662,1844 636,1844 610,1844 584,1845 557,1845 531,1845 505,1846 479,1846 453,1847 427,1848 401,1849 375,1850 349,1851"/>
                <Baseline points="349,1873 375,1872 401,1871 427,1870 453,1869 479,1868 505,1868 531,1867 557,1867 584,1867 610,1866 636,1866 662,1866 688,1866 714,1865 740,1864 766,1864 793,1863"/>
                <TextEquiv>
                    <Unicode>tener de mi compasion</Unicode>
                </TextEquiv>
            </TextLine>
            <TextLine id="r_2_1l19" custom="readingOrder {index:18;}">
                <Coords points="346,1931 371,1931 397,1930 423,1929 449,1929 475,1928 501,1927 527,1927 553,1926 579,1925 605,1925 631,1924 657,1924 683,1923 709,1923 735,1923 761,1923 787,1923 813,1923 839,1923 839,1890 813,1890 787,1890 761,1890 735,1890 709,1890 683,1890 657,1891 631,1891 605,1892 579,1892 553,1893 527,1894 501,1894 475,1895 449,1896 423,1896 397,1897 371,1898 346,1898"/>
                <Baseline points="346,1920 371,1920 397,1919 423,1918 449,1918 475,1917 501,1916 527,1916 553,1915 579,1914 605,1914 631,1913 657,1913 683,1912 709,1912 735,1912 761,1912 787,1912 813,1912 839,1912"/>
                <TextEquiv>
                    <Unicode>que bien merece perdon</Unicode>
                </TextEquiv>
            </TextLine>
            <TextLine id="r_2_1l20" custom="readingOrder {index:19;}">
                <Coords points="342,1979 368,1979 395,1978 421,1977 448,1977 474,1976 501,1975 527,1975 554,1974 580,1973 607,1973 633,1972 660,1972 686,1971 713,1971 739,1971 766,1971 792,1971 819,1971 845,1971 872,1972 872,1938 845,1937 819,1937 792,1937 766,1937 739,1937 713,1937 686,1937 660,1938 633,1938 607,1939 580,1939 554,1940 527,1941 501,1941 474,1942 448,1943 421,1943 395,1944 368,1945 342,1945"/>
                <Baseline points="342,1968 368,1968 395,1967 421,1966 448,1966 474,1965 501,1964 527,1964 554,1963 580,1962 607,1962 633,1961 660,1961 686,1960 713,1960 739,1960 766,1960 792,1960 819,1960 845,1960 872,1961"/>
                <TextEquiv>
                    <Unicode>el que mata á un asesino..</Unicode>
                </TextEquiv>
            </TextLine>
            <TextLine id="r_2_1l21" custom="readingOrder {index:20;}">
                <Coords points="347,2028 375,2027 403,2026 431,2025 459,2024 487,2023 515,2023 543,2022 571,2022 599,2021 628,2021 656,2021 684,2020 712,2020 740,2020 768,2020 796,2020 824,2019 852,2019 880,2019 909,2018 909,1984 880,1985 852,1985 824,1985 796,1986 768,1986 740,1986 712,1986 684,1986 656,1987 628,1987 599,1987 571,1988 543,1988 515,1989 487,1989 459,1990 431,1991 403,1992 375,1993 347,1994"/>
                <Baseline points="347,2017 375,2016 403,2015 431,2014 459,2013 487,2012 515,2012 543,2011 571,2011 599,2010 628,2010 656,2010 684,2009 712,2009 740,2009 768,2009 796,2009 824,2008 852,2008 880,2008 909,2007"/>
                <TextEquiv>
                    <Unicode>No hay esperanza, lo sé,</Unicode>
                </TextEquiv>
            </TextLine>
            <TextLine id="r_2_1l22" custom="readingOrder {index:21;}">
                <Coords points="347,2076 375,2076 403,2075 431,2074 459,2074 487,2073 515,2072 543,2072 571,2071 599,2070 628,2069 656,2069 684,2068 712,2068 740,2067 768,2067 796,2067 824,2067 852,2068 880,2068 909,2069 909,2035 880,2034 852,2034 824,2033 796,2033 768,2033 740,2033 712,2034 684,2034 656,2035 628,2035 599,2036 571,2037 543,2038 515,2038 487,2039 459,2040 431,2040 403,2041 375,2042 347,2042"/>
                <Baseline points="347,2065 375,2065 403,2064 431,2063 459,2063 487,2062 515,2061 543,2061 571,2060 599,2059 628,2058 656,2058 684,2057 712,2057 740,2056 768,2056 796,2056 824,2056 852,2057 880,2057 909,2058"/>
                <TextEquiv>
                    <Unicode>porque me la niega el cielo,</Unicode>
                </TextEquiv>
            </TextLine>
            <TextLine id="r_2_1l23" custom="readingOrder {index:22;}">
                <Coords points="352,2125 377,2125 403,2123 428,2123 454,2122 479,2121 505,2120 530,2120 556,2119 581,2119 607,2118 632,2118 658,2117 683,2117 709,2117 734,2116 760,2116 785,2116 811,2116 836,2115 862,2115 862,2081 836,2081 811,2082 785,2082 760,2082 734,2082 709,2083 683,2083 658,2083 632,2084 607,2084 581,2085 556,2085 530,2086 505,2086 479,2087 454,2088 428,2089 403,2089 377,2091 352,2091"/>
                <Baseline points="352,2114 377,2114 403,2112 428,2112 454,2111 479,2110 505,2109 530,2109 556,2108 581,2108 607,2107 632,2107 658,2106 683,2106 709,2106 734,2105 760,2105 785,2105 811,2105 836,2104 862,2104"/>
                <TextEquiv>
                    <Unicode>solo me quea el consuelo.</Unicode>
                </TextEquiv>
            </TextLine>
            <TextLine id="r_2_1l24" custom="readingOrder {index:23;}">
                <Coords points="346,2172 371,2172 396,2172 421,2171 446,2171 472,2170 497,2170 522,2169 547,2169 573,2168 598,2167 623,2167 648,2166 673,2166 699,2166 724,2165 749,2165 774,2165 800,2165 800,2131 774,2131 749,2131 724,2131 699,2132 673,2132 648,2132 623,2133 598,2133 573,2134 547,2135 522,2135 497,2136 472,2136 446,2137 421,2137 396,2138 371,2138 346,2138"/>
                <Baseline points="346,2161 371,2161 396,2161 421,2160 446,2160 472,2159 497,2159 522,2158 547,2158 573,2157 598,2156 623,2156 648,2155 673,2155 699,2155 724,2154 749,2154 774,2154 800,2154"/>
                <TextEquiv>
                    <Unicode>é que por sarbarla fué.</Unicode>
                </TextEquiv>
            </TextLine>
            <TextLine id="r_2_1l25" custom="readingOrder {index:24;}">
                <Coords points="345,2222 373,2221 402,2220 431,2219 460,2218 488,2218 517,2217 546,2216 575,2216 603,2215 632,2215 661,2214 690,2214 718,2214 747,2214 776,2213 805,2213 833,2213 862,2213 891,2213 920,2212 920,2178 891,2179 862,2179 833,2179 805,2179 776,2179 747,2180 718,2180 690,2180 661,2180 632,2181 603,2181 575,2182 546,2182 517,2183 488,2184 460,2184 431,2185 402,2186 373,2187 345,2188"/>
                <Baseline points="345,2211 373,2210 402,2209 431,2208 460,2207 488,2207 517,2206 546,2205 575,2205 603,2204 632,2204 661,2203 690,2203 718,2203 747,2203 776,2202 805,2202 833,2202 862,2202 891,2202 920,2201"/>
                <TextEquiv>
                    <Unicode>Contento yo sufriré</Unicode>
                </TextEquiv>
            </TextLine>
            <TextLine id="r_2_1l26" custom="readingOrder {index:25;}">
                <Coords points="354,2269 382,2269 410,2268 438,2268 466,2268 494,2267 522,2266 550,2266 578,2266 606,2265 634,2265 662,2264 690,2264 718,2263 746,2263 774,2262 802,2262 830,2261 858,2260 886,2260 914,2259 914,2225 886,2226 858,2226 830,2227 802,2228 774,2228 746,2229 718,2229 690,2230 662,2230 634,2231 606,2231 578,2232 550,2232 522,2232 494,2233 466,2234 438,2234 410,2234 382,2235 354,2235"/>
                <Baseline points="354,2258 382,2258 410,2257 438,2257 466,2257 494,2256 522,2255 550,2255 578,2255 606,2254 634,2254 662,2253 690,2253 718,2252 746,2252 774,2251 802,2251 830,2250 858,2249 886,2249 914,2248"/>
                <TextEquiv>
                    <Unicode>mi caena y mi prision;</Unicode>
                </TextEquiv>
            </TextLine>
            <TextLine id="r_2_1l27" custom="readingOrder {index:26;}">
                <Coords points="347,2316 373,2317 399,2317 425,2317 451,2317 477,2317 503,2316 529,2316 555,2315 581,2314 608,2313 634,2313 660,2312 686,2312 712,2311 738,2311 764,2311 790,2311 816,2311 842,2311 869,2312 869,2278 842,2277 816,2277 790,2277 764,2277 738,2277 712,2277 686,2278 660,2278 634,2279 608,2279 581,2280 555,2281 529,2282 503,2282 477,2283 451,2283 425,2283 399,2283 373,2283 347,2282"/>
                <Baseline points="347,2305 373,2306 399,2306 425,2306 451,2306 477,2306 503,2305 529,2305 555,2304 581,2303 608,2302 634,2302 660,2301 686,2301 712,2300 738,2300 764,2300 790,2300 816,2300 842,2300 869,2301"/>
                <TextEquiv>
                    <Unicode>cumplí con mi oblígacion</Unicode>
                </TextEquiv>
            </TextLine>
            <TextLine id="r_2_1l28" custom="readingOrder {index:27;}">
                <Coords points="355,2366 380,2366 405,2367 430,2367 455,2367 480,2367 505,2367 530,2366 555,2366 580,2365 605,2365 630,2364 655,2363 680,2363 705,2362 730,2362 755,2361 780,2361 805,2361 830,2361 830,2327 805,2327 780,2327 755,2327 730,2328 705,2328 680,2329 655,2329 630,2330 605,2331 580,2331 555,2332 530,2332 505,2333 480,2333 455,2333 430,2333 405,2333 380,2332 355,2332"/>
                <Baseline points="355,2355 380,2355 405,2356 430,2356 455,2356 480,2356 505,2356 530,2355 555,2355 580,2354 605,2354 630,2353 655,2352 680,2352 705,2351 730,2351 755,2350 780,2350 805,2350 830,2350"/>
                <TextEquiv>
                    <Unicode>librando la prenda mia,</Unicode>
                </TextEquiv>
            </TextLine>
            <TextEquiv>
                <Unicode>Dieg. Anda con Dios fortunita
ya me esamparó la suerte:
yo vine á buscá la muerte
por librá á otra presonita,
Estaba esconsolaita 
presa por mi libertá, 
ma yo le pue entregá:
lo que robarle hán querio....
Vive felis, dueño mio;
por ti mueró, güeno vá.
Maté á Jluan el Renegao
ya sus elitós pagó;
si en güena hora le cojió
aigolo Dios perdonao.
Primer hombre que he matáo,
y arfin murió con su sino,
quiera ese sielo divino
tener de mi compasion
que bien merece perdon
el que mata á un asesino..
No hay esperanza, lo sé,
porque me la niega el cielo,
solo me quea el consuelo.
é que por sarbarla fué.
Contento yo sufriré
mi caena y mi prision;
cumplí con mi oblígacion
librando la prenda mia,</Unicode>
            </TextEquiv>
        </TextRegion>
        <TextRegion orientation="0.0" type="paragraph" id="r_3_1" custom="readingOrder {index:2;}">
            <Coords points="1052,980 1728,980 1728,2363 1052,2363"/>
            <TextLine id="r_3_1l1" custom="readingOrder {index:0;}">
                <Coords points="1060,1044 1085,1043 1110,1043 1136,1042 1161,1042 1187,1041 1212,1041 1237,1040 1263,1040 1288,1039 1314,1039 1339,1038 1364,1038 1390,1038 1415,1037 1441,1037 1466,1036 1491,1036 1517,1035 1542,1035 1568,1035 1568,1004 1542,1004 1517,1004 1491,1005 1466,1005 1441,1006 1415,1006 1390,1007 1364,1007 1339,1007 1314,1008 1288,1008 1263,1009 1237,1009 1212,1010 1187,1010 1161,1011 1136,1011 1110,1012 1085,1012 1060,1013"/>
                <Baseline points="1060,1034 1085,1033 1110,1033 1136,1032 1161,1032 1187,1031 1212,1031 1237,1030 1263,1030 1288,1029 1314,1029 1339,1028 1364,1028 1390,1028 1415,1027 1441,1027 1466,1026 1491,1026 1517,1025 1542,1025 1568,1025"/>
                <TextEquiv>
                    <Unicode>no en vano yo ayer decia:</Unicode>
                </TextEquiv>
            </TextLine>
            <TextLine id="r_3_1l2" custom="readingOrder {index:1;}">
                <Coords points="1060,1088 1085,1089 1111,1089 1137,1089 1163,1090 1189,1090 1214,1090 1240,1090 1266,1089 1292,1089 1318,1089 1343,1088 1369,1088 1395,1087 1421,1087 1447,1086 1472,1085 1498,1084 1524,1083 1550,1082 1576,1081 1576,1050 1550,1051 1524,1052 1498,1053 1472,1054 1447,1055 1421,1056 1395,1056 1369,1057 1343,1057 1318,1058 1292,1058 1266,1058 1240,1059 1214,1059 1189,1059 1163,1059 1137,1058 1111,1058 1085,1058 1060,1057"/>
                <Baseline points="1060,1078 1085,1079 1111,1079 1137,1079 1163,1080 1189,1080 1214,1080 1240,1080 1266,1079 1292,1079 1318,1079 1343,1078 1369,1078 1395,1077 1421,1077 1447,1076 1472,1075 1498,1074 1524,1073 1550,1072 1576,1071"/>
                <TextEquiv>
                    <Unicode>¿Hoy te prueva corazon.</Unicode>
                </TextEquiv>
            </TextLine>
            <TextLine id="r_3_1l3" custom="readingOrder {index:2;}">
                <Coords points="1060,1141 1086,1141 1112,1141 1138,1140 1164,1140 1191,1139 1217,1139 1243,1138 1269,1138 1295,1138 1322,1137 1348,1137 1374,1136 1400,1136 1426,1136 1453,1135 1479,1135 1505,1134 1531,1134 1557,1133 1584,1133 1584,1099 1557,1099 1531,1100 1505,1100 1479,1101 1453,1101 1426,1102 1400,1102 1374,1102 1348,1103 1322,1103 1295,1104 1269,1104 1243,1104 1217,1105 1191,1105 1164,1106 1138,1106 1112,1107 1086,1107 1060,1107"/>
                <Baseline points="1060,1130 1086,1130 1112,1130 1138,1129 1164,1129 1191,1128 1217,1128 1243,1127 1269,1127 1295,1127 1322,1126 1348,1126 1374,1125 1400,1125 1426,1125 1453,1124 1479,1124 1505,1123 1531,1123 1557,1122 1584,1122"/>
                <TextEquiv>
                    <Unicode>Preso en la carse ya estoy,</Unicode>
                </TextEquiv>
            </TextLine>
            <TextLine id="r_3_1l4" custom="readingOrder {index:3;}">
                <Coords points="1060,1190 1085,1190 1111,1189 1136,1189 1162,1188 1187,1188 1213,1187 1238,1187 1264,1187 1289,1186 1315,1186 1341,1185 1366,1185 1392,1185 1417,1184 1443,1183 1468,1183 1494,1182 1519,1181 1545,1180 1571,1179 1571,1145 1545,1146 1519,1147 1494,1148 1468,1149 1443,1149 1417,1150 1392,1151 1366,1151 1341,1151 1315,1152 1289,1152 1264,1153 1238,1153 1213,1153 1187,1154 1162,1154 1136,1155 1111,1155 1085,1156 1060,1156"/>
                <Baseline points="1060,1179 1085,1179 1111,1178 1136,1178 1162,1177 1187,1177 1213,1176 1238,1176 1264,1176 1289,1175 1315,1175 1341,1174 1366,1174 1392,1174 1417,1173 1443,1172 1468,1172 1494,1171 1519,1170 1545,1169 1571,1168"/>
                <TextEquiv>
                    <Unicode>aqui aguardo la sentencia</Unicode>
                </TextEquiv>
            </TextLine>
            <TextLine id="r_3_1l5" custom="readingOrder {index:4;}">
                <Coords points="1060,1239 1087,1238 1115,1237 1142,1237 1170,1236 1198,1236 1225,1236 1253,1235 1280,1235 1308,1234 1336,1234 1363,1234 1391,1233 1418,1233 1446,1232 1474,1232 1501,1231 1529,1230 1556,1229 1584,1228 1612,1227 1612,1193 1584,1194 1556,1195 1529,1196 1501,1197 1474,1198 1446,1198 1418,1199 1391,1199 1363,1200 1336,1200 1308,1200 1280,1201 1253,1201 1225,1202 1198,1202 1170,1202 1142,1203 1115,1203 1087,1204 1060,1205"/>
                <Baseline points="1060,1228 1087,1227 1115,1226 1142,1226 1170,1225 1198,1225 1225,1225 1253,1224 1280,1224 1308,1223 1336,1223 1363,1223 1391,1222 1418,1222 1446,1221 1474,1221 1501,1220 1529,1219 1556,1218 1584,1217 1612,1216"/>
                <TextEquiv>
                    <Unicode>corazon mio pasencia</Unicode>
                </TextEquiv>
            </TextLine>
            <TextLine id="r_3_1l6" custom="readingOrder {index:5;}">
                <Coords points="1056,1287 1084,1286 1112,1286 1141,1285 1169,1285 1198,1284 1226,1284 1255,1283 1283,1283 1312,1282 1340,1282 1368,1281 1397,1281 1425,1280 1454,1280 1482,1279 1511,1278 1539,1277 1568,1277 1596,1276 1625,1275 1625,1242 1596,1243 1568,1244 1539,1244 1511,1245 1482,1246 1454,1247 1425,1247 1397,1248 1368,1248 1340,1249 1312,1249 1283,1250 1255,1250 1226,1251 1198,1251 1169,1252 1141,1252 1112,1253 1084,1253 1056,1254"/>
                <Baseline points="1056,1276 1084,1275 1112,1275 1141,1274 1169,1274 1198,1273 1226,1273 1255,1272 1283,1272 1312,1271 1340,1271 1368,1270 1397,1270 1425,1269 1454,1269 1482,1268 1511,1267 1539,1266 1568,1266 1596,1265 1625,1264"/>
                <TextEquiv>
                    <Unicode>que á fé que te prueba hoy.</Unicode>
                </TextEquiv>
            </TextLine>
            <TextLine id="r_3_1l7" custom="readingOrder {index:6;}">
                <Coords points="1055,1333 1080,1333 1106,1333 1132,1333 1157,1333 1183,1333 1209,1332 1234,1332 1260,1331 1286,1330 1311,1330 1337,1329 1363,1329 1388,1328 1414,1328 1440,1327 1465,1327 1491,1327 1517,1327 1543,1327 1543,1294 1517,1294 1491,1294 1465,1294 1440,1294 1414,1295 1388,1295 1363,1296 1337,1296 1311,1297 1286,1297 1260,1298 1234,1299 1209,1299 1183,1300 1157,1300 1132,1300 1106,1300 1080,1300 1055,1300"/>
                <Baseline points="1055,1322 1080,1322 1106,1322 1132,1322 1157,1322 1183,1322 1209,1321 1234,1321 1260,1320 1286,1319 1311,1319 1337,1318 1363,1318 1388,1317 1414,1317 1440,1316 1465,1316 1491,1316 1517,1316 1543,1316"/>
                <TextEquiv>
                    <Unicode>Diego Corriente yo soy, </Unicode>
                </TextEquiv>
            </TextLine>
            <TextLine id="r_3_1l8" custom="readingOrder {index:7;}">
                <Coords points="1065,1382 1091,1382 1117,1382 1143,1382 1169,1382 1195,1381 1221,1381 1248,1380 1274,1380 1300,1379 1326,1379 1352,1378 1378,1377 1405,1377 1431,1376 1457,1376 1483,1375 1509,1375 1535,1375 1562,1375 1562,1341 1535,1341 1509,1341 1483,1341 1457,1342 1431,1342 1405,1343 1378,1343 1352,1344 1326,1345 1300,1345 1274,1346 1248,1346 1221,1347 1195,1347 1169,1348 1143,1348 1117,1348 1091,1348 1065,1348"/>
                <Baseline points="1065,1371 1091,1371 1117,1371 1143,1371 1169,1371 1195,1370 1221,1370 1248,1369 1274,1369 1300,1368 1326,1368 1352,1367 1378,1366 1405,1366 1431,1365 1457,1365 1483,1364 1509,1364 1535,1364 1562,1364"/>
                <TextEquiv>
                    <Unicode>aquer que á naide temia</Unicode>
                </TextEquiv>
            </TextLine>
            <TextLine id="r_3_1l9" custom="readingOrder {index:8;}">
                <Coords points="1072,1432 1097,1431 1123,1430 1148,1429 1174,1429 1199,1428 1225,1428 1250,1428 1276,1427 1301,1427 1327,1427 1352,1426 1378,1426 1403,1426 1429,1425 1454,1425 1480,1424 1505,1423 1531,1422 1531,1388 1505,1389 1480,1390 1454,1391 1429,1391 1403,1392 1378,1392 1352,1392 1327,1393 1301,1393 1276,1393 1250,1394 1225,1394 1199,1394 1174,1395 1148,1395 1123,1396 1097,1397 1072,1398"/>
                <Baseline points="1072,1421 1097,1420 1123,1419 1148,1418 1174,1418 1199,1417 1225,1417 1250,1417 1276,1416 1301,1416 1327,1416 1352,1415 1378,1415 1403,1415 1429,1414 1454,1414 1480,1413 1505,1412 1531,1411"/>
                <TextEquiv>
                    <Unicode>aquer que en Andalusía</Unicode>
                </TextEquiv>
            </TextLine>
            <TextLine id="r_3_1l10" custom="readingOrder {index:9;}">
                <Coords points="1070,1479 1095,1479 1121,1479 1147,1478 1173,1478 1199,1477 1225,1477 1250,1476 1276,1476 1302,1475 1328,1475 1354,1474 1380,1474 1405,1473 1431,1473 1457,1473 1483,1472 1509,1472 1535,1472 1535,1438 1509,1438 1483,1438 1457,1439 1431,1439 1405,1439 1380,1440 1354,1440 1328,1441 1302,1441 1276,1442 1250,1442 1225,1443 1199,1443 1173,1444 1147,1444 1121,1445 1095,1445 1070,1445"/>
                <Baseline points="1070,1468 1095,1468 1121,1468 1147,1467 1173,1467 1199,1466 1225,1466 1250,1465 1276,1465 1302,1464 1328,1464 1354,1463 1380,1463 1405,1462 1431,1462 1457,1462 1483,1461 1509,1461 1535,1461"/>
                <TextEquiv>
                    <Unicode>por los caminos andaba</Unicode>
                </TextEquiv>
            </TextLine>
            <TextLine id="r_3_1l11" custom="readingOrder {index:10;}">
                <Coords points="1071,1527 1099,1527 1127,1527 1156,1527 1184,1526 1212,1526 1241,1525 1269,1525 1297,1524 1326,1523 1354,1523 1383,1522 1411,1521 1439,1521 1468,1521 1496,1520 1524,1520 1553,1521 1581,1521 1610,1522 1610,1489 1581,1488 1553,1488 1524,1487 1496,1487 1468,1488 1439,1488 1411,1488 1383,1489 1354,1490 1326,1490 1297,1491 1269,1492 1241,1492 1212,1493 1184,1493 1156,1494 1127,1494 1099,1494 1071,1494"/>
                <Baseline points="1071,1516 1099,1516 1127,1516 1156,1516 1184,1515 1212,1515 1241,1514 1269,1514 1297,1513 1326,1512 1354,1512 1383,1511 1411,1510 1439,1510 1468,1510 1496,1509 1524,1509 1553,1510 1581,1510 1610,1511"/>
                <TextEquiv>
                    <Unicode>er que á los ricós robaba,</Unicode>
                </TextEquiv>
            </TextLine>
            <TextLine id="r_3_1l12" custom="readingOrder {index:11;}">
                <Coords points="1074,1574 1101,1574 1128,1574 1155,1573 1183,1573 1210,1572 1237,1572 1265,1572 1292,1571 1319,1571 1347,1571 1374,1570 1401,1570 1428,1570 1456,1569 1483,1569 1510,1568 1538,1568 1565,1567 1592,1566 1620,1565 1620,1534 1592,1535 1565,1536 1538,1537 1510,1537 1483,1538 1456,1538 1428,1539 1401,1539 1374,1539 1347,1540 1319,1540 1292,1540 1265,1541 1237,1541 1210,1541 1183,1542 1155,1542 1128,1543 1101,1543 1074,1543"/>
                <Baseline points="1074,1564 1101,1564 1128,1564 1155,1563 1183,1563 1210,1562 1237,1562 1265,1562 1292,1561 1319,1561 1347,1561 1374,1560 1401,1560 1428,1560 1456,1559 1483,1559 1510,1558 1538,1558 1565,1557 1592,1556 1620,1555"/>
                <TextEquiv>
                    <Unicode>y á los probes socorria.</Unicode>
                </TextEquiv>
            </TextLine>
            <TextLine id="r_3_1l13" custom="readingOrder {index:12;}">
                <Coords points="1080,1624 1108,1623 1136,1622 1164,1621 1192,1621 1220,1620 1248,1620 1276,1620 1304,1619 1332,1619 1360,1619 1388,1619 1416,1618 1444,1618 1472,1617 1500,1616 1528,1615 1556,1613 1584,1611 1612,1609 1640,1606 1640,1575 1612,1578 1584,1580 1556,1582 1528,1584 1500,1585 1472,1586 1444,1587 1416,1587 1388,1588 1360,1588 1332,1588 1304,1588 1276,1589 1248,1589 1220,1589 1192,1590 1164,1590 1136,1591 1108,1592 1080,1593"/>
                <Baseline points="1080,1614 1108,1613 1136,1612 1164,1611 1192,1611 1220,1610 1248,1610 1276,1610 1304,1609 1332,1609 1360,1609 1388,1609 1416,1608 1444,1608 1472,1607 1500,1606 1528,1605 1556,1603 1584,1601 1612,1599 1640,1596"/>
                <TextEquiv>
                    <Unicode>Yo soy er que apregónao</Unicode>
                </TextEquiv>
            </TextLine>
            <TextLine id="r_3_1l14" custom="readingOrder {index:13;}">
                <Coords points="1067,1673 1093,1673 1119,1672 1145,1671 1171,1670 1198,1670 1224,1669 1250,1669 1276,1668 1302,1668 1329,1667 1355,1667 1381,1667 1407,1666 1433,1666 1460,1666 1486,1666 1512,1665 1538,1665 1564,1665 1591,1665 1591,1631 1564,1631 1538,1631 1512,1631 1486,1632 1460,1632 1433,1632 1407,1632 1381,1633 1355,1633 1329,1633 1302,1634 1276,1634 1250,1635 1224,1635 1198,1636 1171,1636 1145,1637 1119,1638 1093,1639 1067,1639"/>
                <Baseline points="1067,1662 1093,1662 1119,1661 1145,1660 1171,1659 1198,1659 1224,1658 1250,1658 1276,1657 1302,1657 1329,1656 1355,1656 1381,1656 1407,1655 1433,1655 1460,1655 1486,1655 1512,1654 1538,1654 1564,1654 1591,1654"/>
                <TextEquiv>
                    <Unicode>á naide nunca á temio;;</Unicode>
                </TextEquiv>
            </TextLine>
            <TextLine id="r_3_1l15" custom="readingOrder {index:14;}">
                <Coords points="1074,1721 1100,1720 1126,1719 1153,1719 1179,1718 1206,1718 1232,1717 1259,1717 1285,1716 1312,1716 1338,1716 1364,1715 1391,1715 1417,1715 1444,1714 1470,1714 1497,1713 1523,1713 1550,1712 1576,1711 1603,1710 1603,1676 1576,1677 1550,1678 1523,1679 1497,1679 1470,1680 1444,1680 1417,1681 1391,1681 1364,1681 1338,1682 1312,1682 1285,1682 1259,1683 1232,1683 1206,1684 1179,1684 1153,1685 1126,1685 1100,1686 1074,1687"/>
                <Baseline points="1074,1710 1100,1709 1126,1708 1153,1708 1179,1707 1206,1707 1232,1706 1259,1706 1285,1705 1312,1705 1338,1705 1364,1704 1391,1704 1417,1704 1444,1703 1470,1703 1497,1702 1523,1702 1550,1701 1576,1700 1603,1699"/>
                <TextEquiv>
                    <Unicode>manque por mi han ofrasio</Unicode>
                </TextEquiv>
            </TextLine>
            <TextLine id="r_3_1l16" custom="readingOrder {index:15;}">
                <Coords points="1075,1769 1103,1768 1131,1768 1160,1768 1188,1767 1217,1767 1245,1766 1273,1765 1302,1764 1330,1763 1359,1763 1387,1762 1415,1762 1444,1761 1472,1761 1501,1761 1529,1761 1557,1761 1586,1762 1614,1763 1643,1764 1643,1730 1614,1729 1586,1728 1557,1727 1529,1727 1501,1727 1472,1727 1444,1727 1415,1728 1387,1728 1359,1729 1330,1729 1302,1730 1273,1731 1245,1732 1217,1733 1188,1733 1160,1734 1131,1734 1103,1734 1075,1735"/>
                <Baseline points="1075,1758 1103,1757 1131,1757 1160,1757 1188,1756 1217,1756 1245,1755 1273,1754 1302,1753 1330,1752 1359,1752 1387,1751 1415,1751 1444,1750 1472,1750 1501,1750 1529,1750 1557,1750 1586,1751 1614,1752 1643,1753"/>
                <TextEquiv>
                    <Unicode>dos mir docientos ducao.</Unicode>
                </TextEquiv>
            </TextLine>
            <TextLine id="r_3_1l17" custom="readingOrder {index:16;}">
                <Coords points="1076,1817 1103,1817 1130,1816 1157,1816 1184,1815 1211,1815 1238,1814 1266,1814 1293,1813 1320,1813 1347,1812 1374,1811 1401,1811 1428,1810 1456,1810 1483,1810 1510,1810 1537,1809 1564,1809 1591,1810 1619,1810 1619,1776 1591,1776 1564,1775 1537,1775 1510,1776 1483,1776 1456,1776 1428,1776 1401,1777 1374,1777 1347,1778 1320,1779 1293,1779 1266,1780 1238,1780 1211,1781 1184,1781 1157,1782 1130,1782 1103,1783 1076,1783"/>
                <Baseline points="1076,1806 1103,1806 1130,1805 1157,1805 1184,1804 1211,1804 1238,1803 1266,1803 1293,1802 1320,1802 1347,1801 1374,1800 1401,1800 1428,1799 1456,1799 1483,1799 1510,1799 1537,1798 1564,1798 1591,1799 1619,1799"/>
                <TextEquiv>
                    <Unicode>Por mí gusto me entregao,</Unicode>
                </TextEquiv>
            </TextLine>
            <TextLine id="r_3_1l18" custom="readingOrder {index:17;}">
                <Coords points="1065,1866 1093,1866 1121,1865 1149,1864 1178,1864 1206,1863 1234,1862 1263,1862 1291,1861 1319,1861 1348,1860 1376,1860 1404,1860 1432,1860 1461,1859 1489,1859 1517,1859 1546,1859 1574,1858 1602,1858 1631,1858 1631,1824 1602,1824 1574,1824 1546,1825 1517,1825 1489,1825 1461,1825 1432,1826 1404,1826 1376,1826 1348,1826 1319,1827 1291,1827 1263,1828 1234,1828 1206,1829 1178,1830 1149,1830 1121,1831 1093,1832 1065,1832"/>
                <Baseline points="1065,1855 1093,1855 1121,1854 1149,1853 1178,1853 1206,1852 1234,1851 1263,1851 1291,1850 1319,1850 1348,1849 1376,1849 1404,1849 1432,1849 1461,1848 1489,1848 1517,1848 1546,1848 1574,1847 1602,1847 1631,1847"/>
                <TextEquiv>
                    <Unicode>mnaide é prenderme yegó </Unicode>
                </TextEquiv>
            </TextLine>
            <TextLine id="r_3_1l19" custom="readingOrder {index:18;}">
                <Coords points="1076,1914 1104,1914 1132,1913 1160,1913 1188,1912 1216,1911 1244,1911 1272,1910 1300,1909 1328,1909 1356,1908 1384,1907 1412,1907 1440,1906 1468,1906 1496,1905 1524,1905 1552,1905 1580,1905 1608,1906 1637,1906 1637,1872 1608,1872 1580,1871 1552,1871 1524,1871 1496,1871 1468,1872 1440,1872 1412,1873 1384,1873 1356,1874 1328,1875 1300,1875 1272,1876 1244,1877 1216,1877 1188,1878 1160,1879 1132,1879 1104,1880 1076,1880"/>
                <Baseline points="1076,1903 1104,1903 1132,1902 1160,1902 1188,1901 1216,1900 1244,1900 1272,1899 1300,1898 1328,1898 1356,1897 1384,1896 1412,1896 1440,1895 1468,1895 1496,1894 1524,1894 1552,1894 1580,1894 1608,1895 1637,1895"/>
                <TextEquiv>
                    <Unicode>to er mundo me respetó</Unicode>
                </TextEquiv>
            </TextLine>
            <TextLine id="r_3_1l20" custom="readingOrder {index:19;}">
                <Coords points="1077,1964 1103,1964 1130,1963 1156,1962 1183,1962 1210,1961 1236,1960 1263,1960 1289,1958 1316,1958 1343,1957 1369,1956 1396,1955 1422,1955 1449,1954 1476,1954 1502,1954 1529,1954 1555,1954 1582,1954 1609,1954 1609,1920 1582,1920 1555,1920 1529,1920 1502,1920 1476,1920 1449,1920 1422,1921 1396,1921 1369,1922 1343,1923 1316,1924 1289,1924 1263,1926 1236,1926 1210,1927 1183,1928 1156,1928 1130,1929 1103,1930 1077,1930"/>
                <Baseline points="1077,1953 1103,1953 1130,1952 1156,1951 1183,1951 1210,1950 1236,1949 1263,1949 1289,1947 1316,1947 1343,1946 1369,1945 1396,1944 1422,1944 1449,1943 1476,1943 1502,1943 1529,1943 1555,1943 1582,1943 1609,1943"/>
                <TextEquiv>
                    <Unicode>y á to er mundo jise cara;</Unicode>
                </TextEquiv>
            </TextLine>
            <TextLine id="r_3_1l21" custom="readingOrder {index:20;}">
                <Coords points="1078,2011 1105,2010 1133,2010 1161,2009 1189,2009 1216,2008 1244,2008 1272,2007 1300,2007 1327,2006 1355,2006 1383,2005 1411,2004 1438,2004 1466,2004 1494,2003 1522,2002 1549,2002 1577,2001 1605,2001 1633,2000 1633,1966 1605,1967 1577,1967 1549,1968 1522,1968 1494,1969 1466,1970 1438,1970 1411,1970 1383,1971 1355,1972 1327,1972 1300,1973 1272,1973 1244,1974 1216,1974 1189,1975 1161,1975 1133,1976 1105,1976 1078,1977"/>
                <Baseline points="1078,2000 1105,1999 1133,1999 1161,1998 1189,1998 1216,1997 1244,1997 1272,1996 1300,1996 1327,1995 1355,1995 1383,1994 1411,1993 1438,1993 1466,1993 1494,1992 1522,1991 1549,1991 1577,1990 1605,1990 1633,1989"/>
                <TextEquiv>
                    <Unicode>y naide á mi me entregara, </Unicode>
                </TextEquiv>
            </TextLine>
            <TextLine id="r_3_1l22" custom="readingOrder {index:21;}">
                <Coords points="1084,2061 1115,2060 1146,2059 1178,2058 1209,2057 1241,2057 1272,2056 1304,2056 1335,2055 1367,2054 1398,2054 1429,2053 1461,2053 1492,2053 1524,2052 1555,2051 1587,2051 1618,2050 1650,2050 1681,2049 1713,2048 1713,2014 1681,2015 1650,2016 1618,2016 1587,2017 1555,2017 1524,2018 1492,2019 1461,2019 1429,2019 1398,2020 1367,2020 1335,2021 1304,2022 1272,2022 1241,2023 1209,2023 1178,2024 1146,2025 1115,2026 1084,2027"/>
                <Baseline points="1084,2050 1115,2049 1146,2048 1178,2047 1209,2046 1241,2046 1272,2045 1304,2045 1335,2044 1367,2043 1398,2043 1429,2042 1461,2042 1492,2042 1524,2041 1555,2040 1587,2040 1618,2039 1650,2039 1681,2038 1713,2037"/>
                <TextEquiv>
                    <Unicode>si no me entregara yó. (Pausa.)</Unicode>
                </TextEquiv>
            </TextLine>
            <TextLine id="r_3_1l23" custom="readingOrder {index:22;}">
                <Coords points="1088,2109 1116,2109 1144,2107 1172,2106 1200,2106 1228,2105 1256,2105 1284,2104 1312,2104 1340,2103 1368,2103 1396,2103 1424,2103 1452,2103 1480,2102 1508,2102 1536,2102 1564,2103 1592,2103 1620,2103 1648,2103 1648,2069 1620,2069 1592,2069 1564,2069 1536,2068 1508,2068 1480,2068 1452,2069 1424,2069 1396,2069 1368,2069 1340,2069 1312,2070 1284,2070 1256,2071 1228,2071 1200,2072 1172,2072 1144,2073 1116,2075 1088,2075"/>
                <Baseline points="1088,2098 1116,2098 1144,2096 1172,2095 1200,2095 1228,2094 1256,2094 1284,2093 1312,2093 1340,2092 1368,2092 1396,2092 1424,2092 1452,2092 1480,2091 1508,2091 1536,2091 1564,2092 1592,2092 1620,2092 1648,2092"/>
                <TextEquiv>
                    <Unicode>Utrera el arma mia,.</Unicode>
                </TextEquiv>
            </TextLine>
            <TextLine id="r_3_1l24" custom="readingOrder {index:23;}">
                <Coords points="1085,2158 1113,2158 1142,2156 1170,2155 1199,2155 1227,2154 1256,2153 1284,2152 1313,2152 1341,2151 1370,2150 1399,2150 1427,2150 1456,2150 1484,2150 1513,2150 1541,2150 1570,2151 1598,2151 1627,2152 1656,2153 1656,2120 1627,2119 1598,2118 1570,2118 1541,2117 1513,2117 1484,2117 1456,2117 1427,2117 1399,2117 1370,2117 1341,2118 1313,2119 1284,2119 1256,2120 1227,2121 1199,2122 1170,2122 1142,2123 1113,2125 1085,2125"/>
                <Baseline points="1085,2147 1113,2147 1142,2145 1170,2144 1199,2144 1227,2143 1256,2142 1284,2141 1313,2141 1341,2140 1370,2139 1399,2139 1427,2139 1456,2139 1484,2139 1513,2139 1541,2139 1570,2140 1598,2140 1627,2141 1656,2142"/>
                <TextEquiv>
                    <Unicode>tierra aonde yo nasi</Unicode>
                </TextEquiv>
            </TextLine>
            <TextLine id="r_3_1l25" custom="readingOrder {index:24;}">
                <Coords points="1082,2204 1107,2204 1133,2204 1159,2204 1185,2204 1211,2203 1237,2203 1262,2202 1288,2201 1314,2201 1340,2200 1366,2199 1392,2199 1417,2198 1443,2197 1469,2197 1495,2196 1521,2196 1547,2196 1547,2163 1521,2163 1495,2163 1469,2164 1443,2164 1417,2165 1392,2166 1366,2166 1340,2167 1314,2168 1288,2168 1262,2169 1237,2170 1211,2170 1185,2171 1159,2171 1133,2171 1107,2171 1082,2171"/>
                <Baseline points="1082,2193 1107,2193 1133,2193 1159,2193 1185,2193 1211,2192 1237,2192 1262,2191 1288,2190 1314,2190 1340,2189 1366,2188 1392,2188 1417,2187 1443,2186 1469,2186 1495,2185 1521,2185 1547,2185"/>
                <TextEquiv>
                    <Unicode>ya pa síempre te perdí,</Unicode>
                </TextEquiv>
            </TextLine>
            <TextLine id="r_3_1l26" custom="readingOrder {index:25;}">
                <Coords points="1087,2252 1115,2253 1144,2253 1172,2253 1201,2253 1230,2253 1258,2252 1287,2251 1315,2250 1344,2249 1373,2248 1401,2247 1430,2246 1458,2245 1487,2245 1516,2245 1544,2245 1573,2245 1601,2247 1630,2248 1659,2251 1659,2218 1630,2215 1601,2214 1573,2212 1544,2212 1516,2212 1487,2212 1458,2212 1430,2213 1401,2214 1373,2215 1344,2216 1315,2217 1287,2218 1258,2219 1230,2220 1201,2220 1172,2220 1144,2220 1115,2220 1087,2219"/>
                <Baseline points="1087,2241 1115,2242 1144,2242 1172,2242 1201,2242 1230,2242 1258,2241 1287,2240 1315,2239 1344,2238 1373,2237 1401,2236 1430,2235 1458,2234 1487,2234 1516,2234 1544,2234 1573,2234 1601,2236 1630,2237 1659,2240"/>
                <TextEquiv>
                    <Unicode>yo.... que tanto te queria</Unicode>
                </TextEquiv>
            </TextLine>
            <TextLine id="r_3_1l27" custom="readingOrder {index:26;}">
                <Coords points="1090,2303 1118,2303 1147,2302 1175,2301 1204,2300 1232,2299 1261,2299 1289,2298 1318,2297 1346,2297 1375,2297 1403,2296 1432,2296 1460,2296 1489,2296 1517,2295 1546,2295 1574,2295 1603,2295 1631,2295 1660,2295 1660,2262 1631,2262 1603,2262 1574,2262 1546,2262 1517,2262 1489,2263 1460,2263 1432,2263 1403,2263 1375,2264 1346,2264 1318,2264 1289,2265 1261,2266 1232,2266 1204,2267 1175,2268 1147,2269 1118,2270 1090,2270"/>
                <Baseline points="1090,2292 1118,2292 1147,2291 1175,2290 1204,2289 1232,2288 1261,2288 1289,2287 1318,2286 1346,2286 1375,2286 1403,2285 1432,2285 1460,2285 1489,2285 1517,2284 1546,2284 1574,2284 1603,2284 1631,2284 1660,2284"/>
                <TextEquiv>
                    <Unicode>Torre de Santa Maria</Unicode>
                </TextEquiv>
            </TextLine>
            <TextLine id="r_3_1l29" custom="readingOrder {index:27;}">
                <Coords points="1084,2351 1109,2352 1135,2352 1160,2352 1186,2352 1211,2352 1237,2351 1263,2350 1288,2349 1314,2348 1339,2347 1365,2346 1391,2346 1416,2345 1442,2345 1467,2345 1493,2345 1519,2346 1519,2312 1493,2311 1467,2311 1442,2311 1416,2311 1391,2312 1365,2312 1339,2313 1314,2314 1288,2315 1263,2316 1237,2317 1211,2318 1186,2318 1160,2318 1135,2318 1109,2318 1084,2317"/>
                <Baseline points="1084,2340 1109,2341 1135,2341 1160,2341 1186,2341 1211,2341 1237,2340 1263,2339 1288,2338 1314,2337 1339,2336 1365,2335 1391,2335 1416,2334 1442,2334 1467,2334 1493,2334 1519,2335"/>
                <TextEquiv>
                    <Unicode>ya no te gorberé á vé,</Unicode>
                </TextEquiv>
            </TextLine>
            <TextEquiv>
                <Unicode>no en vano yo ayer decia:
¿Hoy te prueva corazon.
Preso en la carse ya estoy,
aqui aguardo la sentencia
corazon mio pasencia
que á fé que te prueba hoy.
Diego Corriente yo soy, 
aquer que á naide temia
aquer que en Andalusía
por los caminos andaba
er que á los ricós robaba,
y á los probes socorria.
Yo soy er que apregónao
á naide nunca á temio;;
manque por mi han ofrasio
dos mir docientos ducao.
Por mí gusto me entregao,
mnaide é prenderme yegó 
to er mundo me respetó
y á to er mundo jise cara;
y naide á mi me entregara, 
si no me entregara yó. (Pausa.)
Utrera el arma mia,.
tierra aonde yo nasi
ya pa síempre te perdí,
yo.... que tanto te queria
Torre de Santa Maria
ya no te gorberé á vé,</Unicode>
            </TextEquiv>
        </TextRegion>
    </Page>
</PcGts>
