1765 2512
883 279 913 315 4
183 335 624 376 Magd. Esta es buena.
183 378 827 423 Payo. Me mandan ustedes algo?
189 425 867 472 Viuda. No creo que acá se ofrezca
230 483 490 520 cosa alguna.
183 530 619 570 Payo. Pues Señora...
194 572 871 619 Viud. No te vayas, hombre, espera
229 622 779 665 dí, quién vive en estacasa?
184 671 787 717 Payo. Señora gente muy reta:
237 719 679 764 en el cuarto principal
242 767 767 811 don Pedro y doña Ruperta
233 816 695 861 viven: y el es agogao:
235 867 747 915 y saco yo por mi cuenta,
248 910 877 959 que enseis mundos no habrá otro
244 963 696 1005 agogao de mas cencia.
199 1011 711 1054 Viud. Y en qué te fundas?
198 1062 489 1103 Payo. En qué?
252 1106 803 1151 en que tiene la vos gruesa.
193 1153 887 1200 Magd. Es verdad, que hoyen el dia
237 1203 753 1246 aquellos que mas vocean
237 1251 751 1294 son los mayores letrados.
198 1301 745 1343 Payo Una tal doña Lorenza
244 1349 777 1390 vive en el cuarto segundo,
246 1396 861 1442 y dicen que es peor que vieja.
203 1445 882 1488 Viud. Peor qué vieja? hombre, por
247 1503 339 1542 que?
199 1542 819 1586 Payo. Yo no lo sé: de manera,
242 1590 773 1636 que allí tiene una sobrina
247 1640 827 1682 muy guapa, y muy petimetra,
206 1689 686 1731 Viud. Conqué es bonita?
195 1741 523 1781 Payo. Mal rayo:
240 1788 689 1828 sopas en una cazuela,
243 1835 766 1876 en concencia, y sin aquel,
242 1881 785 1924 se pueden comer con ella.
195 1927 841 1977 Hijo. Eso, Anton, tambien yo lo
256 1988 348 2023 hago
256 2026 760 2071 con mi criada Prudencia.
245 2123 785 2168 almuerzan, comen y cenan.
205 2171 845 2219 Magd. Esto va de tonto á tonto.
202 2220 843 2268 Viud. Concluye de darme cuenta.
804 319 1535 366 Ap. Payo. En la una guardilla vive
957 369 1525 409 un cadete, que en la guerra
960 418 1506 458 es muy guapo segun dice;
961 463 1437 508 y lo creo, porque lleva
970 512 1503 555 en el pescuezo, hácia aquí
966 562 1471 603 unas heridas tremendas.
927 613 1287 652 Viud. Y en la otra?
923 662 1371 701 Payo Un don Esquina,
971 707 1453 748 que es guapísimo pocta.
936 754 1548 797 Viud. Hombre, hombre, tu qué
972 808 1168 845 entiendes
972 854 1311 893 de hacer coplas?
919 903 1278 944 Payo. De manera
970 949 1435 991 que yo lo digo, porqne (tra
971 995 1605 1037 á cualquier hombre que encuen-
967 1044 1514 1086 le echa una copla ó dos, si
975 1093 1445 1135 se le pone en la cabeza.
1083 1141 1459 1182 Sale doña Ruperta.
926 1188 1481 1231 Rup. No podré yo ponderar
975 1237 1552 1280 el gusto de que usted tenga,
979 1285 1539 1327 el que en casa le deseamos,
973 1334 1475 1375 ciertamente sin que sea
975 1383 1463 1424 en detrimento del niño,
983 1431 1528 1472 de su salud, ni de aquellas
975 1477 1619 1522 personas que usted bien quiere.
941 1526 1623 1570 Viud. Pero V. me hace una ofensa
983 1576 1471 1618 en venir por la mañana.
921 1623 1588 1670 Rup. Hija, no forme usted queja
971 1674 1475 1715 de eso, porque es visita
975 1725 1295 1763 sin detrimento.
927 1774 1303 1815 Magd. Echa, echa, Ap.
975 1817 1461 1862 qué relamida que viene
975 1867 1424 1910 la señora detrimenta!
927 1914 1551 1958 Rup. Hja, me alegro que usted,
975 1963 1527 2007 á Dios gracias, este buena,
981 2010 1473 2056 y sin detrimento alguno.
213 2056 1619 2122 Viud. Es verdad que algunas veces Magd. Qué descansada que queda!
1252 2111 1314 2149 Ap.
990 2154 1511 2201 Apuesto que el terminillo
983 2203 1505 2251 lo tiene puesto en cabeza
