1765 2512
234 281 292 339 8
200 346 699 387 el rostro á la peregrina,
211 391 701 437 y el traslado de su pecho
218 439 709 483 viendo que todo era uno,
216 488 793 534 se abrazó en vivos incendios;
220 540 611 581 la dice señora, mia,
215 583 801 630 ¿de que patria ó de que reino
210 633 701 676 es V... aunque perdone?
213 680 637 724 Ella con suaves ecos
217 731 695 774 le responde: señor mio,
214 778 761 821 yo soy de todos los reinos,
225 826 721 869 vecina de todo el mundo,
221 875 760 918 y á mi me llaman por eso,
220 924 639 966 la peregrina doctora,
216 971 659 1014 sin interés de dinero,
224 1018 701 1063 la que curó á su marido,
228 1066 723 1111 y á su enemigo protervo.
227 1113 711 1158 Entonces don Alejandro
223 1162 803 1206 la dió un abrazo muy tierno,
222 1211 772 1255 reconoció que es su esposa
224 1258 719 1303 aquel hermoso portento.
221 1308 747 1350 Toda la ciudad se admira,
232 1356 725 1399 la gran maravilla viendo,
227 1405 735 1447 de puro contento lloran,
230 1454 631 1502 y parece un jubiléo
227 1502 689 1543 de damas y de galanes
229 1546 775 1597 y parientes que acudieron,
235 1596 789 1647 que en el palacio no caben,
926 324 1423 367 sabiendo aqueste suceso.
927 375 1415 417 En la ciudad de Lisboa.
929 421 1405 464 hacen fiestas y torneos,
937 470 1439 514 toros, juegos de escañas,
935 518 1449 562 comedias y pasatiempos.
933 568 1381 612 A don Federico casan
939 616 1435 659 con otro retrato mesmo,
939 664 1419 708 hermana de doña Inés,
947 713 1477 754 doña Elvira de San Diego,
954 757 1431 803 quedando don Alejandro
943 804 1501 852 próspero, alegre y contento
951 856 1451 898 con su esposa doña Inés,
943 907 1423 948 rosa, clavellina, espejo,
945 955 1385 996 peregrina montañesa,
954 998 1521 1045 la que estuvo en el desierto
958 1048 1459 1093 la que libró á su enemigo
955 1096 1437 1140 de manos del leon fiero.
960 1144 1467 1189 Con esto acaba la historia
955 1192 1549 1236 de aqueste breve compendio,
955 1240 1469 1284 de la muger mas heróica
955 1288 1625 1333 que se ha visto en tales riesgos,
961 1336 1489 1381 Y la Virgen nuestra madre
954 1384 1459 1431 la libró de los perversos
960 1433 1481 1479 cubriéndola con su manto,
955 1483 1559 1530 poniendo al demonio el freno,
960 1531 1432 1575 que siendo devota suya
959 1579 1475 1622 la libró del desconsuelo.
828 1997 1064 2038 FIN.
732 2359 1173 2403 CARMONA:—1858.
256 2399 1656 2469 Imprenta de D. Josè M. Moreno, calle Juan de la Cabra núm. 4.
