1765 2512
269 224 280 260 2
194 273 758 311 por diosa de la hermosura,
204 320 792 360 dando la manzana en premio,
197 368 784 408 en doña Inés con mas gracia
204 416 794 457 se halla Palas, luno y Venus.
192 464 738 503 Se llamaba aquesta señora
198 512 674 552 doña Inés Portocarrero,
199 561 702 601 su esposo don Alejandro,
196 610 792 652 que adora sus pensamientos,
196 658 674 697 la tierra que pisa, besa;
193 708 671 744 y de continuo su pecho
200 755 610 793 la idolatra retratada,
202 802 724 842 que es su mayor consuelo.
192 850 722 888 Este tal tiene un hermano
195 897 756 941 dentro en su palacio mismo
202 946 676 987 que le llaman Federico,
188 994 712 1036 liviano, altivo y soberbio;
188 1041 702 1083 aqueste se queda en casa
183 1094 723 1130 para despachar los pliegos
188 1139 692 1178 cuando el hermano salia
188 1187 738 1229 á cumplir con sus empleos,
185 1236 690 1273 siendo pirata de esclavos
182 1282 698 1325 y verdugo de los negros
184 1332 674 1372 enfado de las doncellas
188 1383 704 1422 que le estaban asistiendo,
184 1429 672 1468 porque á todos le servia
186 1476 668 1516 de muy gravísimo peso,
186 1525 714 1564 que lo que pasa en palacio
188 1573 706 1613 en todo se está metiendo.
174 1622 602 1660 Este tal se enamoró,
176 1670 702 1710 con mal nacidos intentos,
180 1717 744 1761 de la muger de su hermano,
182 1766 680 1808 doña Inés Portocarrero,
172 1814 656 1855 anda triste y desvalido,
178 1863 630 1904 sin color y macilento,
173 1912 689 1951 hasta las aves le enfadan
177 1959 754 2001 cuando vuelan por el viento.
173 2008 610 2046 En fin, se determinó
178 2057 690 2095 cierto dia en unos versos,
169 2106 695 2143 que su esposo la escribió
180 2153 750 2195 echando un papel en medio
174 2203 633 2239 darla parte de su amor
176 2250 670 2288 con infernales intentos.
168 2296 717 2339 Tomó doña Inés las cartas
170 2346 658 2389 con alegria y contento,
926 276 1428 316 por ser de don Alejandro,
933 324 1444 366 su consorte y compañero.
924 372 1354 412 Estándola repasando,
921 421 1457 461 reparando en aquel pliego
922 468 1504 509 que estaba muy poco hollado
920 519 1420 557 y escrito de poco tiempo,
919 567 1450 606 rompió la mena y al punto
924 615 1482 657 que ha comenzado á leerlo,
921 662 1430 705 en su presencia lo arroja,
924 709 1424 750 hecho pedazos al viento.
920 757 1424 798 Detente, muger heróica,
922 808 1504 851 guarda el papel en tu pecho,
923 857 1457 895 que podrá ser que te sirva
917 903 1384 943 algun dia de provecho;
920 953 1402 992 mas en fin ya lo rompió,
919 1003 1527 1042 ¡qué lástima! no hay remedio.
916 1051 1436 1088 Mas viendo don Federico
916 1097 1478 1141 el desaire que le ha hecho,
922 1144 1282 1180 cólerico y enojado
916 1193 1418 1234 brota por los ojos fuego.
916 1243 1316 1277 Mas ella disimulaba
913 1291 1397 1327 y á solas está diciendo:
903 1340 1527 1377 ¿quién ha de guardar mi honor
916 1387 1468 1425 quiere ofender mi respeto?
914 1434 1372 1474 Mire por sí, Federico,
907 1485 1383 1520 y respétese asi mismo,
912 1532 1479 1568 supuesto que dos hermanos
912 1577 1486 1622 son dos armas y un cuerpo,
903 1625 1382 1665 no le quiso decir mas,
908 1674 1468 1716 él se metió en su aposento,
908 1722 1398 1761 maldiciendo su fortuna:
912 1772 1398 1812 jura por los altos cielos,
908 1821 1499 1859 que á pesar de todo el mundo
906 1866 1420 1907 ha de lograr sus intentos.
899 1915 1347 1955 Miró doña Inés un dia
898 1963 1350 2004 á don Féderico atento,
895 2015 1315 2053 y le vió de que traia
904 2065 1486 2101 el rostro muy descompuesto,
898 2112 1407 2148 y que le estaba brotando
898 2157 1387 2197 la ponzoña y el veneno:
900 2207 1392 2247 mas ella como discreta,
904 2255 1408 2293 entre si estaba diciendo:
905 2304 1380 2340 aqueste quiere intentar
898 2353 1394 2390 un villano atrevimiento:
