1765 2512
273 126 307 173 6
228 197 796 247 si es verdad que la mataron;
234 246 746 296 que les guardará secreto,
221 295 704 341 y que tambien les dará
224 343 718 390 gran cantidad de dinero.
224 388 678 439 Todos digeron que no,
222 437 646 483 y contaron el suceso
228 484 778 534 como se quedó en el monte
225 533 743 583 sin agraviarla en un pelo.
219 580 693 629 Don Federico responde:
214 629 720 679 en el alma lo agradezco;
220 675 718 726 todos juntos hemos de ir
209 724 742 776 á buscarla muy de cierto;
212 772 738 823 antes hoy que no mañana;
208 823 748 870 y á mi hermano le diremos
214 869 704 918 que á una rica monteria
212 915 712 966 voy con otros caballeros.
201 966 737 1016 Salen del pelacio y llegan
204 1012 594 1058 al segundo Pirineo
200 1061 758 1114 de aquel encumbrado risco,
196 1110 717 1159 peñas y montes subiendo:
200 1158 729 1207 mas quiso su mala suerte
200 1207 728 1256 que con la bóveda dieron
202 1253 668 1302 donde doñá Inés estaba
190 1304 664 1350 para perdicion de ellos;
191 1352 728 1402 que el leon de que los vió,
186 1397 728 1450 muy enojado y sangriento,
192 1445 616 1493 á los tres despedazó
182 1493 798 1548 en menos que dura un credo
181 1541 688 1590 rezado en latin, y el otro
179 1588 712 1642 aunque vivo, casi muerto;
179 1638 634 1685 mas doña Inés lo libró
184 1687 758 1739 que hiciera con él lo mismo,
178 1738 690 1781 y lo conoció al momento;
178 1785 691 1830 porque era don Federico
176 1831 742 1882 no cupo en su sangre noble
168 1879 638 1929 aquel refran verdadero,
172 1931 674 1978 porque ella la mala obra
173 1977 699 2027 la pagó con buen estremo
155 2024 624 2070 Dá la vuelta á palacio
164 2073 712 2127 con mentiras y embelecos,
168 2119 634 2168 diciendo que un jabalí
162 2169 668 2219 le mató los compañeros,
156 2221 701 2266 y que él con cinco heridas
156 2264 772 2322 se subió encima de un cerro,
955 220 1377 260 y que de allí escapó
958 265 1457 312 de aquel tirano soberbio.
952 311 1368 359 En un dia señalado,
952 359 1537 415 de la Encarnacion del Yerbo,
952 407 1425 455 se apareció á doña Inés
951 456 1512 509 la Virgen de los Remedios,
952 503 1460 555 alegrando plantas, flores,
950 552 1494 604 riscos, montes y deciertos,
951 600 1475 651 diciendola; Dios te guarde
946 647 1458 699 hija ya se llegó el tiempo
941 696 1398 742 de que dejes este sitio
936 747 1412 793 y te vayas á tu pueblo,
932 797 1408 840 y curarás á tu esposo,
936 843 1549 896 que dias há que está enfermo,
938 892 1408 933 y tambien á tu cuñado
938 939 1452 986 que las heridas vertiendo
935 984 1420 1036 todavia le echan sangre,
932 1037 1422 1082 y perdonale sus yerros.
934 1080 1412 1130 El leon que te ha traido
932 1129 1368 1176 el cotidiano alimento
924 1177 1416 1228 ha sido por mi mandado,
928 1224 1476 1279 que asi pago cuando quiero
924 1273 1468 1325 preservando á mis devotos
916 1319 1452 1373 de este semejante riesgo.
912 1368 1424 1420 Con esto la dió la Virgen
916 1415 1448 1478 un vasito muy pequeño.
920 1465 1430 1520 lleno de yálsamo heróico,
920 1513 1382 1568 como bajado del cielo,
914 1563 1416 1619 quedandose doña Inés.
900 1610 1386 1660 metida en un pasagero
908 1657 1440 1711 camino, que vá á Lisboa,
910 1707 1466 1764 con su báculo y sombrero,
958 1758 1332 1803 y peregrinando llega
948 1805 1493 1861 á la ciudad en breve tiempo,
904 1852 1407 1913 adonde en ella curó
892 1901 1530 1957 muy grande copia de enfermos,
888 1949 1484 2001 sin que él valsamo precioso
892 1995 1424 2049 se menoscabára un pelo.
902 2044 1418 2097 Toda la ciudad se admira
892 2092 1398 2144 de la peregrina, viendo
888 2143 1392 2189 los enfermos que curaba
894 2189 1408 2243 tan consumidos y secos,
894 2243 1372 2285 y luego los veian sanos
894 2288 1508 2345 dentro de muy breve tiempo,
