1737 2508
131 228 636 270 mas antes que lo ejecute
140 273 660 318 yo quiero poner remedio.
126 323 717 367 Mandó al punto que viniesen
126 372 609 414 albañiles y arquitectos,
127 420 685 462 y que en medio del jardin
127 468 635 512 hiciesen del jaspe negro
136 518 601 561 unas bóvedas curiosas,
138 568 602 609 pintadas con azulejos,
143 614 649 656 cuanto cupiese una cama,
139 661 697 704 mesa, silla é instrumentos;
141 710 703 754 y que á la puerta le pongan
146 758 645 801 unas barretas de hierro,
136 806 651 849 cuanto se pueda por ellas
139 855 657 896 meter el mantenimiento,
144 903 685 945 con su golpe como cárcel,
139 951 649 992 el pestillo fuerte y récio.
140 1000 647 1041 En breve tiempo se hizo,
147 1048 764 1090 que en donde sobra el dinero,
146 1096 606 1137 muy pronto se facilita
145 1144 732 1184 por largo que sea el cuento.
146 1192 653 1233 De que estuvo aderezada
152 1241 665 1281 con su cama y lucimiento,
143 1289 641 1329 llamando á don Federico
147 1338 627 1377 doña Inés Portocarrero,
158 1384 600 1427 le dice: hermano mio,
153 1433 683 1475 porque muy triste te veo,
154 1481 640 1523 quiero llevarte al jardin
156 1529 657 1571 á ver los árboles bellos,
162 1577 629 1617 verás una arquitectura
157 1625 783 1667 hecha por un hombre maestro,
155 1671 708 1718 para en viniendo mi esposo
164 1722 721 1765 que salga á tomar el fresco,
159 1770 689 1812 De que oyó estas razones,
162 1818 759 1861 se alegró en grande estremo,
164 1866 728 1910 que entendio ya que la rosa
164 1914 740 1957 se iba convirtiendo en celos.
162 1963 690 2007 Se fueron hácia el jardin,
168 2012 731 2054 viendo aquel casino ameno,
162 2060 665 2103 con la cama tan curiosa,
160 2109 729 2151 le dió el corazon un vuelco,
170 2157 795 2199 diciendo: aquesta es mi suerte,
168 2206 703 2246 hoy se logran mis deseos;
174 2254 625 2295 mas dijole doña Inés.
172 2304 664 2345 con engañosos intentos,
1445 139 1492 189 3
845 211 1373 256 entre usted don Federico,
848 258 1429 305 toque usted ese instrumento
848 311 1430 352 mientras yo cojo unas flores
854 359 1404 401 de las mejores del huerto.
858 408 1302 447 Hizo lo que le mandó,
858 456 1355 497 y apenas le vió adentro.
860 504 1364 545 cuando tirándo la puerta
870 553 1381 594 con tan voronil esfuerzos,
872 601 1385 643 uedando el golpe echado
862 648 1323 691 quedó Féderico preso,
867 697 1381 738 diciendole: aquí se pagan
866 745 1376 787 malicias y atrevimientos.
863 794 1443 833 De que oyó aquestas razones,
867 841 1449 882 tiró al suelo el instrumento,
866 890 1320 931 escarba, bufa y patea,
870 938 1399 978 parece un leon sangriento,
878 987 1379 1027 ura que se ha de vengar
871 1033 1401 1074 á pesar del mundo entero:
878 1082 1414 1123 si el papel no hubiera roto
867 1133 1431 1172 no se viera en este espejo.
867 1181 1349 1218 Ella se fué á su retrete,
877 1228 1373 1265 dejándolo en cautiverio.
878 1274 1379 1315 Cuando vienen á palacio
880 1324 1324 1363 visitas de caballeros,
877 1373 1336 1411 de señoras principales,
874 1420 1426 1459 de sus parientes y deudos,
879 1469 1381 1508 cuando preguntan por él,
874 1516 1367 1556 dice doña Inés á tiempo
875 1562 1481 1604 que le ha dado un accidente
883 1612 1457 1652 y un frenesí descompuesto,
883 1659 1393 1700 que allí lo tiene metido
888 1712 1292 1751 para tenerlo sujeto,
890 1756 1436 1796 que los regalos del mundo
891 1804 1419 1845 de sobra los tiene dentro.
892 1851 1415 1894 Desde entonces doña Inés
892 1900 1405 1942 despachó todos lo pliegos
895 1949 1507 1991 diciendo que está su hermano,
892 1999 1374 2039 melancólico y enfermo.
893 2045 1491 2087 De allí á seis meses se supo
895 2096 1457 2138 en la corte por muy cierto,
899 2144 1433 2185 como el campo se levanta,
898 2190 1385 2235 conviniéndose los reyes
899 2239 1467 2282 en dar treguas á la guerra,
897 2288 1445 2340 y que próspero y contento
