1765 2512
299 271 913 315 Aunque á su hermosura Mora,
303 330 849 374 le tiró el Amor sus flechas,
303 389 901 436 y fué, que informó un Cautivo
310 449 758 493 de la gala, y gentileza,
305 506 753 551 hermosura, y bizarria
304 565 838 609 á la hermosisima Ismenia,
303 623 815 669 de su Alteza por quien es
309 683 825 728 el que su amor atropella,
312 741 785 787 haciendo contra su Ley
310 800 751 843 mil repetidas finezas.
315 858 759 903 Embió un Embajador
312 916 887 963 con prevencion, y grandeza,
315 974 853 1021 la nueva de como estaba
315 1031 928 1084 por su amor rendida Ismenia.
315 1092 891 1139 Le despachó el Gran Sultán,
317 1150 829 1195 diciendo de esta manera:
321 1208 807 1254 Al Rey Felipe Segundo,
315 1268 813 1313 Señor de toda la Esfera,
324 1326 809 1373 cuyos soberbios Leones
321 1384 826 1430 amenazan mis Banderas!
329 1442 910 1487 salud, por que el Grande Alá
325 1500 855 1546 te guarde de mi soberbia:
333 1558 924 1605 Sabe, que informado he sido,
329 1617 835 1663 como de justo te precias,
333 1675 808 1726 y te guardan el decoro
332 1734 901 1781 los Reyes de agenas tierras.
330 1794 816 1841 Yo procuro tu amistad,
337 1852 865 1904 y si tú aquesta conservas,
339 1910 866 1959 te prometo dar á Francia;
329 1969 833 2019 á Holanda, é Inglaterra:
337 2028 823 2076 te daré treinta millones
339 2086 831 2134 en oro, plata ó moneda;
341 2145 881 2195 te daré treinta mil Turcos,
349 2204 939 2256 para que guarden tus tierras;
342 2264 851 2312 te daré doscientas Naves,
1025 264 1663 314 para que en tus Puertos tengas;
1029 325 1461 367 te daré la Casa Santa,
1033 382 1537 429 prenda que tanto deseas;
1025 440 1551 486 te haré dueño del mundo,
1032 497 1571 545 Dios Soberano en la tierra;
1031 558 1567 609 y para que el lazo estrecho
1029 616 1572 661 de esta amistad verdadera
1035 672 1571 721 se prospere por el Mundo,
1037 730 1577 781 pide mi hermana la Reina
1039 788 1603 838 Ismenia, flor de hermosura,
1044 847 1695 896 que el de Austria case con ella,
1049 907 1452 955 por estar aficionada
1048 965 1635 1011 de su hermosura y grandeza:
1044 1025 1570 1069 mi hermana te lo suplica,
1045 1082 1546 1128 yo te lo ruego de veras:
1051 1141 1575 1187 suplicaselo á tu hermano,
1050 1199 1617 1246 que me embie la respuesta,
1049 1257 1527 1305 y mira que soy Osmán,
1059 1315 1635 1363 que si arbolo mis Banderas,
1049 1373 1576 1421 el Sol volveré en cenizas,
1063 1432 1593 1481 y toda España en pavesas.
1063 1492 1633 1537 Con esto despachó el pliego,
1059 1550 1561 1599 con grandisima presteza
1059 1610 1486 1655 al Palacio de Felipe,
1069 1669 1666 1718 (que Dios en se Gloria tenga)
1061 1726 1569 1777 y viendo las arrogancias,
1062 1784 1594 1833 responde de esta manera:
1110 1902 1606 1948 Atí, gran Oosmán Muley,
1064 1961 1624 2008 Señor de todas tus tierras,
1073 2021 1525 2068 que la voluntad Divina
1067 2080 1599 2124 te pedirá estrecha cuenta:
1064 2139 1652 2182 me avisas como tu hermana,
1076 2197 1606 2243 que vive de amores ciega,
1069 2257 1677 2305 quiere casar con mi hermano:
