1737 2508
294 253 799 298 mórate allá, que tu Secta
287 312 800 357 no la puedo ver pintada,
293 371 842 415 porque mi Ley no lo ordena,
289 429 858 475 Dices mi amistad procuras,
298 489 761 532 me rio de tu soberbia,
304 547 812 592 y si quieres oro, ó plata,
306 605 866 647 yo te empedraré tus tierras.
304 663 823 706 Dices me darás á Francia,
306 721 800 766 á Holanda, é Inglaterra:
303 779 821 827 guarda tu bien tu corona,
315 837 809 883 que tengo gana de verla.
312 896 792 940 Dices me darás Bajeles,
314 955 851 1000 y gente armada de guerra;
312 1013 804 1056 tengo yo mas Españoles,
314 1072 866 1117 que tú Africanas Banderas,
321 1130 799 1174 Dices que la casa Santa.
325 1187 828 1234 que tanto deseo el verla,
322 1246 1002 1293 querrá Dios, que en algun tiempo
324 1306 810 1348 te derribe esa de Meca.
311 1364 821 1408 Duerme sobre tu corona,
319 1423 832 1469 y mira donde te acuestas
331 1481 860 1526 que tengo algunos Leones,
325 1540 947 1584 y me han dicho que lo sueñas.
330 1597 928 1645 Mi hermano á ti no te estima,
332 1657 882 1701 ni á tu hermana ver desea,
329 1715 828 1761 porque siguiendo tu Ley,
323 1773 830 1819 no puede casar con ella;
330 1832 867 1878 y no estimo tu arrogancia,
338 1891 829 1935 tus dádivas y promesas,
333 1949 857 1994 que sabes que soy Felipe
332 2010 932 2055 de Austria, por Mar, y Tierra,
343 2068 854 2116 y me crió el mismo Cielo
344 2129 805 2171 para rendir fortalezas.
343 2185 894 2229 Con esto Alá que te guarde
340 2246 953 2292 á tí, y á tu hermana Ismenia;
1026 255 1474 298 y si acaso te enojares,
1022 313 1532 358 embiarásme la respuesta,
1027 373 1570 415 que ya prevengo la Armada
1026 431 1568 474 por la Mar, y por la Tierra;
1027 488 1594 533 Con esto despachó el pliego,
1024 547 1557 592 el cual con gran diligencía
1022 606 1555 651 llegó al Palacio del Turco,
1029 662 1537 707 y luego le tomó Ismenia.
1033 721 1564 764 Viendo ya las arrogancias.
1033 780 1556 825 y lo que dá por respuesta;
1027 837 1508 883 no hay desatada leona,
1032 897 1573 940 no hay mal pisada culebra
1035 955 1569 999 no hay loba llena de rabia,
1042 1013 1659 1060 ni hay tigre con mas soberbia,
1046 1074 1561 1116 que con ella se compare,
1044 1131 1580 1174 se escupe, areña, y patea.
1048 1189 1600 1233 Manda prevenir su Armada,
1054 1247 1627 1291 que ha de llevarle las nuevas
1046 1305 1623 1350 al de Austria, como su amor
1048 1365 1536 1409 le paga de esta manera.
1046 1423 1596 1470 Ya se encierra en una sala,
1050 1481 1550 1525 se quita Luna, y Cimera,
1051 1539 1553 1587 y todo al suelo lo arroja,
1055 1599 1517 1645 y suspirando se queja.
1055 1658 1547 1699 Se viste jaco, y Marlota,
1056 1715 1643 1761 Turbante, Adarga, y Testera,
1060 1773 1516 1817 y una soberbia Celada,
1061 1830 1500 1875 y una Cimitarra fiera,
1063 1890 1574 1935 y mirándose á un espejo,
1058 1948 1578 1992 ha dicho de esta manera:
1069 2007 1586 2050 Yo soy Ismenia Otomana?
1062 2066 1620 2111 yo soy Reina de la Ciencia?
1063 2124 1571 2168 yo soy luz de la Turquia?
1063 2182 1545 2229 yo del Imperio Cabeza?
1065 2241 1562 2288 yo soy Madre del amor?
