1737 2508
1203 153 1419 307 Núm. 178.
322 1142 1423 1219 LA PRINCESA ISMENIA.
181 1274 1585 1348 VERDADERO, Y CURIOSO ROMANCE DE LA
178 1343 1571 1421 Princesa Ismenia, hermana del Gran Turco Os-
170 1413 1566 1492 mán, en que se declara, y dá cuenta de la Em-
179 1484 1573 1564 bajáda que embió Osmán á nuestro Rey de Es-
186 1553 1592 1633 paña Felipe Segundo; la respuesta que se le vol-
186 1626 1589 1707 vió; y el fin desesperado que tuvo la Princesa
290 1702 1481 1775 Ismenia, como lo vera el curioso Lector.
250 1906 795 1952 Ismenia aquella Otomana,
191 1965 677 2011 hija del primer Planeta,
202 2025 759 2069 que en el Imperio Otomano
195 2084 623 2127 fijó la basa primera,
199 2141 668 2186 Protectora de Mahoma,
194 2200 742 2246 Emperatriz de sus Tierras,
210 2261 660 2306 primogénita de Osmán,
922 1892 1515 1946 que en Constantinopla Reina,
925 1954 1357 2005 Carrosa de la fortuna,
916 2009 1491 2064 Reina de todas las Ciencias,
916 2073 1371 2122 Lucero de la Turquia,
915 2127 1527 2182 por quien su nombre veneran,
930 2185 1435 2239 y como estatua la adoran
930 2245 1432 2298 los Mártires de su Secta.
