1765 2512
151 278 780 319 Yo soy la que en hora y media
148 337 586 382 fabriqué la Babilonia,
156 394 783 439 con sus Torres muy soberbias?
149 453 703 497 mas cómo yo no me mato?
147 511 697 556 cómo España vive y reina?
154 570 679 615 juro por el gran Mahoma,
159 629 729 677 pues tantos su Ley veneran,
159 687 733 734 que no ha de quedar cogollo
158 746 758 792 en España, ni en sus tierras,
168 806 688 853 que mi furor no lo acabe,
169 865 791 914 que no lo abrasen mis fuerzas.
174 927 798 968 Al de Austria::: Pero que digo,
169 984 731 1030 que ya no puede mi lengua
164 1043 628 1086 relatar estas palabras,
174 1101 724 1143 porque la pasion me ciega,
169 1159 765 1206 porque su Ley yá me abrasa,
179 1218 803 1261 porque su amor me atropella,
178 1277 680 1323 y de mi amado enemigo
184 1337 688 1379 son tan terribles finezas,
187 1396 729 1442 que muero solo en pensar
181 1454 815 1499 que un Cristiano me desprecia.
188 1512 696 1556 Manda que la dejen sola
191 1571 695 1615 sus criadas, y doncellas:
183 1630 713 1675 se desnuda de sus armas,
198 1687 699 1735 diciendo de esta manera:
188 1747 771 1795 Los que leyeren mi historia
191 1806 757 1855 sabrán que muero por ella,
195 1864 725 1914 solo por guardar mi Ley,
198 1923 791 1979 porque el Alcorán lo ordena,
871 266 1365 314 dijo, y con su Cimitarra,
876 325 1371 372 sobre una nevada piedra
874 384 1385 430 de alabastro escribió allí
873 444 1447 489 con la sangre de sus venas:
877 501 1321 549 Aqui dá fin la que fué
876 562 1357 608 admiracion de la tierra,
879 618 1397 668 asombro de las beldades,
887 675 1419 727 de la discrecion la escelsa,
880 735 1455 785 á quien con valor la muerte
891 799 1393 845 llama la Otomana Regia,
888 855 1440 903 la que en Africanas Tropas
896 914 1443 964 mostró su valor, y fuerzas,
900 973 1436 1022 la que fue de las mugeres
896 1032 1387 1081 el crédito, y excelencia,
895 1091 1387 1145 y solo al Amor rendida,
899 1150 1476 1201 que es lo que todo lo impera.
899 1209 1376 1256 Cayó difunta en la sala,
907 1267 1425 1320 y al advertir tal empresa,
916 1324 1405 1375 quedan tudos en Palacio
903 1384 1538 1434 sin voz, sin alma, y sin lengua
908 1444 1425 1494 todos admiran, que tanto
915 1502 1399 1552 dominar el Amor pueda,
922 1559 1489 1612 que hasta con la vida acabe
921 1619 1389 1669 de tan soberana Reina:
924 1678 1573 1726 causa á su hermano gran llanto,
923 1737 1437 1790 y deja á la fama lenguas,
923 1796 1373 1846 y con esto aqui dá fin
922 1856 1500 1902 la gran Historia de Ismenia.
840 1981 963 2133 FIN.
791 2206 1030 2259 CARMONA:
405 2267 1415 2330 Imprenta de D. José María Moreno. Descalzas 1.
