1688 2444
1180 244 1444 283 Nùmero 367.
396 1333 1340 1415 DECIMAS TROVADAS,
157 1465 1553 1528 que cantan al valiente ejercito español vence-
254 1535 1448 1601 dor de la raza mahometana en Africa.
650 1781 1205 1824 Dios libre á los españoles
577 1835 1066 1877 de las terribles batallas,
578 1886 1100 1930 todos saldran victoriosos
582 1940 1094 1982 si nofaltan las metrallas.
224 2063 734 2115 Sagrada Virgen del Mar,
152 2116 654 2163 sois patrona de Almería
149 2172 710 2220 gracias á Dios, madre mia,
154 2222 611 2270 que se tomó á Tetuan.
151 2279 624 2325 Con mucho celo y afan
875 2076 1433 2117 te nombran ya las naciones
873 2127 1392 2173 por Madre de defensores,
880 2183 1397 2227 siendo tu hijo el tesoro,
879 2233 1416 2279 y de las manos del moro,
875 2291 1412 2333 Dios libre á los españoles.
