1334 1758
809 44 975 196 Núm. 101
315 152 798 247 ENTREMES
165 270 945 371 DE LOS PAGES
120 429 988 582 GOLOSOS.
371 605 756 643 PERSONAS.
217 681 590 741 Un Baron.
211 744 621 784 Don Toribio.
748 673 966 713 Dos Pages.
748 735 972 775 Una Muger.
89 869 911 909 Bar. Golosos, sepultura de meriendas,
218 915 931 954 con mis dulces haceis carnestolendas?
84 960 927 1003 Tor. Señor Baron de Breñigal, que es esto?
222 1004 585 1043 Usia descompuesto?
212 1049 523 1087 repórtese usiría.
80 1092 966 1135 Bar. Ya he dicho bue no quiero en cortesía:
214 1139 952 1176 dejadme, don Toribio, que no es nada.
93 1181 807 1222 Tor. Le han dado señoría sincopada?
85 1225 954 1266 Bar. Peor es mi desgracia y aun mas negra.
86 1271 998 1312 Tor. Le han dado á usia la muger con suegra?
92 1318 496 1355 Bar. Peor y repeor.
89 1361 584 1400 Tor. Qué es lo que pasa?
219 1404 799 1439 Piden los alquileres de la casa?
86 1451 500 1487 Bar. Recetara peor.
84 1492 930 1532 Tor. No haga visages; diga usía qué tiene?
89 1541 465 1576 Bar. Tengo Pages.
81 1581 837 1622 Tor. Pages tiene? Jesus! lindo regalo:
223 1624 927 1663 escupa usía, que ha mentado el malo.
87 1671 921 1711 Bar. Pages de quien no hay libre golosina,
