1355 1764
746 79 790 114 4.
296 123 1079 162 Tor Con ir á ver el vidrio está acabado;
434 167 1149 202 pero esta vez yo he de fiar los Pages.
294 213 1020 252 Bar. Ahora lo veredes, dijo Agrages:
424 252 1245 292 voló todo el almivar sin reparo, saca un vaso.
302 298 1245 338 Tor. No lo jureis, que el vidrio habla bien claro.
299 344 1080 382 Bar. Ni aun señal ha dejado su fiereza.
298 388 1085 426 Tor. Lo que yo les alabo es la limpieza.
296 430 1029 471 Bar. Lamiéndolo lo friegan á destajo
293 475 1135 515 Tor. Los Pages tienen lengua de estropajo.
298 521 1148 559 Bar. Lo que han dejado escrito y advertido,
423 565 1150 601 aun siento mas que habérselo comido.
296 611 845 649 Tor. Pues qué han escrito?
302 657 802 693 Bar, Porque no llegarán,
429 699 1143 735 como os dije, y el vidrio no probarán,
420 743 1205 779 mirad que es purga, en el papel propuse;
424 789 882 823 y aunque así lo dispuse,
428 834 990 867 habiéndolo lamido y apurado,
425 877 1120 912 han escrito despues; ya está mirado.
423 922 953 956 La golosina costárales cara.
300 966 993 1002 Tor. Por eso solo yo les perdonara.
306 1010 867 1044 Bar. Pues qué he de hacer?
307 1054 893 1091 Tor. Yo tengo un vaso lleno
437 1097 1118 1134 con almivar, decirles que es veneno
429 1142 1101 1178 que así se olvidarán de ser golosos.
306 1187 1085 1223 Bar. Eso como el rascarse los sarnosos.
309 1232 1230 1268 Tor. Pues cuando comen, como está advertido,
435 1276 1130 1311 siendo conserva nada habrá perdido.
307 1321 1143 1356 Bar Por si escarmientan seguiré el asunto.
313 1366 1236 1402 Tor. Llamad los Pages, porqüe vuelvo al punto.
567 1411 1009 1442 Váse y salen los Puges.
305 1454 1066 1489 Bar. Ha muchachos? ay tal bellaquería!
355 1500 658 1533 J. Usía llama?
355 1543 755 1577 2. Llama useñoría?
306 1588 1133 1624 Tor. Quién dirá que uno y otro mojigato
432 1632 1199 1668 en su vida han quebrado ningun plato?
