1334 1758
537 139 576 175 3.
88 197 720 236 Sale Page 1. Qué manda usía?
92 239 808 280 Sale Page 2. Usía qué nos manda?
95 286 582 324 Bar. Qué haceis afuera?
141 322 1041 367 1. En la mental vianda estamos contemplan-
230 375 525 408 do noche y dia.
92 419 630 456 Bar. Hay ganas de comer?
97 464 495 501 Los dos. Si, señoría.
98 503 937 547 Tor. Qué donosos, qué atentos y corteses!
237 553 601 588 muy espigados son.
97 599 595 635 Bar. Esto en dos meses.
143 637 934 678 2. El Baron, mi señor, por mas bonitos,
229 681 895 720 nos escojió entre diez caballeritos.
102 727 896 765 Bar. Su casa y golosina es bien notoria,
239 772 864 809 golosos son los dos de egcutoria.
107 821 512 853 Tor. De dónde son?
157 865 561 899 1. Nacidos y criados
241 899 937 942 en la Alcarria, y salimos desterrados
247 946 913 987 porque éramos golosos con esceso.
109 989 933 1031 Tor. Pues en la Alcarria hay mucha miel.
114 1043 401 1078 Bar. Por eso,
254 1077 1032 1121 que era mucha la miel virgen que había
253 1125 857 1165 y ellos la hacian mártir cada dia.
111 1170 765 1209 Tor Qué tan golosos han salido?
117 1207 1069 1253 Bar. Fieros: pintados se comieron dos fruteros.
116 1261 631 1297 Los dos. Suplico á usía::::
117 1309 576 1341 Bar. Vayan noramala,
252 1340 1072 1386 que haré que los azote el maestresala. vánse.
251 1385 962 1431 Para hacer esperiencias he dispuesto
260 1429 981 1474 un vaso de conserva, donde he pnesto
264 1483 704 1519 (por si alguno lo hurga)
261 1517 1030 1563 escrito en el bapel: mirad que es purga.
125 1563 1009 1608 Tor. Si con nombre de purga esta el almivar,
261 1617 714 1653 cómo lo han de probar?
130 1663 540 1699 Bar. Si fuera acivar
260 1702 889 1744 no dejaran de haberlo ya probado.
