1146 1765
632 19 663 53 7.
294 64 761 103 sorber dos veces á reo?
222 107 799 154 1. Es que tienes tú mas boca,
296 149 871 197 y yo he de dar sorbo y medio.
221 197 778 242 2. De esta muerte solo falta
306 239 862 282 que él postrer trago pasemos.
221 286 774 328 1. Este es el último, á Dios,
304 330 753 369 Dulce y regalado dueño.
168 378 654 416 Dentro Bar. Pages, ola.
218 420 602 463 2. El Baron viene:
310 463 719 501 qué hemos de hacer?
223 508 592 552 1. Buen remedio:
309 551 795 592 cuando dejaron el vidrio,
304 595 763 637 á los dos no nos dijeron,
305 638 806 681 que comer de la conserva
306 682 738 726 y reventar es lo mismo?
310 727 867 772 pues finguir que nos morimos.
306 772 856 816 y dar con su mismo enrredo.
216 817 753 861 2. Bien dices: pues á finjir.
388 859 915 902 Salen D. Toribio y el Baron
177 905 731 951 Tor. Por imposible lo tengo
312 950 865 993 que hayan probado el almíbar.
177 995 782 1039 Bar. Cómo habian de comerlo
313 1039 776 1081 si el veneno les finjimos?
312 1080 852 1124 Los Pages lloran, qué es esto?
315 1125 831 1167 les han hecho alguna burla?
182 1173 726 1216 Tor Poco ó nada sera ello.
181 1214 843 1261 Los dos. Nos comimos la conserva
316 1261 795 1305 y nos estamos muriendo.
174 1308 709 1350 Tor. Está contento usiría?
181 1347 852 1394 Bar. Don Toribio, estais contento?
181 1398 751 1440 Tor. O dejar de ser golosos,
309 1437 847 1479 ó contaros con los muertos.
182 1479 883 1529 Bar. Esto es probarles que el vidrio
313 1526 833 1570 despues nos le comeremos.
225 1569 873 1619 1. Ay qué me muero, Dios mio!
