1338 1751
911 96 981 138 13
257 157 737 201 de sesenta y ocho ó cinco,
262 204 855 248 y hasta este de treinta y cuatro,
261 254 763 297 tengo yo segun mi cuenta,
257 303 787 346 entre doce y cuarenta años,.
261 350 811 397 y aquesto los cumplo siempre
262 401 769 444 allá en el mes de los gatos.
267 449 789 492 Porque mire usté, mi padre
266 499 721 540 era su merced escribano;
288 546 769 589 como en el mes de Enero
269 598 751 637 suelen andar por tejados,
269 646 791 686 se enquillotró con mi madre,
274 696 771 737 que era Doña Ana Collazos,
271 745 723 784 muy naturales de Colcos,
271 793 723 832 parientes de los Lagartos;
271 840 805 885 y viniendo á echar la cuenta
264 892 743 931 yo vine á nacer por Marzo.
221 938 864 984 Juan. Este hombre es sordo ó loco,
271 987 773 1029 ó él está dado á los diablos;
271 1035 869 1079 pues si hablais de aqueste modo
261 1087 682 1128 se deshará lo tratado..
219 1135 798 1176 Zap. Eso hidalgo como el Rey,
274 1183 815 1225 que nací donde he nombrado,
278 1231 811 1273 donde el solar de mis padres
280 1280 805 1322 (no hablo ahora de zapatos)
273 1331 664 1370 es tan conocido, que
271 1379 801 1421 aunque murieren quemados,
268 1425 834 1469 hoy permanecen sus nombres
267 1478 782 1519 en una Iglesia estampados.
