1289 1751
980 139 1010 173 5
236 194 848 236 Sac. Buenos dias, seor Maestro
239 242 865 286 Zap. No señor, que en ellos ando.
243 290 869 334 Sac. Que tenga muy buenos dias.
238 339 800 383 Zap. No he podido remediarlo
288 390 817 431 porque he tenido que hacer,
284 437 843 478 vuelva usted dequia un rato.
238 486 843 529 Sac. Hombre, que no digo eso.
238 533 869 578 Zap. ¿Cómo qué? ¿no fué milagro
296 580 832 626 de Dios? si topa en el niervo,
294 634 671 673 volaba toda la mano.
243 681 819 725 Sac. Ay sordera como aquesta,
289 728 861 772 hombre estás dado á los diablos?
246 779 749 823 Zap. Con la lezna, si señor,
299 824 807 872 y entró mas de tanto cravo.
245 872 919 922 Sac. Hombre, por Dios, que parece
306 924 771 969 que tiras á darme chasco.
239 973 815 1018 Zap. Si señor, todavia escuece,
291 1020 812 1068 porque le he echado tabaco
293 1074 677 1117 y me hace rebentar.
246 1115 893 1164 Sac. Tú harás rebentar á un santo.
252 1166 858 1213 Zap. Descuide usté, que estarán
298 1218 731 1261 para la tarde acabados.
244 1265 850 1309 Sac. Acabado estés tú y tu alma:
294 1315 780 1358 sordo, loco, endemoniado,
294 1362 875 1412 ¿quién diablos te ha de esperar?
246 1411 875 1457 Zap. Ya los llevará el muchacho.
254 1460 854 1507 Sac. ¿Otra? por Dios que me dán
301 1514 733 1554 tentaciones de matarlo.
