1188 1758
393 139 433 178 8
353 191 874 228 porque mire usté que punta.
306 239 863 278 Vey. Mala punta en tu espinazo
346 288 881 325 se despunte, plegue á Cristo,
348 336 781 375 sordo, loco, temerario.
303 385 904 424 Zap. ¿El boticario? no es cierto,
351 435 779 472 yo me curé con tabaco.
313 482 905 519 Vej. Hombre, ¿quieres apurarme?
351 534 813 573 ¿quieres callar y dejarlo?
308 581 906 619 Zap. Si digo que no he podido:
351 630 874 669 ya los llevará el muchacho.
305 677 861 714 Vej. Vive dios... mas mejor es
352 727 873 765 el no hacer de aquesto caso:
352 777 753 814 ca, trabajad con brio,
358 825 930 865 que aquí os estoy aguardando.
307 873 1005 913 Zap. Luego á usté ya se lo han dicho,
570 923 894 959 Levántase riendo.
360 972 879 1009 que no está en hora ajustado;
356 1021 868 1058 mas tengo esperanza en Dios
351 1069 874 1105 tendrá buen efecto el causo.
309 1118 954 1155 Vej. Hombre, por las cinco llagas,
359 1166 876 1205 que me dejes con los diablos,
363 1215 931 1253 que despues que aquí he venido
364 1264 906 1302 pienso que me has infernado.
310 1313 897 1351 Zap. Pues usté me hará merced,
363 1361 815 1401 que si usté mete la mano
361 1411 816 1449 en ello, tengo por cierto
357 1461 883 1499 que ha de quedar ajustado.
318 1510 811 1551 Vej. Casamentero me hace,
