1188 1758
398 126 442 162 2
349 175 868 213 que no ha de tardar Susana
349 225 805 258 en venir por sus zapatos,
352 273 924 310 y en viniendo, dentro ó fuera,
343 322 905 356 habemos de echarlo á un lado.
490 417 979 455 Siéntase á coser y canta.
355 467 733 506 ¿Arriba jaramandina,
352 516 758 551 carriba jaramandaina.
355 563 812 601 «Escúcheme todo crudo:
463 662 997 697 Picase con la lezna y la tira.
304 710 831 746 Rep. Y el alma que te crió,
341 759 834 796 y el grandísimo borracho,
347 808 849 844 que á fé, á fé, voto á Dios,
349 857 900 894 que me he pasado una mano.
491 955 965 991 Al paño Juana y Susana.
301 1002 918 1039 Susan.  ¿No ves aquesto, Juanilla?
301 1052 867 1088 Juan. Todo, tia, loshe mirado,
342 1101 782 1136 y me parece muy bien.
300 1148 873 1185 Zap. ¿Si traeré yo aquí tabaco?
508 1245 929 1284 Saca un papel del seno
296 1294 872 1330 Susam. Si á la lezna así la riñe
342 1344 756 1381 se meterá un Zapato.
299 1393 914 1430 Juan. Tambien ella está culpada,
347 1442 874 1478 pues se vá del pié á la mano.
292 1492 911 1530 Susan. ¿Qué te parece del novio?
