1338 1751
1044 42 1089 192 14
382 165 949 203 qué hacienda tienes? qué años?
380 214 802 249 de dónde eres natural?
379 262 838 300 Y respondes con cuidado;
381 312 907 347 y luego que un buen vestido
370 359 830 396 le harás para desposaros.
375 408 833 445 Mira si lo has entendido
371 458 976 498 como lo he dicho. Zap. Mal ajo,
381 507 829 544 que á esto de matrimonio
375 555 800 591 tengo el oido tan largo;
373 604 838 639 de modo que lo primero
381 653 900 689 me ha de decir en llegando,
376 702 851 737 buenas tardes, y despues,
381 750 930 787 qué hacienda tengo? qué años?
373 798 786 834 de dónde soy natural?
373 847 845 888 y luego, cómo me llamo?
371 899 948 935 y que la haga un buen vestido,
375 947 810 981 no es esto? Susan Sí, sí.
332 996 572 1033 Zap. Mal ajo,
375 1045 878 1079 que se me abrió tanto oido.
330 1092 989 1131 Su. A Dios, que ella está esperando.
1102 1094 1192 1130 váse.
327 1140 765 1178 Zap. Verán la facilidad
366 1188 934 1227 con que respondo en entrando;
366 1237 868 1278 gran cosa fué el avisarme
377 1286 779 1324 para no poder errarlo.
466 1335 1044 1371 Sale Juana y hace una cortesia.
334 1384 925 1421 Juan. Este sin duda es el novio;
369 1433 855 1468 no me parece muy malo.
330 1482 948 1519 Zap. Ya sin duda habló conmigo,
