1217 1760
231 138 293 172 10
142 187 683 224 Zap. Ahi ha sido con un viejo,
196 236 670 274 que por poco no le mato.
136 284 710 321 Susan. Despacha, no digo eso.
134 333 840 370 Zap. Cómo qué, pues no alzó un pala
185 381 718 420 y me dió dos ó tres muertos?
135 431 740 467 Susan. Ella trae lindo despacho.
140 480 594 517 Zap. Eso mismo digo yo;
181 527 707 565 claro es que estaba borracho.
136 577 663 613 Susan. Quiero llegar al oido.
184 625 835 661 mira que te está esperando la novia
135 675 420 711 Zap. ¿La noria?
140 722 848 758 Susan. No, la novia que está esperando.
139 772 847 808 Zap. ¿La novia? ha, ya lo he entendido.
177 821 681 862 ¿Y qué tenemos del causo?
136 870 670 906 Susan. Que está á la puerta.
136 919 496 956 Zap. ¿Está muerta?
175 969 700 1007 ¿Se muere por mis pedazos?
184 1018 566 1052 Pero digo, ¿si conoce
183 1065 740 1103 que soy sordo con los diablos?
132 1114 760 1150 Susan. Mira para todo hay maña.
130 1162 758 1198 Zap. Hable usté un poco mas alto.
137 1210 705 1247 Susan. Para que no lo conozca
187 1260 686 1295 escucha lo que he trazado,
177 1309 779 1349 y ten cuenta, que ha de hablarte
186 1360 662 1394 todo lo que aquí te hablo:
175 1408 526 1444 lo primero, te dirá
184 1458 708 1493 buenas tardes (lo ordinario)
179 1507 643 1544 luego te ha de preguntar
