1217 1760
362 182 418 218 12
309 226 791 268 porque meneó los lábios,
311 273 753 320 ¿pero que fué lo primero
314 322 863 364 que habia de entrar hablando?
264 370 825 412 Juan. No tiene mala presencia.
268 418 870 461 Zap. Ansina, ya me he acordado:
309 469 815 511 Muy buenas las tenga usté.
308 512 983 559 y viva usté muchos años por el favor.
272 561 1042 608 Ju. ¡Ay señores, pues héle yo dicho algo
319 614 823 656 para que así me responda!
267 663 817 704 Zap. Eso estaba yo ajustando.
319 711 827 751 Tendré en muebles y raices
323 761 801 800 hasta mas de dos ducados;
319 808 841 852 porque tengo yo un majuelo
317 859 705 899 que le tenian tasado
323 907 821 948 en mas de noventa reales;
315 957 749 996 es verdad no vale tanto,
327 1003 805 1045 porque está ya de tal data
323 1053 822 1093 que le habemos descepado.
271 1100 848 1143 Juan. ¿Y á qué propósito ahora
320 1148 797 1191 me sale con eso, hermano?
271 1196 795 1239 Zap. Hasta ahora bueno vá:
1073 1177 1141 1230 ap.
323 1247 823 1287 bravamente se la entrampo,
323 1295 901 1339 porque ella es medio inocente;
325 1345 919 1387 pero aunque ella fuera un diablo,
323 1394 809 1439 ¿cómo habia de conocello
326 1443 807 1485 respondiendo tan al caso?
279 1491 1000 1533 Ju. Señores, qué hombre es aqueste?
1080 1474 1133 1527 ap.
276 1541 863 1584 Zap. A eso voy: yo nací el año
