1338 1751
1071 45 1100 200 9
373 174 809 213 por la mitra de Pilatos!
367 222 956 260 hombre, á trueque de no oirte
368 272 978 309 me iré aunque ande sin zapatos.
334 321 872 359 Zap. No tiene usté que volver,
377 370 880 407 ya los llevará el muchacho.
331 419 951 455 Veg. Mas que pierdo la paciencia
377 466 863 505 y te doy cuatro mil palos?
332 514 904 552 Zap. Muy bien dice usté en eso,
382 564 868 601 ya veo que anda descalzo,
380 613 888 649 mas mire usté una palabra.
333 660 1059 696 Vej. Déjame hombre, ¡hay tal pelmazo!
329 710 812 748 Zap. ¿Conoce ultra de ello
382 759 1051 797 que ella gusta? Vej. Por san Pablo,
381 808 916 844 que sino es de aqueste modo
1110 855 1202 891 dále.
380 858 892 894 no he de poder remediarlo.
326 907 933 944 Zap. Ayl valga el diablo su alma.
333 954 856 991 Vey. ¡Jesus y qué mentecato!
334 1003 956 1040 Zap. ¡Oh valga el diablo al Vejete
373 1054 926 1092 y que agudo que es de manos!
375 1101 794 1137 El la debe de querer
374 1149 932 1188 cuando tanto le ha enfadado,
373 1198 883 1238 que yo no le he dicho cosa
384 1247 854 1286 que haya podido enojarlo;
380 1297 790 1336 que por Cristo que...
332 1348 740 1384 Sale Susan. Lorenzo,
374 1396 808 1432 oyes, apriesa, volando,
379 1444 845 1482 ponte la capa, que viene
375 1495 878 1531 la novia hablando del caso.
