1289 1751
862 129 886 165 3
121 178 716 215 Juan. No me parece muy malo.
123 227 690 264 Susan. Pues ahora vete á casa,
170 275 732 312 que yo quiero hablar en tanto.
117 326 443 361 Juan. Adios, tia.
893 328 979 365 vase.
116 374 542 412 Susan. Adios, sobrina,
165 423 772 459 que muy buen lance has echado..
163 472 606 508 Ella nunca ha de saber
163 520 700 558 que es sordo su enamorado;
163 569 651 605 ahora bien, quiero llegar:
168 617 668 654 Seor Maestro, bien hallado.
396 714 707 750 Hácele cortestas.
121 763 745 800 Zap. ¿Qué ha de ser? Voto á dios
175 812 706 848 que no sé como un cristiano
170 861 842 898 tiene paciencia. Susan. Ya empieza,
179 911 649 946 que nada de eso te hablo.
128 960 681 996 Zap. Si señora, con la lezna,
175 1009 676 1045 y entró mas de tanto cravo.
126 1056 752 1094 Susan. Quién te dice nada de eso?
130 1106 772 1145 Zap. El hueso? todo hasta el cabo;
176 1152 608 1192 ate usté, por vida suya,
172 1202 645 1240 si acaso trae algun trapo.
138 1251 710 1288 Susan. Si haré: dirélo al oido
174 1299 702 1336 lo que con Juana ha pasado.
134 1348 750 1386 Zap. No importa que apriete usté,
179 1399 682 1434 mas vale que esté apretado.
134 1448 830 1486 Susan. Mira que he estado con Juana,
180 1494 708 1534 y acerca de tí la he hablado.
