1765 2512
241 333 737 370 Por la confesion saliste
194 382 705 419 de tu Dios ya perdonado;
195 430 777 467 no vuelvas, hombre, otra vez
192 480 603 517 a caer en el pecado,
250 526 807 563 Cuando poco ha te hallabas
196 577 634 613 tan infeliz en pecado,
201 626 679 661 y al infierno condenado
206 673 718 711 por el Eterno te hallabas,
197 722 640 757 tú que ya lo recelebas
193 770 730 807 al templo de Dios viniste,
199 818 720 855 luego que en el estubiste
198 866 664 902 confesaste de contado,
206 914 688 950 y de tu Dios perdonado
197 962 696 999 por la confesion saliste.
241 1010 731 1046 Hiciste gran penitencia
198 1058 658 1096 tu súplica el Cielo oyó,
204 1107 680 1144 por mil lados te probó;
206 1157 702 1192 mas usaste de paciencia;
201 1203 804 1239 viendo tú que con clemencia
206 1252 888 1291 siempre aquel Dios te ha tratado,
204 1301 764 1339 ante un confesor postrado,
205 1348 708 1385 de los placeres te vedas,
205 1397 807 1436 y entonces sabes que quedas
212 1446 728 1482 de tu Dios ya perdonado.
256 1494 800 1532 Lo que el mundo da de si,
204 1543 676 1582 bien lo sabes, pecador,
208 1592 656 1628 ¡llénete pues de terror
212 1640 644 1676 lo que pudo ser de tí!
209 1688 716 1724 entra en tu interior y di:
204 1737 704 1774 si yo le ofendo otra vez,
213 1785 676 1824 ¿qué seré de mi altivez?
205 1833 699 1871 Mas si té quieres salvar
206 1881 731 1917 lo que es á Dios agraviar
209 1930 794 1965 no vuelvas, hombre, otravez.
255 1978 739 2014 Por toda una eternidad
213 2026 760 2063 sentenciado ya te hallabas
219 2075 774 2111 al infierno, por que estabas
220 2124 703 2161 arraigado en la maldad;
213 2171 661 2209 mas tuvo de ti piedad
224 2220 745 2257 aquel Dios tan agraviado;
227 2268 807 2307 ponte á sus plantas postrado
215 2318 569 2360 y dile sin altivez
213 2367 653 2409 y no volveré otra vez
222 2420 630 2453 a caer en el pecado.
959 325 1456 365 Dice Cristo al pecador;
925 374 1455 417 ¡que seas tan poco atento!
922 423 1543 463 sin guardar los mandamientos,
919 471 1351 510 no te daré salvacion.
967 516 1517 557 Si el primer mandamiento
919 566 1571 607 no amas á Dios que es tu padre,
928 615 1392 655 ni respetas á su madre,
929 663 1425 702 serás hombre desatento:
919 711 1437 751 el segundo mandamiento,
928 761 1434 799 tú juras, pues, sin razon,
929 808 1339 846 ofendes aquel Señor
925 859 1385 897 que murió crucificado;
927 907 1461 943 hombre, déjate el pecado,
931 955 1407 992 dice Cristo al pecador:
969 1001 1478 1041 El mandamiento tercero
927 1051 1473 1090 veas si has estado en misa,
935 1100 1371 1140 si la oyes es deprisa,
940 1148 1364 1189 con sacerdote ligero;
935 1195 1513 1236 mira que esto clama al cielo,
933 1243 1429 1285 lo llenas de sentimiento,
930 1292 1466 1332 busca tu arrepentimiento;
939 1340 1407 1381 mira que el crucificado
937 1388 1533 1429 le dice á aquel que ha pecado,
937 1436 1471 1479 ¡que seas tan poco atento!
977 1485 1503 1525 Honrarás á padre y madre
937 1536 1436 1579 y en el quinto no matar,
938 1585 1407 1623 el sesto debes guardar,
929 1631 1475 1672 como todo el mundo sabe:
936 1681 1448 1718 no le robes nada á nadie,
935 1728 1425 1767 restituyelo al momento,
933 1775 1491 1815 mira que Dios descontento
939 1826 1327 1863 te dirá á ti pecador,
942 1871 1457 1913 no puede haber salvacion
941 1918 1569 1961 sin guardar los mandamientos.
990 1969 1375 2007 En el octavo verás
948 2018 1507 2059 si al prójimo no has mirado,
943 2069 1527 2110 y si la honra le has quitado,
953 2118 1361 2153 volverla procurarás:
951 2163 1418 2203 mira el noveno y verás
956 2213 1506 2252 aquel que le haces traicion,
956 2259 1447 2301 en el décimo aquel Dios
954 2309 1387 2348 te dirá muy irritado:
951 2358 1379 2398 si no dejas el pecado
952 2408 1381 2446 no te daré salvacion.
