1737 2508
224 312 759 350 En la Hostia Consagrada
181 362 625 397 está nuestro Redentor
178 410 680 446 tiene los brazos abiertos,
176 459 622 494 esperando al peeador.
225 506 774 541 Despues de bien confesado
171 554 682 592 llega el pecador al altar,
182 604 640 642 y recibe aquel manjar
185 651 659 686 de Jesus Sacramentado:
176 700 604 735 alli verás de contado
188 748 720 786 toma en tu pecho morada,
175 796 648 832 allí se queda encerrada
188 845 651 881 la Forma con tu Jesus;
187 893 699 928 que está tu norte y tu luz
181 942 702 977 en la Hostia Consagrada.
229 990 713 1025 Todo aquel arrepentido
190 1038 566 1074 llegáre de corazon,
191 1087 612 1123 y reciba aquel Señor
189 1135 746 1172 que se da á comer benigno;
196 1183 769 1221 es muy cierto y muy sabido,
192 1230 670 1269 que todo aquel pecador
194 1279 688 1317 que contrito y con dolor
192 1328 669 1367 recibe este Sacramento,
200 1375 732 1416 pues en este gran portento
187 1424 640 1468 está nuestro Redentor,
238 1468 796 1512 Se dá á comer muy piadoso
192 1520 725 1563 á el bandido y malhechor,
187 1569 695 1612 á el mas grande pecador,
186 1616 646 1661 á el tísico y al leproso,
188 1665 775 1709 á el que está en un calabozo,
194 1713 670 1758 lo visita y muy contento
194 1761 683 1805 este grande Sacramento
194 1810 753 1854 es mas hermoso que el sol;
197 1859 562 1905 para todo pecador
189 1908 702 1950 tiene los brazos abiertos.
234 1955 825 1999 Lleguemos pues de contado,
192 2005 556 2046 á recibir al señor,
203 2054 730 2097 que nos dá gracia y valor,
203 2103 722 2143 con el pan sacramentado.
199 2150 731 2192 Hombre, déjate el pecado,
199 2198 707 2240 no ofendas mas al Señor,
203 2247 710 2289 que te dá fuerza y valor,
205 2296 692 2337 y que te puede premiar,
207 2346 677 2386 tiene el reino celestial,
204 2394 644 2436 esperando al pécador.
940 307 1489 344 Sale el sol por la mañana
900 354 1368 392 algo triste y macilento:
907 403 1478 440 conforme va entrando el dia
906 452 1489 489 su hermosura va en aumento.
907 501 1457 539 El ruiseñor con su canto
901 550 1364 583 y tambien la tortolilla,
905 595 1328 633 anuncian con alegria
912 644 1450 681 del dia su hermoso canto:
911 692 1446 731 el niño despierta en llanto
903 740 1342 779 al eco de la campana,
905 789 1450 825 y como el néctar le mana,
899 837 1356 875 sácia luego el apetito,
911 886 1358 923 para bien del angelito
908 934 1443 974 sale el sol por la mañana.
952 981 1543 1018 El hombre que se dá al vicio
908 1029 1392 1070 ya á bebida ya á muger,
916 1076 1428 1116 ¿no sabe que ha de tener
913 1125 1388 1163 el infierno por hospicié?
907 1174 1492 1215 ¿Ignora que el dia del juicio
914 1223 1497 1259 teniendo á Dios descontento
905 1270 1426 1309 le ha de dar por alimento
908 1319 1448 1356 culebras muy ponzoñosas?
911 1367 1453 1404 Pónte á pensar tales cosas
917 1415 1395 1454 algo triste y macilento.
962 1463 1523 1501 Todo el mundo se despierta
916 1512 1440 1550 mil gracias le dan á Dios;
920 1560 1348 1598 padres é hijos en pos
907 1608 1493 1649 se presentan en sus puertas;
921 1657 1411 1695 otros agarran sus cestas
916 1706 1383 1744 con estremada alegría,
919 1754 1399 1792 la oveja sigué á su cria,
915 1801 1389 1841 el cencerro va sonando,
924 1849 1477 1889 cada cual se va marchando,
915 1898 1504 1938 conforme va entrando el dia.
961 1946 1531 1986 El alma que está en pecado
912 1996 1373 2035 está triste y horrorosa,
922 2043 1523 2083 y al mismo tiempo asquerosa.
919 2092 1567 2132 por que á su Dios ha agraviado,
919 2138 1427 2179 luego que ha considerado
918 2190 1379 2227 su frenético tormento,
929 2236 1452 2277 por medió del Sacramento
932 2285 1471 2325 se pone al instante en cura,
928 2334 1412 2373 y sramará Dios precura,
921 2382 1527 2423 su hermosura va en aumento.
