1765 2512
296 178 774 225 y á la muger dijo: vamos,
298 220 772 269 esposa, que en esta tierra
294 265 822 319 ya no estamos,muy seguros,
290 311 742 358 y se salen con presteza.
293 352 752 402 Marchan á la Andalucia,
288 398 862 450 y en Cúllar de Baza se entran,
294 439 790 489 donde estuvieron dos años
286 486 764 534 ganando mucha moneda;
296 529 712 575 luego le puso un figon
286 570 686 619 á la muger, y la deja,
290 619 797 669 y con tres amigos marchan
284 660 734 711 á Gibraltar de carrera:
288 705 688 751 estos eran andaluces,
284 753 821 800 y á la salida se encuentran
283 793 758 842 una partida muy grande
283 838 784 887 de soldados, y le cercan,
278 886 832 936 y él disparando el trabuco,
280 925 835 978 mató á dos, y con presteza
280 970 720 1017 le fué preciso escapar
280 1015 847 1066 sin las cargas, porque eran
280 1062 806 1111 gran número de soldados,
280 1108 883 1156 y él no paró hasta dar cuenta
266 1151 788 1195 á su muger, á quien dijo
274 1195 720 1238 cuanto referido queda;
270 1241 794 1286 y por no estar en recelo
267 1284 822 1332 se marcharon á otra tierra,
272 1328 791 1374 y en el camíno les piden
267 1372 722 1414 el pasaporte, y apenas
266 1416 664 1458 oyó esto la muger,
262 1460 732 1506 respondió con ligereza:
269 1505 690 1547 yo lo traigo; pero él
263 1548 903 1600 dió un brinco con tal violencia
272 1595 766 1639 que se los dejó burlados,
262 1639 786 1683 y no paró hasta su tierra.
255 1680 746 1727 Despues vino la muger,
260 1729 852 1774 y en este tiempo se encuentra
256 1769 858 1822 con el Mudo, que era amigo,
264 1815 794 1860 y este una comision cierta
256 1857 722 1903 llevaba para prenderle;
251 1906 798 1949 y con muy grande cautela
248 1947 702 1989 una hermana le contó
258 1990 720 2036 á Santa Cruz como era
251 2034 686 2080 el Mudo comisionado,
255 2081 741 2124 y que recibió cincuenta
257 2125 690 2167 duros de la comision.
251 2167 754 2213 Dijo Santa Cruz: quisiera
242 2211 736 2260 hallarle solo; y se parte,
248 2263 816 2307 y al otro dia se encuentran,
968 145 1062 183 4
1028 204 1629 260 y empiezan á conversar.
1028 245 1534 291 Dijo Santa Cruz: quisiera
1026 291 1587 344 que nuestras armas, amigo,
1028 333 1488 377 ostuvieran bien ligeras;
1028 379 1524 426 y tomando las del Mudo,
1022 419 1500 469 las disparó con presteza,
1024 466 1504 517 y luego tomó las suyas,
1024 511 1449 552 y con grande ligereza
1024 552 1518 604 preparó bien su trabuco,
1026 600 1464 643 y le dijo al Mudo: ea,
1024 641 1526 691 en este sitio que estamos
1018 685 1527 736 hemos de medir la tierra
1016 729 1504 779 tú ó yo, ó saca pronto
1016 773 1626 833 esa comision que llevas
1020 815 1548 871 contra mi; y él dijo Pepe,
1016 862 1528 911 por tu vida no lo creas.
1014 903 1512 954 Santa Cruz dijo: la sacas,
1008 946 1506 999 ó te saco de esta tierra:
1005 991 1518 1044 en fin, sacó los papeles,
1010 1040 1566 1091 y á Santa Cruz los entrega;
1006 1081 1582 1134 tambien le entregó el dinero,
1006 1126 1426 1171 y desarmado lo deja,
1004 1172 1414 1213 y con un pistoletazo
1003 1214 1596 1265 le hirió un muslo de manera
1006 1258 1506 1305 que no lo mató, porque
1002 1301 1436 1350 en el lugar lo dijera.
1008 1344 1512 1397 Y ahora, amados oyentes,
993 1387 1474 1438 aqui dió fin la primera
997 1433 1571 1486 parte; y en la otra segunda
993 1478 1446 1527 iré siguiendo la idea.
1143 1568 1514 1617 SEGUNDA PARTE.
1041 1654 1504 1704 Ya saben como quedé,
1000 1698 1518 1746 noble auditorio, empeñado
994 1745 1526 1793 que en esta segunda parte
996 1787 1422 1829 continuaria los casos
992 1830 1472 1878 del valiente Santa Cruz.
992 1874 1475 1922 Los montes atravesando,
993 1919 1508 1967 se marchó á la Andalucia
987 1961 1476 2009 con voz de comisionado
994 2007 1502 2060 con los papeles del Mudo:
994 2052 1496 2101 encontró con un soldado
992 2097 1464 2143 que á Malaga caminaba
980 2143 1631 2207 montando sobre un caballo
984 2190 1406 2230 y juntándose los dos,
984 2233 1498 2281 le pareció que el paisano
976 2275 1388 2322 seria algun desertor,
