1737 2508
197 195 615 232 Tómanle declaracion,
201 238 674 276 y él como inocente niega;
211 283 633 321 pero viéndose perdido
205 327 722 365 por la calumnia mas negra,
208 374 690 409 jura que se ha de vengar
207 418 730 452 de cuantos fueron su ofensa
201 463 652 496 como llegare á escapar
199 505 662 542 y quebrantando una reja
198 551 626 587 de la cárcel se escapó,
199 595 620 628 y comenzó su carrera.
204 640 692 673 Estando un dia en su casa,
204 683 708 716 oyó que á la puerta mesma
207 728 606 760 un hijo de un tegedor
206 772 636 805 escuchaba la conversa;
197 815 645 850 presumiendo Santa Cruz
208 860 588 894 que lo enviaba el tal
204 906 614 938 abrió la puerta al insta
203 948 591 982 y allí muerto se lo de
208 994 613 1028 con un fiero trabucazo
204 1038 644 1075 Dios en el cielo le tenga
206 1082 592 1117 Cometido este delito,
200 1127 670 1160 hubo de dejar la tierra;
199 1172 690 1206 se marchó á la Andalucia,
201 1214 738 1251 y al contrabando se entrega,
208 1257 653 1294 y se juntó con el Negro,
205 1304 769 1340 que era su amigo, y le cuenta
210 1348 598 1383 todo el caso referido,
208 1395 659 1426 y le dice que al tal Vela
204 1437 639 1470 entre los dos le darian
204 1481 648 1516 de balas una merienda;
208 1525 594 1557 y juntándose los dos,
197 1568 683 1606 á Pedralva dieron vuelta:
203 1613 667 1648 encontrarou á un criado
207 1657 807 1693 de Alberique, que á la hacienda
201 1701 680 1737 caminaba con dos mulas,
200 1746 661 1780 se las quitan, y le dejan
209 1789 699 1826 dicho, que diga á su amo
211 1834 730 1871 que Santa Cruz se las lleva:
208 1878 671 1912 tambien le quitaron otra
211 1923 662 1958 á un criado del tal Vela,
209 1967 772 2003 por quien supieron que estaba
204 2009 696 2045 en una heredad, y en ella
209 2056 638 2089 estaban cabando viñas
209 2100 657 2134 los jornaleros, y llegan.
208 2145 723 2180 Santa Cruz le dijo al Negro,
202 2189 647 2226 marcha por esa vereda,
207 2233 763 2272 y á aquel que yo seña te haga
211 2279 578 2314 derribale la cabeza.
923 195 1397 229 Las gentes los divisaron,
931 240 1394 273 y al punto dijeron: Vela,
928 283 1445 318 Santa Cruz viene con otro.
927 328 1404 362 Nada importa, dijo Vela,
929 371 1419 406 y al punto escapó á correr
927 416 1547 469 al tronco de una olivera,
931 462 1547 511 donde tenia lás armas;
935 504 1386 538 y sin que llegar pudiera,
875 545 1401 598 el Negro de un trabucazo
936 593 1362 626 le hizo medir la tierra,
864 621 1313 670 y lo acabó de matar
930 683 1545 737 Santa Cruz, y con presteza,
935 728 1547 778 marcharon á Chestalgar, ¡:
933 771 1549 816 y en una espléndida cena,
940 815 1513 865 aquella noche estuvieron, .
935 859 1545 912 y siguiendo su carrera,
936 903 1346 937 alscabo de pocos dias,
939 946 1549 998 que no sé cierto la cuenta, ..
935 993 1530 1045 le dió la muerte al pastor..
927 1037 1335 1069 que falso testigo era.
938 1081 1354 1114 Sabido esto en la Sala,
935 1125 1382 1158 comisiones,con presteza
928 1168 1264 1203 enviaron, pero el
939 1213 1404 1247 lo supo, y con diligencia
934 1258 1432 1291 para el puente de Bugarra
931 1302 1470 1334 tomó el camino, y encuentra
935 1346 1445 1379 unos miñones, que estaban
939 1390 1410 1424 en el hueco de una peña;
936 1435 1398 1467 luego su trabuco monta,
931 1480 1469 1512 echó un tiro, y con la fuerza
942 1521 1285 1556 del culatazo arrojó
927 1567 1404 1601 á Santa Cruz en la tierra;
931 1612 1546 1647 tambien se le fué el sombrero,
935 1653 1342 1688 y escapó con ligereza,
939 1700 1466 1735 travesando aquellos montes,
927 1741 1298 1777 á la Mojonera llega,
935 1784 1429 1821 y luego el amo le ha dicho
934 1833 1414 1865 como cruzaban las tierras
932 1876 1321 1910 unos cazadores, y él
939 1922 1424 1954 salió á buscarles y apenas
935 1965 1394 1998 les encontró, y el huron
940 2009 1462 2045 les pidió, luego le entregan,
943 2053 1442 2087 que al instante conocieron
937 2098 1350 2131 quién este sugeto era:
931 2143 1370 2176 á otro dia despacharon
943 2188 1359 2220 unas comisiones fieras
943 2232 1367 2266 de miñones y soldados,
936 2278 1435 2313 y él á Pedralva dió vuelta,
