1648 2400
119 98 582 143 quedará finalizado.
268 186 778 224 TERCERA PARTE:
153 277 672 315 Ya dige, noble auditorio,
116 322 700 360 en el segundo tratado,
112 366 665 403 que el valiente Santa Cruz
114 411 702 444 de Portugal de contado
102 455 688 493 marchó al reino de Navarra,
107 501 683 536 y volviendo al contrabando
108 543 590 578 andaba con dos amigos;
103 589 679 622 y chocó con los soldados
115 632 770 665 que fué preciso rendirse
107 676 623 709 y á la cárcel lo llevaron;
110 718 744 759 Santa Cruz se mudó el nombre,
104 765 684 800 y al instante se-ha llamado
108 809 737 846 Anton de Vicente Roja
107 854 601 886 y luego le sentenciaron
110 897 634 933 al presidio de Alhucemas,
105 941 595 975 y con otro fué llevado.
104 985 703 1024 Allá encontró con el muerto,
110 1030 572 1066 que servia desterñado;
105 1074 593 1112 este era de Pedralva
102 1121 673 1156 y luego le ha suplicado
108 1165 788 1201 que no descubra su nombre;
104 1207 644 1245 y que le sirva de amparo,
109 1252 469 1288 y lo hizo fusitero,
111 1298 778 1332 que van el campo guardando
102 1340 652 1377 haciendo la descubierta
105 1384 788 1422 dia y noche vigilando.
104 1428 703 1464 Y temiendo de que el muerto
112 1472 722 1510 le descubra, se ha pasado:
109 1517 635 1554 á los moros; pero luego
107 1563 777 1598 á un pueblo se lo llevaron.
102 1608 779 1644 y al cabo de pocos días:
104 1651 712 1685 un moro le ha preguntado
107 1695 776 1730 en que oficio se empleaba
107 1739 784 1774 en su tierra. Cirujano
101 1784 783 1819 luego al punto respondió;
109 1827 626 1863 dijo el moro: con cuidado,
106 1870 768 1911 que se halla un pariente enfermo
110 1914 623 1952 de locura; y si tus manos..
107 1961 618 1996 le dan remedio, prometo
103 2003 608 2042 que te será bien pagado;
107 2049 570 2086 dijo Santa Cruz que sí,
107 2093 786 2131 y al mismo tiempo acordando
103 2137 710 2176 de una cura que su padre
102 2182 579 2221 hizo con un mulo malo
816 55 886 87 7
839 100 1463 139 que tenia de lo mismo,
836 146 1460 183 y trajeron de contado
837 190 1459 228 el moro loco, y tomó
837 237 1461 272 un hierro en sus propias manos
837 279 1459 316 encendido, y cuatro cruces
840 324 1462 360 le formó y se quedó sano,
841 368 1466 405 aunque pasó gran martrio
843 411 1459 448 con la cura del cristiano.
837 454 1459 492 Corrió pues esta noticia
845 500 1455 536 por los lugares cercanos,
839 542 1465 580 y un dia en otro lugar
839 589 1469 624 á otro enfermo fue llevado,
835 631 1459 669 y le hizo una sangria
835 678 1459 715 del brazo izquierdo, y pulsa do
843 721 1327 760 con la lanceta, corto
839 768 1470 804 el nervio, y se quedó manco,
839 811 1467 848 y hubo de salir huyendo.
830 855 1471 892 así que se supo el caso
846 900 1461 936 y un dia en otro lugar
835 944 1467 980 á otro enfermo fué llevado,
841 988 1473 1027 que estaba del todo ciego;
827 1032 1469 1070 se ofreció luego curarlo
839 1077 1467 1116 y le puso prontamente:
837 1124 1468 1159 en el pescuezo un emplastío
838 1167 1469 1204 que le hizo saltar los ojos.
840 1210 1461 1248 al punto; peró: mivando
839 1255 1469 1293 los parientes tal efucto
839 1300 1477 1336 á la cárcel lo llevarón.
835 1347 1474 1380 Santa Cruz Tompió una reja,
831 1388 1469 1429 y al instante se ha escapados
835 1438 1473 1470 nueve dias por los montes
828 1483 1334 1518 continuamente ayunando,
836 1527 1266 1559 solo comia las yervas
840 1573 1438 1605 que se crian por los eampos,
830 1614 1328 1653 hasta qne á un rio llegó
827 1660 1300 1697 y tortugas iba asando;
830 1701 1478 1737 allí ebmió cuanto pudo,
832 1750 1472 1784 y fué en buseá de un hermanó,
835 1793 1478 1828 y supo que ya era muerto,
823 1835 1471 1872 y en un lugar ha eneontrado
837 1876 1479 1915 cuatro compañeros suyos
827 1924 1479 1959 y uno que Pina es llamado
823 1968 1470 2004 se vino con él á España,
833 2009 1477 2049 y los otros se quedaron:
834 2055 1477 2091 en una lancha vibieron;
827 2101 1476 2137 luego que desembarearon
825 2143 1480 2183 dentro de muy pocos dias
836 2194 1396 2232 en Villamarchante entraron,
