1752 2480
200 146 740 184 y al cabo de cuatro dias
207 190 762 222 marcharon con dos caballos
201 233 763 268 que quitaron de este pueblo,
209 276 779 313 y en Caudiel los dos entranon;
195 322 672 355 se dividen, y él marchó,
199 367 805 404 y á un labrador le ha mandado
206 409 713 444 que le acompañe, y le dió
208 454 756 488 tres duros, y le ha entregado
201 498 607 532 el caballo que quitó,
208 541 700 578 que se lo volviese al amo.
198 587 686 622 Se marchó con la muger,
203 633 700 670 y por los montes rodando
201 678 793 710 le dió el parto, y parió un hijo,
207 719 668 753 y á Requena lo llevaron
196 764 630 799 á recibir el bautismo;
201 809 673 843 pero luego aprisionando
208 852 652 887 á su muger, en la torre
207 897 654 932 de Serranos la dejaron.
196 943 736 977 Santa Cruz tomó el camino,
205 987 743 1020 y á la Francia se ha pasado:
203 1030 681 1066 hizo allí muchos arrojos,
206 1076 720 1113 tres veces fué aprisionado,
205 1121 659 1157 pero siempre se escapó;
197 1166 660 1200 mas en fin, ya sosegado
203 1209 565 1243 servia de cocinero
208 1254 710 1288 de una casa, y con el amo
206 1299 610 1333 una noche se enfadó,
175 1343 637 1377 e y á todos ha degollado.
201 1387 750 1422 Marchó á la ciudad de Brest,
206 1432 662 1468 embarcóse, y escapando
213 1476 637 1512 por Lisboa á Portugal,
204 1521 730 1557 llegó á España, y ha parado
207 1564 645 1601 en la insigne Talavera;
203 1610 640 1647 pero luego transitando
203 1654 693 1689 de Navarra el regimiento,
204 1698 731 1735 le ha conocido un soldado
212 1743 802 1781 que fué tendero en su pueblo
205 1786 683 1824 dicho Miguel Melenciano,
205 1830 700 1870 y le dijo á un compañero:
204 1875 725 1913 en este sitio he encontrado
204 1920 627 1958 al famoso Santa Cruz;
212 1963 665 2000 dijo el otro de contado:
203 2008 769 2051 ¿pues que tú bien le conoces?
209 2053 811 2090 Le conozco, porque he estado
211 2096 703 2134 en Pedralva de tendero:
204 2140 700 2178 asi respondió el taimado.
204 2187 724 2225 Luego que vino la tropa
907 90 973 126 8
931 144 1555 176 muy prontamente ha encargado
924 187 1423 222 á Valencia que le envíen
924 232 1436 266 la comision y el despacho;
923 277 1406 309 le enviaron prontamente,
935 319 1381 353 y el coronel ha llamado
923 363 1382 398 al comisionado, y dijo:
923 408 1415 444 ya puedes pedir soldados,
936 455 1342 486 y asegura esa prision;
934 494 1492 530 y él respondió: aun sobramos
932 540 1488 574 con dos que vengan conmigo
928 581 1502 617 y el descubridor. Y cuando
931 630 1300 665 llegaron á Talavera
926 676 1366 708 siete dias emboscados
929 720 1400 753 estuvieron; pero el ocho
927 763 1418 795 á ver la Virgen del Prado
927 806 1466 841 fué Santa Cruz á su ermita,
934 850 1417 885 y cuando volvió espiaron
940 892 1407 932 que á una puerta se paró
931 940 1488 976 que dentro estaban bailando;
931 986 1367 1022 pero el de la comision
931 1030 1446 1064 por detrás lo ha asegurado:
931 1072 1393 1108 de un empellon lo arrojó
927 1117 1467 1154 en el suelo, y maniatado
938 1161 1406 1196 diciendo que es desertor,
929 1206 1366 1240 á la cárcel lo llevaron:
931 1252 1305 1284 enviaron á Valencia
934 1296 1454 1332 por miñones y soldados
935 1341 1415 1377 y un escribano con ellos,
935 1384 1410 1419 alguaciles, y un paisano.
930 1429 1366 1464 Marcharon a Talavera,
935 1472 1383 1506 y del reo se entregaron.
937 1517 1382 1550 Lo llevaron á Valencia,
931 1560 1398 1596 y la sala ha sentenciado,
942 1606 1380 1638 vista y revista la causa,
938 1648 1440 1683 que lo saquen arrastrando
942 1693 1451 1728 y que muera en una horca,
931 1736 1409 1774 y su cabeza y los cuartos
938 1779 1417 1816 sean puestos en Pedralva
943 1825 1433 1860 y otros sitios comarcanos.
931 1870 1380 1905 Le leyeron la sentencia
935 1914 1435 1949 el dia dos, pero el cuatro
939 1960 1329 1994 de julio de este año,
943 2004 1541 2038 dió fin, en la plaza del Mercado.
933 2049 1391 2085 Aquí dió fin Santa Cruz,
933 2093 1387 2127 pero el Poéta postrado
928 2136 1404 2172 suplica que le perdonen
929 2183 1514 2217 los yerros de aquestos rasgos.
236 2200 1585 2362 CARMONA:—1861. Imp. de D. José M. Moreno, calle de Madre de Dios.
