1765 2512
282 102 726 143 hasta cuplir ocho años;
281 146 767 186 y por llamarse esta tierra
277 191 800 230 Santa Cruz del Marquesado,
288 234 839 278 cuando á su patria dió vuelta,
281 279 721 316 los vecinos Santa Cruz
280 325 730 360 le apodaron de carrera.
288 370 884 409 Sus padres, como es costumbre,
280 414 744 449 le onviaron á la escuela:
281 458 675 491 pasó en ella su niñez
280 501 746 540 con inclinacion perfecta,
282 546 776 584 y al cabo de algunos años
278 590 764 628 lo sacaron, porque pueda
275 634 706 670 ayudarles á sus padres
270 679 694 715 al cultivo de la tierra.
272 723 720 756 De este modo le criaron
272 767 822 807 sin menoscabar su hacienda,
276 813 770 847 hasta que Santa Cruz tuvo
280 854 758 895 veinte años segun cuenta,
274 901 744 940 y viendo su buena fama,
271 944 790 986 y la aficion que en él reina,
271 990 673 1024 puso rendido los ojos
272 1033 736 1072 en una honesta doncella,
275 1077 690 1114 hija de la misma villa,
272 1122 778 1159 hermosa como ella mesma.
263 1165 686 1200 Se casaron, y vivieron
269 1210 738 1246 como lo manda la Iglesia
272 1253 768 1292 tres años; pero el demonio
264 1297 780 1340 abrió en ellos tanta brecha,
276 1344 750 1381 que por ella á Santa Cruz
267 1387 729 1424 se le trastornó la rueda.
272 1433 756 1469 Y fué, que en dicho lugar
269 1476 742 1514 vivia un tal Miguel Vela,
268 1520 744 1558 hombre muy acomodado,
267 1566 767 1601 por cultivar mucha tierra:
264 1610 780 1649 llamó á Santa Cruz un dia,
264 1654 670 1693 y lo dejó en su tarea,
270 1698 683 1736 dirigiéndose á su casa,
264 1742 792 1781 donde á su muger encuentra
268 1786 722 1825 con su labor trabajando,
259 1833 701 1867 y con amantes ternezas
257 1876 666 1910 su intento la declaró
263 1921 907 1976 diciéndola que si llega
261 1965 899 2022 á corresponder amante
259 2011 910 2065 al amor que la profesa
256 2053 704 2090 se le ofrecia en un todo
257 2098 897 2151 cuanto su persona pueda:
256 2142 688 2182 ella respondió: Miguel,
258 2188 894 2226 no es de hombres de buena esfera
963 66 1058 98 2
1014 115 1354 151 el desear tal amor
1012 160 1592 197 donde no hay correspondencia,
1018 206 1448 242 y así pido que no pises
1016 249 1546 286 los humbrales de mi puerta.
1008 293 1428 331 Se fué, y al anochecer
1020 338 1494 375 Santa Cruz á casa llega;
1012 381 1502 420 la muger dijo: te encargo,
1016 425 1562 463 que por ningun modo a Vela
1014 469 1490 506 le trabajes: y él responde:
1015 512 1456 552 tútienes alguna queja:
1015 560 1453 593 y ella respondió: si vas
1008 605 1550 638 gran disgusto se me espera.
1014 645 1462 683 Y al cabo de pocos dias
1003 690 1474 730 á Santa Cruz buscó Vela,
1012 736 1496 774 quien no quiso trabajarle,
1004 780 1520 815 y al punto vengarse intenta
1008 823 1532 860 con la accion mas inhumana
1008 867 1507 904 que es posible otra se vea.
998 911 1583 949 Buscó un pastor que guardaba
1002 957 1428 991 una manada de ovejas
1000 1001 1442 1039 suyas, y le dijo: amigo,
999 1047 1486 1080 por mí una cosa quisiera
1001 1088 1658 1130 que hicieras, que importa muche,
1005 1132 1486 1168 y el Pastor le dijo á Vela:
969 1170 1472 1214 ya puede mandar, señor,
995 1220 1534 1259 que mi voluntad es vuestra.
998 1264 1480 1300 Pues mira: irás al rebaño
988 1310 1496 1348 mañana cuando amanezca,
992 1356 1448 1390 y degüella cuatro reses;
1002 1399 1502 1436 (esto ha de ser con cautela)
1004 1444 1472 1476 y en el recinto del monte
1002 1487 1480 1522 que Santa Cruz hace leña
997 1530 1410 1564 esconde con brevedad
992 1575 1414 1608 las tripas y las zaleas:
995 1619 1480 1656 esto ha de ser con sigilo;
995 1663 1649 1709 mira que nadie te vea.
998 1707 1452 1745 Previno cuatro testigos,
954 1753 1655 1796 con la intencion de si llega
992 1796 1657 1842 á llamarles la Justicia
997 1840 1649 1885 unánimes estuvieran
992 1885 1655 1930 en decir como ellos vieron
956 1930 1655 1972 que Santa Cruz las degüella
952 1974 1653 2016 y como escondió las tripas:
985 2018 1413 2055 y pieles en la maleza.
952 2063 1651 2103 sLe dió parte á la Justicia
954 2108 1657 2147 y á Santa Cruz preso llevan
984 2150 1440 2186 á la Cárcel de Pedralva,
980 2197 1646 2237 y asegurado lo dejan.
