1737 2508
191 221 764 259 y á una pistola echó mano:
192 266 786 303 viendo la accion Santa Cruz,
187 310 796 347 luego se amparó de un arbol,
188 354 680 391 y disparando el trabuco
192 400 704 436 en tierra lo ha derribado;
185 444 653 479 en la espesura lo metè
191 490 714 526 con una soga arrastrando,
196 533 589 568 al punto lo despojó,
191 574 698 615 y se le llevó el caballo;
185 620 552 654 los arreos se dejó
194 662 737 700 porque eran muy divisados.
189 707 730 743 Montó en el bruto furioso
192 752 743 790 llegó á Malaga, y entrando
184 796 732 837 en la casa de un jalmero,
188 840 687 878 le preguntó ¿para cuando
188 884 707 921 me hará usted un aparejo
194 930 743 967 para un potro de tres años
192 973 726 1012 mire usted que sea bueno,
191 1018 667 1054 redondo y bien aseado.
186 1062 633 1098 Dijo el jalmero: señor,
193 1107 731 1144 para la noche le aguardo,
203 1152 772 1190 que ya estará usted servido,
195 1193 731 1233 y con esto se ha marchado
193 1237 583 1276 á pasear la ciudad;
193 1280 647 1319 pero el jalmero villano
192 1326 617 1362 le pareció que seria
195 1370 737 1405 sospechoso el parroquiano:
197 1414 796 1452 se fué á casa de un alcalde,
194 1458 692 1494 diciéndole que ha llegado
192 1502 656 1538 á su casa un caballero,
201 1547 703 1583 y un aparejo ha ajustado
197 1589 751 1627 y que era el tal sospechoso
199 1634 780 1676 por andar muy bien armado,
204 1679 628 1714 y que lo mejor seria
205 1722 690 1761 prenderlo ó aprisionarlo.
194 1764 783 1806 Dijo el alcalde: zá que hora
192 1809 652 1845 se quedó determinado?
192 1853 697 1892 Respondió: al anochecer.
195 1897 763 1938 Por la tarde se emboscaron
197 1943 678 1979 el alcalde con su ronda
205 1986 726 2027 por todo aquel vecindado,
196 2031 678 2070 llegó la emplazada hora,
199 2076 630 2111 y así que lo divisaron
192 2118 666 2159 se le arrojaron encima,
195 2164 699 2204 y á la cárcel lo llevaron.
199 2209 635 2247 Aquí dijo Santa Cruz,
193 2252 792 2296 sirva mi industria de amparo,
191 2300 644 2336 y lo primero que hizo
872 168 938 201 5
917 219 1460 255 fué llamar á un escribano,
919 264 1517 301 que le hiciese un testimonio,
926 304 1446 346 pues queria despacharlo
916 350 1434 389 á Madrid, dándole queja
916 395 1452 434 al Rey de aqueste atentado
929 441 1438 477 que habian hecho con él
925 479 1490 521 pues era un comisionado
924 528 1395 564 de ese famoso bandido
924 575 1470 608 que Santa Cruz es llamado,
917 616 1483 652 y es del reino de Valencia.
923 662 1411 697 Al instante el escribano
923 708 1486 741 fué al gobernador diciendo:
926 753 1424 786 el preso que encarcelado
926 799 1426 833 está á la orden de usia,
925 843 1409 874 dice que es comisionado
919 886 1394 918 de ese famoso bandido
932 930 1508 964 que es del reino valeaciano,
930 976 1408 1008 y se llama Santa Cruz.
920 1019 1418 1052 Al instante se marcharon
920 1064 1414 1099 á la cárcel por el preso;
919 1110 1441 1142 los papeles ha entregado,
926 1152 1346 1186 le dieron la libertad.
928 1197 1386 1231 y satisfechos quedaron.
929 1242 1496 1274 Se fué en casa del jalmero
933 1283 1471 1318 y á la muger preguntando
931 1329 1466 1363 si esta en casa su marido,
927 1373 1385 1405 ella respondió: si algo
935 1417 1490 1453 quiere usted, en la alameda
924 1461 1394 1495 le encontrará paseando.
932 1506 1382 1539 Al instante se marcló,
931 1549 1560 1589 y en la alameda lo ha hallado;
927 1592 1350 1628 saludóle cortesmente,
925 1634 1411 1673 y hácia un sitio retirado
924 1682 1422 1720 le sacó, diciendo: amigo,
926 1726 1395 1763 el correspondiente pago
928 1769 1442 1805 vengo á dar del beneficio
931 1817 1496 1851 que vuesamerced ha usado;
925 1858 1393 1896 y sacando una pistola,
925 1903 1475 1940 le disparó, y lo ha dejado
927 1947 1367 1984 sin poder decir Jesus.
927 1993 1583 2028 Luego de allí se ha ausentado:
927 2037 1455 2073 vino al reino de Valencia,
919 2082 1483 2116 cuando, andaba amedrentado
931 2126 1455 2160 un tal Montes, que escapó
924 2171 1414 2206 de la torre de Serranos,
929 2213 1419 2250 y aqueste por sus delitos
921 2259 1351 2294 estaba ya pregonado:
931 2305 1474 2341 este á un sugeto de Chelva
