1765 2512
260 196 845 232 siempre le estaba insultando,
255 243 839 279 sacándole cántidades
259 286 809 320 con la muerte amenazando.
260 331 810 365 Buscó, pues, á Santa Cruz
259 376 759 410 y le contó todo el caso,
261 420 749 452 y le dijo: si te atreves
258 464 761 498 á tal sugeto matarlo
260 508 804 545 te daré seis onzas de oro,
259 553 748 586 y Santa Cruz aceptando
259 595 747 633 el partido, dijo así
264 641 784 679 pero sin premio ni pago.
259 684 780 722 Corrió, pues, esta noticia,
260 729 804 767 que á Montes participaron,
264 775 792 811 y un dia por su desgracia
264 819 760 853 estos sugetos. se hallaron
260 863 736 898 en término de la Yesa.
260 909 730 944 en una casa de campo:
262 953 754 985 y Montes á Santa Cruz.
260 997 756 1030 le disparó un trabucazo
256 1041 787 1078 antes que el otro lo viese,
261 1086 846 1120 y el tiro le hizo alto
262 1132 869 1166 y Santa Cruz montó el suyo;
265 1176 823 1210 y en un muslo le pegaron
267 1220 793 1254 las balas, y se escapó;
266 1264 850 1301 y fueron siguiendo: el rastro,
260 1309 804 1345 y lo hallaron casi muerto;
259 1353 723 1389 á la Yesa lo llevaron,
258 1398 762 1433 y á los dos dias murió,
256 1443 826 1477 Dios le dé eterno descanso.
264 1486 838 1520 Santa Cruz cobró el dinero,
263 1531 859 1565 y no se hablò mas del caso.
263 1575 708 1608 A Pedralva se volvió,
259 1619 823 1653 y vió que un niño pelando
264 1663 728 1699 hoja estaba cierto dia,
264 1708 776 1741 llegóse á él preguntando
265 1752 831 1789 que dónde estaba su padre,
260 1797 842 1833 y le respondió el muchacho,
264 1842 816 1877 que su padre estaba fuera,
264 1886 711 1918 y no vendria de rato:
262 1930 696 1965 dijole, no te menees,
268 1975 890 2012 y haz de tu padre el mandato:
260 2018 766 2053 en un trigo se escondió,
267 2062 834 2102 y el hombre vino cantando;
264 2107 804 2143 salió entonces Santa Cruz
260 2153 779 2188 con el trabuco montado,
261 2197 779 2231 y le dijo: esta es la hora
274 2241 786 2279 que tu vida fin ha dado.
271 2289 822 2320 Allí se lo dejó muerto
967 145 1000 179 6
995 190 1676 231 con un fiero trabucazo
987 233 1683 278 y con grande diligencia
986 280 1672 323 se marchó paso entre paso
992 333 1444 366 á unos que trabajaban,
994 379 1462 410 y les dijo que á fulano
991 419 1607 454 lo encomendasen á Dios
999 464 1680 496 que en aquel punto ha espirado,
992 507 1566 541 y lo ha muerto, porque fué
1002 551 1456 583 contra él testigo falso.
996 596 1480 629 Caminando á Chestalgar,
991 639 1558 674 encontró á uno, que al amo
991 686 1426 717 iba á llevarle la paga
987 730 1487 761 de la masía, que un año
990 772 1420 805 la debia toda entera,
995 803 1681 850 y el dinero le ha quitado;
992 849 1685 893 eran ciento y doce pesos
987 895 1680 941 y una esquela le ha entregado
993 951 1505 984 para su amo, y con ella
999 995 1464 1028 se partió desconsolado.
987 1031 1687 1072 Le entregó al amo la esquela,
989 1083 1586 1116 la cual decia en sus rasgos;
991 1125 1468 1158 señor mio, el portador
997 1170 1673 1204 de esta esquela me ha entregado
1000 1213 1490 1249 el dinero que en el dia
992 1258 1464 1293 usted estaba esperando,
997 1305 1519 1338 y le hará usted un recibo
1004 1349 1462 1381 de satisfecho y pagado;
993 1393 1557 1429 y en el mismo sitio espero
1002 1437 1678 1469 que usted me envie otros tantos
1002 1480 1550 1515 para mañana á estas horas,
991 1524 1672 1561 sin que me haga falta un cuarto;
999 1569 1520 1606 quien mas desea servirle,
992 1613 1530 1646 su atento y su fiel criado
995 1658 1502 1690 José Martinez de Andrez
997 1701 1498 1736 por Santa Cruz apodado.
1004 1735 1642 1779 Leyó pues el contenido
997 1777 1675 1826 y el tal sugeto enterado
1004 1825 1664 1869 sin dar lugar á que venga
1007 1879 1512 1913 el dinero le ha enviado.
1000 1922 1423 1956 A Portugal se partió,
1004 1952 1667 2000 entró á servir de criado
1010 1994 1685 2046 en casa de un mercader,
1007 2055 1476 2089 y saliendo con su amo
1001 2099 1456 2133 á cobrar cierto dinero
1003 2146 1592 2182 á un pueblo de allí cercano,
1003 2188 1423 2224 por robarle le mató,
1001 2233 1497 2270 y se le llevó el caballo.
1010 2280 1530 2313 Y en la etra tercera parte
