1737 2508
1223 26 1506 182 Número 230.
307 991 1406 1050 CELINDA Y D. ANTONIO MORENO.
149 1088 1575 1136 Refiérese el cautíverio de este y las amorosas ternezas dé está Argelina, y como
154 1131 1566 1177 la redujo á nuestra santa Fe, declárándole el nacimiento y muerte de Mahoma.
695 1130 1022 1288 PRIMERA PARTE.
187 1250 638 1287 Ayudado de Dios Padre,
143 1293 554 1331 Criador del Universo,
137 1337 509 1376 y su Hijo Seberano,
143 1381 582 1417 y del Espirita inmenso,
140 1426 678 1463 que en tres Divinas Personas
138 1469 674 1510 hay solo un Dios verdadero,
136 1512 597 1548 pues con este patrocinio
130 1554 616 1596 fijo tendré el desempeño,
142 1600 601 1637 para que mi tosca pluma
140 1645 618 1682 escriba un nuevo suceso,
137 1688 679 1727 que otro como él no se halla
132 1732 620 1769 en los Anales del tiempo.
132 1776 624 1812 Año de cuarenta y nueve,
129 1819 584 1855 sobre mil y setecientos,
129 1864 675 1901 de Enero á los veinte y cuatro
132 1908 590 1941 cautivaron un mancebo,
128 1953 624 1989 hijo de muy nobles padres
128 1998 588 2034 de la ciudad de Toledo,
129 2041 559 2074 y su nombre y apellido
128 2085 584 2120 es Don Antonio Moreno.
130 2129 558 2162 Este por cierta ocasion
128 2173 620 2209 salió de su patria huyendo,
124 2218 630 2254 fuese á Motril, y una tarde,
122 2261 619 2300 con otros dos compañeros,
121 2307 544 2341 se ha salido á divertir,
876 1259 1363 1296 en un barquillo pequeño.
876 1301 1342 1337 Por las cristalinas aguas
878 1344 1409 1386 se entraron el mar adentro;!
880 1388 1325 1426 descubrieron que venia,
882 1431 1374 1472 navegando á vela y reino,
874 1476 1300 1511 de moros una fragata,
877 1519 1310 1557 y los cautivaron luego,
880 1565 1320 1599 y los conducen á Argél,
876 1608 1401 1646 y en su Plaza los vendieron.
876 1652 1453 1692 Lo compró por suerte un moro
871 1697 1322 1732 á el Toledano mancebo,
865 1739 1286 1774 que le llaman Audalá
864 1784 1366 1823 hombre de mucho respeto
863 1827 1275 1861 el cual tenia una hija
869 1871 1472 1913 discreta y hermosa á un tiempo,
866 1916 1318 1951 la que llamaban Celinda
872 1960 1379 1997 y andan muchos Caballeros
862 2005 1348 2042 moros por casar con ella;
864 2049 1307 2082 mas hacía menosprecio
865 2091 1296 2126 de todos, porque tenia
866 2136 1352 2173 la voluntad y amor puesto
860 2180 1298 2216 en el cautivo cristiano,
867 2223 1391 2264 pues le amaba con desvelo.
856 2268 1292 2304 Un dia le llamó á solas,
852 2314 1372 2354 dentro de su jardin mesmo,
