1765 2512
146 112 573 150 le dice: Cristiano mio,
155 158 626 194 escuháme que pretendo,
152 200 592 238 que me digas la verdad
145 245 608 285 (la que de tí saber quiero
145 289 640 326 sijeres casado en tu tierra;
141 333 632 368 ó tienes allá algun dueño,
143 377 579 415 que te lleve la pasion?
141 422 655 456 Por qué me preguntas eso?
148 466 605 500 El Cristiano le responde.
144 510 650 544 Y ella dice: Porque quiero,
144 554 622 589 que tú te cases conmigo:
141 599 679 633 que es el empeño que tengo.
140 643 606 676 No soy casádo responde,
143 686 673 720 ni tengo en mi tierra dueño
148 730 587 764 que me lleve la pasion,
139 774 656 808 aunque tengo impedimento
145 817 569 852 para no poder casarme
142 861 563 896 contigo segun derecho
140 906 632 939 de mi ley que no permite,
144 948 656 986 que un Cristiano verdadero,
148 994 602 1029 que profesa la ley santa,
148 1038 546 1070 cometa tal desacierto.
148 1083 610 1115 Aquestos son los motivos
148 1127 640 1158 muy suficientes que tengo.
147 1170 632 1203 ¿Pues no puedes renegar?
146 1214 616 1247 No señora que no quiero;
140 1258 536 1295 que si yo dejo mi ley,
148 1301 524 1336 por gozar ese trofeo,
140 1346 542 1378 despues iré á padecer
140 1388 632 1427 eteruamente á el infierno;
143 1434 586 1466 si te volvieras Cristiana
146 1476 546 1510 casára contigo luego.
142 1519 642 1558 Yo no quiero ser cristiana,
146 1563 580 1597 dice la mora, que tengo
140 1608 589 1642 hecho el gusto de morir
142 1651 583 1686 en esta ley que profeso,
144 1696 698 1731 que estimo mucho á Mahoma,
150 1742 664 1776 y es un señor tan supremo,
144 1785 728 1820 que en saliendo de este mundo,
144 1827 618 1863 á todos nos lleva al Cielo.
146 1871 592 1909 Eso si, dice el cristiano,
140 1915 594 1953 sin que lo jures lo creo,
144 1963 614 1997 que le irán á acompañar,
146 2005 626 2038 pero no será á tal puesto.
144 2047 624 2082 Pues adonde? Y él la dice:
142 2095 614 2126 á los profundos Infiernos.
146 2137 668 2171 Calla, Cristiano, estás loco?
140 2183 692 2217 Que Mahoma está en el cielo,
146 2227 606 2261 y es Señor de lo criado,
149 2271 591 2305 y te juro por el mesmo,
146 2318 576 2354 si no reniegas de Dios,
879 106 1361 140 el castigo mas tremendo,
888 150 1402 184 que se haya visto en Argél.
883 193 1375 228 Mas la respondió Moreno:
877 237 1385 271 Pues yo no dejo á mi Dios
887 281 1420 317 por seguir á ese embustero:
886 325 1281 363 y sino escucha y diré
887 370 1317 403 de su fin y nacimiento.
887 412 1397 448 Malioma, cuando su madre
881 457 1422 492 le parió estando en el lecho,
883 500 1341 535 de un letargo que le dió
873 545 1404 580 Padre y Madre sé murieron.
877 588 1261 624 Un tio suyo buscóle
881 632 1407 667 un ama y dándole el pecho
886 676 1413 711 veia un Demoñio que estaba
887 720 1363 756 consigo á su lado puesto;
889 763 1327 797 Viendo el tio que salia
883 808 1327 844 tan pertináz y soberbio,
883 851 1407 886 le echó alcampo, y el oficio
878 895 1353 931 que tuvo fué de Baquero,
887 941 1364 974 y se amistó con un Monge
879 985 1269 1019 idolatra y hechicero,
879 1029 1367 1063 creyendo en sus heregías;
882 1073 1322 1106 y viéndole tan esperto,
885 1116 1425 1150 le habló con dulces palabras,
882 1161 1338 1195 dándolé malós coúsejos,
883 1204 1319 1240 y en breve tiempo salió
883 1246 1421 1283 mas que el Maestro, Maestro,
881 1291 1343 1326 y escribió su mala secta
883 1336 1381 1370 con tan viles documentos.
887 1381 1304 1415 Era muy enamorado.
881 1425 1301 1462 y un dia salió á paseo,
881 1467 1293 1507 donde vido una Judia
879 1513 1397 1549 primorosa y con requiebros
883 1556 1305 1593 solicitó su hermosura,
879 1600 1383 1637 con caricias y con ruegos.
888 1644 1402 1680 Ella dió cuenta á los suyos,
881 1688 1355 1728 y entre todos dispusieron
880 1732 1394 1767 darle la muerte á Mahoma:
879 1776 1308 1811 despues á ella dijeron,
878 1821 1346 1856 que lo llevase á su casa
877 1863 1327 1905 y escondidos estuvieron
884 1907 1414 1943 en un cuarto y de que entró
881 1952 1349 1988 salen y muerte le dieron,
873 1997 1359 2041 y cortándole una pierna,
881 2041 1393 2077 con mil olores la ungieron,
879 2085 1459 2124 y á unos cerdos luego echaron
875 2129 1385 2167 la demás parte del cuerpo,
883 2173 1341 2214 y selo comieron todo,
885 2218 1387 2255 hasta los mismos cabellos;
883 2262 1281 2303 y viendo no parecia,
892 2309 1413 2344 sus amigos le echan menos,
