1765 2512
118 65 522 102 Pues de ese modo pasó
120 105 514 143 aquel superior reflejo,
119 146 519 181 por donde su utilidad,
115 185 565 221 y don de poder inmenso:
128 224 542 260 como la nave que corre
128 264 454 302 ese cristalino velo,
128 304 576 340 quedando las aguas todas
126 343 590 382 sin señal de rompimiento;
115 383 494 421 asi este Misterio fué.
122 423 546 462 Ahora digo que lo creo;
118 463 542 501 pues si como dices, fué,
118 503 702 540 tengo en mi cuarto, me acuerdo
122 541 528 581 un vidrio en la celosia,
123 582 499 618 sin rotura ni agujero
116 623 524 658 y por él se entra la luz,
121 662 622 698 qu dándose el vidrio entero
125 700 614 740 dáme el agua del Bautismo,
118 740 546 776 que ser Cristiana deseo.
125 780 542 815 Y un Sacerdote cautivo
113 819 638 856 la administró el Sacramento.
120 859 617 896 Fuente, que lava la mancha
124 897 592 938 de aquel pecado primero,
115 936 467 972 y en Maria de Jesús
126 977 614 1016 le echó de Cristiana el sello,
114 1017 478 1051 y este secreto quedó
120 1056 570 1098 entre los tres encubierto,
120 1097 544 1135 y desposados quedaron
124 1137 561 1174 por la vo untad del cielo.
121 1177 572 1213 Sintiendose ella preñada
111 1216 628 1254 llamó á su esposo en secreto,
115 1257 433 1287 y dijo queria irse
112 1295 520 1332 á la ciudad de Toledo,
119 1336 550 1371 porque recibiese el fruto
115 1376 600 1409 de su vientre, el estupendo
120 1415 536 1451 lavatorio en Sacra pila,
113 1455 572 1491 con sus cristianos deseos.
116 1494 514 1529 En esto ya convenidos,
113 1534 580 1570 una industria dispusieron,
119 1575 561 1607 para engañar á su Padre;
117 1614 599 1646 metióse en la cama, y luego
120 1654 588 1686 que su Padre vino á verla,
118 1694 532 1726 algo penado, diciendo:
117 1733 575 1768 ¿Qué tienes, hija querida?
115 1773 579 1807 Yo, Padre mio, me siento
115 1814 564 1846 sumamente accidentada,
112 1853 533 1890 y por mi divertimiento
121 1893 548 1925 quisiera que me lleváras
121 1933 531 1964 á la quinta que con eso
112 1972 524 2005 discurro tendria alivio
111 2012 620 2043 de estas tristezas que tengo.
112 2051 553 2088 Se lo concedió su Padre,
119 2092 505 2125 y el viage dispusieron;
110 2133 684 2168 y un dia estando en la Quinta,
863 70 1267 106 á Maria le dió el Cielo
863 110 1292 145 los dolores de su parto
868 151 1310 187 y parió un Infante bello,
864 190 1326 227 hermoso á las maravillas,
866 230 1372 266 y estándole dando el pecho
874 269 1314 305 entró su Padre, y lo vido
869 307 1360 344 y dice: ínfame, qué es eso?
868 347 1296 385 Y le responde animosa:
867 388 1390 429 Padre mio este és tu nicto,
868 428 1314 468 Sábete que soy cristiana,
868 469 1288 506 y soy gustosa en serlo.
867 509 1432 545 Cris iana? que es lo que dices?
868 549 1351 586 Y has tenido atrevimiento
864 588 1286 623 para dejar á Mahoma?
863 626 1346 663 Cómo á mí me dices eso?
863 666 1302 704 Pues qué se dirá de mí
874 707 1320 743 entre moros, caballeros?
864 747 1286 783 Hé de quitarte la vida,
868 788 1414 822 y á ese niño que estoy viendo:
876 826 1452 866 que mas quiero que tú mueras,
876 865 1394 902 que vivir con tal desprecio:
872 905 1420 945 y echando mano á un puñal,
869 944 1370 981 levantó el brazo soberbio,
868 985 1441 1024 fué á dar un golpe á su hija,
868 1023 1362 1059 soltó de la madre el pecho
865 1063 1298 1098 el niño, y así le dice:
872 1103 1322 1139 Detente, querido abuelo,
864 1143 1376 1178 no me mates á mi madre,
863 1184 1488 1221 que es quien me dá el alimento;
864 1223 1282 1256 mira que te mira Dios,
869 1263 1349 1295 y el castigo tendrás cierto.
866 1302 1332 1334 Quedóse el moro confuso
864 1341 1310 1374 de oir á el infante tierno,
868 1382 1320 1414 de unos tres dias nacido:
864 1421 1327 1453 y viendo aqueste portento
872 1461 1314 1494 abrazó tierno á su hija;
872 1501 1382 1535 y despues besó á su nieto.
866 1541 1330 1571 Recogió toda su hacienda
865 1580 1392 1614 con gran cuidado y silencio,
869 1620 1340 1651 en una nave se embarcan
872 1659 1402 1694 Padre, Madre, Hijo y Abuelo,
864 1699 1316 1731 á Valencia arriban todos,
869 1738 1328 1772 y desembarcados fueron,
872 1778 1292 1809 se vinieron transitando
864 1816 1258 1849 hasta llegar á Toledo;
863 1855 1319 1888 hallando á su Padre vivo
864 1897 1268 1928 los recibió placentero.
870 1936 1288 1967 Al moro lo bautizaron
867 1976 1333 2006 y Juan de Dios le pusieron
868 2015 1328 2047 á el nieto Manuel de Dios,
864 2055 1361 2087 y quedaron muy contentos
869 2094 1266 2127 Y la pluma ya rendida
871 2137 1351 2168 pide perdon de sus yerros.
653 2227 1039 2273 CARNONA:=1891.
209 2286 1470 2336 Imp. de D. José María Moreno, calle de Madre de Dios, núm. 1
