1737 2508
159 96 589 130 y procurando buscarle,
163 141 543 173 casa la Judia fueron,
162 183 562 218 y preguntando por él,
156 229 695 264 les dice, que se fué al Cielo,
164 273 751 310 y estando aqui en mi presencia,
164 317 598 353 unos Angeles vinieron,
163 361 587 393 y arrebatado lo llevan;
154 405 602 437 mas yo que miraba esto,
158 449 662 483 me arrojé, y asi una pierna
153 492 730 530 muy fuertemente, y con recios
166 537 510 569 tirones se la saqué,
160 581 674 618 y ellos lleváronse el cuerpo,
156 626 619 658 y cuando ya iba volando,
156 669 648 702 me habló él, asi diciendo:
159 712 734 750 que en la gloria me aguardaba,
156 758 651 792 y para prueba de aquesto,
150 799 654 836 aquí está su misma pierna
154 843 608 879 se la miró; y la creyeron:
155 886 550 922 y la pierna que decia,
152 931 569 964 la llevaron y pusieron
156 974 586 1011 allá en la casa de Meca,
156 1019 649 1056 donde ignorantes y ciegos
146 1061 564 1096 adorais un zancarron,
156 1104 666 1145 pues èl está en los Infiernos.
150 1148 577 1184 Y esto lo podré probar
148 1193 684 1233 con un Autor docto y bueno;
156 1237 630 1276 este es San Pedro Pascual,
151 1281 646 1318 y en sus escritos discretos
146 1323 646 1364 se hallará aquesta noticia,
147 1367 622 1407 escrita del Santo mesmo.
152 1412 628 1452 La Mora que aquesto oyó,
147 1456 622 1495 le ha respondido: Reniego
152 1498 590 1538 de ese maldito Mahoma,
150 1541 641 1584 que ya seguirle no quiero.
146 1587 572 1624 Dime, dime de tu Dios,
150 1632 610 1673 que saber quien esdeseo,
152 1677 602 1715 Y en otra segunda parte
149 1723 558 1757 daré fin á este suceso.
287 1788 683 1824 SEGUNDA PARTE.
156 1840 626 1875 Ya dije en la primer parte
145 1881 620 1916 como se quedó en sileneio,
151 1921 594 1955 la respuesta del Cristiano
152 1961 516 1992 y la Mora con deseos
149 2000 576 2034 de saber quien era Dios,
147 2041 558 2074 buscaba lugar y tiempo
153 2081 600 2115 para hablar á su querido;
150 2121 580 2155 un dia logró su intento,
146 2160 537 2194 le llama, y asi le dice:
145 2200 661 2233 ¿Quien es tu Dios? Y contento
154 2239 610 2272 e respondió Don Antonio,
145 2282 620 2314 con Fé viva, ardiente celo;
892 95 1436 129 Es mi Dios un Dios tan grande
904 136 1368 168 que no conoce otro dueño
899 176 1318 209 una sustancia increada
899 212 1317 249 y para dejar conceptos
899 254 1294 289 Teológicos solo basten
908 295 1340 329 los materíales ejemplos:
897 335 1366 370 Búscame el poder mayor,
899 372 1346 411 y es de su poder diseño.
895 416 1246 451 Busca la sabiduria,
895 455 1408 489 y en él la encontrarás luego.
898 496 1343 529 De todas las hermosuras
904 536 1319 569 es el hacedor y dueño.
892 576 1364 609 Es la causa de las causas,
892 615 1326 648 y esos once pavimentos
897 655 1360 688 los mueve por su bondad.
890 695 1402 729 con tan bellos movimientos.
896 735 1307 766 De toda la tierra es
891 775 1354 807 Hacedor el mas supremo.
891 814 1414 848 no hay Planta, Flor, Animal,
891 855 1359 886 Astros, Casas, Elementos
899 894 1360 928 que no dependan, unidos,
892 934 1346 965 de su mandato supremo.
892 973 1362 1008 Es el premio de los justos,
899 1012 1328 1045 castigo de los soberbios.
887 1052 1396 1085 Padre, que nunca se acaba,
892 1091 1404 1124 Deidad, que no tiene miedo
891 1131 1384 1163 imcomprehensible infinito
895 1169 1442 1207 y aquesto es ser Dios perfecto,
899 1211 1366 1242 Tomó nuestra humanidad
898 1251 1358 1283 por grandísimos misterios
887 1290 1352 1322 que te declararé, cuando
896 1329 1376 1365 conozca ya los propuestos.
885 1368 1364 1405 Encarnó en Virgen divina,
896 1408 1336 1440 tan pura como los Cielos
891 1445 1419 1484 y mas que los Cielos mismos,
890 1487 1413 1524 pues quedó Virgen pariendo.
895 1526 1258 1558 Eso no, dijo la Mora.
889 1565 1282 1598 eso no puedo creerlo.
889 1605 1450 1643 Cuanto hasta aquí has referido,
885 1646 1296 1678 al punto te lo concedo;
891 1685 1399 1718 pero eso que ahora me dices
891 1726 1377 1761 nunca lo tendré por cierto:
888 1765 1319 1797 parir y quedar Doneella
892 1804 1306 1837 una muger, no lo creo.
892 1843 1368 1881 Pues bien lo puedes.creer,
883 1884 1304 1916 y nunca dudes en ello
888 1921 1339 1960 ó puede Dios ó no puede,
883 1962 1317 1997 el poder claro lo vemos;
883 2002 1370 2035 el no poder, no es posible
892 2041 1424 2077 porque puede como inmenso.
885 2080 1380 2114 Mas para que no lo ignores
892 2121 1374 2155 escucha este bello ejemplo.
884 2163 1402 2197 ¿No has visto por un cristal,
884 2201 1286 2234 sin lastimarse lo terso,
883 2240 1282 2275 penetrarse lá luz pura
885 2283 1371 2316 del Sol la Luna, ó Luceros?
