1737 2508
155 163 618 218 no viniendo aquí madamas
151 213 565 266 creo que son escusados,
155 259 591 314 tomando el mas superior,
157 307 669 362 con que admirados quedaron.
156 360 513 409 Finalizado el convite,
164 408 550 457 de todos acompañado,
168 452 653 503 vino á ver su amada prenda,
164 500 610 550 y el suceso le ha contado.
167 546 641 600 Sabremos lector, sabremos,
172 597 540 649 en su pecho colocado
178 639 623 697 trae la hermosa Gertrudis
175 694 541 744 un hermoso relicario;
176 739 595 792 cuya estampa manifiesta
180 788 531 839 ser el Divino Retrato
178 834 613 887 de la Reina de los Cielos
180 883 598 933 de pincel muy soberano.
187 932 559 981 Virgen de la Soledad,
184 979 602 1029 para su norte y amparo.
187 1026 581 1076 En fin, ya para saber,
186 1074 545 1124 y determinar el caso
186 1120 671 1171 de lo que habian propuesto,
187 1167 685 1220 determinaron que á un baño
189 1216 617 1266 fuesen, que será preciso
197 1265 593 1314 el que quede declarado
199 1314 559 1362 el dificultoso enigma.
200 1359 685 1411 Aquí fueron los quebrantos,
195 1407 596 1458 y las duplicadas penas,
200 1455 649 1505 como los copiosos llantos,
204 1504 673 1553 que hacen los dos amantes,
203 1551 597 1599 en ver que será llegado
203 1599 647 1648 el plazo de sus desdichas,
200 1644 659 1695 y la ausencia de su Cárlos.
199 1698 553 1743 A la Sagrada María
208 1743 635 1793 le ofrecen un Novenario,
211 1786 681 1840 le hacen grandes promesas.
214 1838 583 1889 Llegó el dia señalado,
212 1886 616 1935 en que se ha de ejecutar
206 1933 639 1982 la funcion de dicho baño,
213 1982 613 2029 Oh qué dolor causaria!
214 2026 711 2077 qué penas, y qué quebrantos
216 2075 664 2127 qué lágrimas tan copiosas
222 2122 661 2173 y qué tan tiernos halagos!
221 2171 681 2220 qué suspiros ! qué sollozos!
218 2219 655 2267 y qué tan dulces abrazos!
224 2271 604 2317 qué cariñosas palabras
864 134 1309 189 entre los dos han pasado!
868 183 1359 237 La Princesa dió á su amante
870 233 1290 283 en una bolsa encerrados
868 286 1301 331 diamantes de gran valor,
874 331 1272 379 para vivir con descanso
878 379 1285 427 lo que le quede de vida,
880 426 1309 473 y jamás se hallase escaso,
879 473 1288 521 En fin, se llegó la hora
880 519 1296 569 en que lo lleven al baño
884 568 1305 617 la Princesa á su oratorio
886 619 1248 665 se retiró con cuidado
888 665 1289 713 á suplicarle á la Virgen
884 716 1266 759 librase de riesgo tanto
888 762 1253 809 aquella pobre infeliz.
892 808 1315 855 Se llegan á él los criados
895 861 1249 904 á quererlo desnudar,
894 904 1383 951 pero él , mostrándose airado,
896 955 1279 1001 ha jurado por su vida,
902 997 1399 1047 que aquel que le fuese osado
903 1053 1242 1096 á tocar á su ropaje,
904 1097 1321 1141 que será muy castigado:
908 1146 1315 1190 y ninguno le acompañe,
907 1191 1382 1237 que será muy breve el plazo
907 1240 1387 1285 en que él al baño volviese.
903 1289 1263 1334 Se salió determinado
912 1336 1259 1381 aquel fingido varon
916 1383 1362 1428 por el monte atravesando,
920 1432 1313 1477 temeroso de la muerte,
914 1479 1346 1526 á la Vírgen implorando.
920 1524 1359 1575 Los vasallos , viendo que
924 1569 1461 1621 don Cárlos se habia ausentado,
922 1621 1336 1668 dieron crédito, que era
924 1665 1421 1717 lo que de él habian juzgado;
926 1713 1347 1764 pero Dios , compadecido
932 1760 1433 1812 de su riesgo, y su quebranto,
926 1811 1342 1859 quiso remediar su pena
930 1857 1398 1909 con un portento muy raro.
932 1900 1525 1955 Fué el caso, que andado el monte,
922 1954 1353 2003 á distancia de cien pasos
934 2003 1308 2051 ha divisado Gertrudis
928 2051 1360 2100 un Unicornio, que osado
932 2096 1376 2146 hácia donde esta se viene
936 2147 1334 2192 y confusa en este caso.
940 2193 1354 2242 sin saber buscar refugio,
936 2237 1439 2291 se arrimó á un prózmo árbol,
