1737 2508
372 1259 1388 1314 EL CASAMIENTO ENTRE DOS DAMAS.
204 1351 1550 1408 ROMANCE EN QUE SE FINALIZAN LOS SUCESOS DE ESTA PRINCI
208 1398 1554 1454 pal Señora, con el mas raro caso que han visto ios nacidos, como lo verá e
748 1448 1010 1483 curioso en esta
681 1534 1094 1574 SEGUNDA PARTE.
219 1673 713 1712 Hechas las célcbres bodas
215 1722 683 1764 con el fingido Don Cárlos,
220 1770 609 1811 aquella primera noche,
220 1818 609 1861 cumplidos los aparatos
224 1866 630 1907 que la funcion requeria,
226 1913 670 1955 fueron los dos desposados
226 1961 646 2004 con grandísimos placeres
226 2010 595 2051 retirados á su cuarto.
230 2056 689 2097 Entró el aya de la infanta,
228 2102 705 2145 que es quien la habia criado
228 2152 709 2193 por la muerte de su madre)
225 2200 673 2239 á despojar á Don Cárlos.
234 2250 612 2286 Muy propicia se llegó;
231 2296 670 2336 mas él la detuvo el paso,
233 2346 636 2385 diciendo : Señora mia,:
927 1667 1370 1703 el que os retireis encargo
932 1715 1342 1749 dejadnos solos, Señora.
932 1762 1342 1798 Obedeció á su mandato,
922 1809 1330 1846 y en una silla se sienta
932 1856 1323 1895 amargamente llorando.
940 1902 1403 1942 La Princesa, que aguardaba
935 1952 1368 1990 gozar los tiernos halagos,
939 2004 1354 2039 y delicias del amor .
943 2049 1355 2085 le dice: A qué aguardas,  Cárlos?
939 2093 1359 2135 No te vienes á acostar ?
939 2144 1439 2186 Qué mal suceso has logrado
945 2193 1403 2229 en ser mi querido esposo?
947 2240 1406 2278 Si no merezco tus brazos,
947 2288 1301 2325 la culpa no tengo yo
948 2336 1397 2376 de eso, mi querido Cárlos,
