1737 2508
1140 112 1308 150 Núm. 65.
360 1218 1434 1273 EL CASAMIENTO ENTRE DOS DAMAS.
152 1314 1505 1382 ROMANCE EN OUE SE REFIEREN LOS SUCESOS DE UNA SENORA
165 1359 1512 1425 aatural de la Ciudad de Viena, Corte del Imperio, y la varia fortuna que
258 1407 1419 1466 tuvo, habiéndose salido de su patria en busca de un amante suye.
634 1514 1027 1558 PRIMERA PARTE.
175 1656 643 1697 En la Córte mas suprema
171 1705 619 1743 en el mas luciente alcázar,
175 1752 641 1790 que guarnece el claro Febo
172 1801 547 1839 con sus tareas diarias;
171 1847 605 1885 En esta hermosa palestra,
179 1893 687 1933 que hace flores sus campañas,
181 1942 631 1981 formando cuadros amenos,
177 1991 633 2029 con diversidad de plantas,
183 2039 613 2077 conjunto de varias flores,
179 2086 692 2125 que hacen tejidas guirraldas:
185 2135 603 2171 En este esférico asiento,
188 2184 625 2221 en este non plus, ó mapa
188 2232 598 2269 está la ciudad de Viena,
187 2281 535 2319 capital, y real plaza,
899 1640 1341 1682 donde el gran Emperador,
896 1689 1297 1731 columna de la fé santa,
903 1736 1317 1776 tiene su sólio y asiento,
902 1783 1297 1825 por voluntad soberana.
900 1831 1305 1874 En la mencionada córte
897 1881 1235 1920 de sangre calificada,
907 1924 1379 1969 nació una hermosa doncella,
900 1973 1345 2016 en donde la mano Sacra
904 2018 1412 2064 se esmeró en dar perfecciones
899 2068 1365 2112 desde el cabello á la planta:
909 2117 1279 2160 pues parecia á la vista
907 2164 1406 2208 mas divina, que no humana.
907 2210 1363 2256 Fuése este hechizo criando
915 2261 1311 2309 con politica enseñanza,
