1765 2512
194 293 651 332 criado alguno, determiñan
206 340 579 383 el que pase la palabra
190 388 546 431 á casa del secretario,
183 435 608 478 y que lo mismo se haga.
196 484 581 523 Obedecieron propicios,
196 530 601 573 hasta que á don Cárlos manda
202 578 596 621 adornarse muy gallardo
200 623 701 668 desde el cabello á la planta.
196 672 655 715 Entró á ver á la princesa,
199 722 588 763 hizo las acostumbradas
196 770 497 813 cortesías, y llegó
203 818 633 860 al pié de la misma cama.
204 863 663 907 Presentólo en mano propia
204 912 623 955 nna compuesta guirnalda
203 965 560 1000 de suavísimas flores;
207 1010 609 1048 se mostró muy alentada
201 1054 705 1098 la dama, y mirando á Cárlos,
211 1104 657 1145 de aquesta suerte le habla;
215 1150 651 1192 Tú eres, Cárlos, el iman
215 1198 689 1241 que me tiene presa el alma,
217 1248 589 1289 por ti padezco, señor,
216 1297 635 1337 el rigor de tantas ansias,
213 1348 626 1382 yo me muero, y asi ya,
217 1392 699 1431 como juez de aquesta causa,
216 1440 603 1480 procura darme la vida,
217 1486 677 1527 doliéndote de esta esclava:
219 1533 721 1575 Le echó los brazos al cuello,
217 1582 630 1623 y tiernamente le abraza.
223 1629 669 1671 Cárlos , timido , responde:
228 1680 665 1719 señora, advierte y repara,
223 1726 769 1767 el que yo soy hombre humilde;
222 1777 590 1814 no determines osada,
223 1824 587 1862 sosiega de esa pasion
234 1872 603 1909 el mirarte malograda.
235 1920 632 1957 Vasallos tiene tu padre
230 1967 673 2012 que merezcan dicha tanta
912 282 1287 319 deja esa mala pasio n:
912 333 1290 368 mas ella determinada,
912 379 1348 415 derramaba algunas perlas
912 426 1349 464 por sus mejillas de grana.
911 473 1301 512 En fin, Cárlos se salió
914 523 1302 559 de la vista de la dama,
907 570 1325 607 la que quedó sumergida
913 614 1361 653 en el mar de su desgracia.
914 666 1334 702 El padre que todo mira,
913 715 1339 752 y en qué pendia la causa
916 762 1306 797 de la salud de su hija,
915 810 1310 845 mandó fuese ejecutada
914 857 1326 893 la boda con dicho paje;
915 905 1347 941 y asi claramente le habla:
924 953 1383 989 Cárlos, ya que así tu dicha
926 1000 1335 1037 te ha remitido á mi casa
924 1048 1316 1085 á cumplir la obligacion
924 1096 1372 1132 de servir á mi hija amada,
924 1144 1379 1179 y que he visto á punto fijo
932 1191 1328 1227 que se mira enamorada
931 1240 1370 1275 de tus prendas, es preciso
932 1287 1365 1325 las bodas sean celebradas,
936 1336 1360 1371 te puedes llamar dichoso.
927 1383 1322 1419 Repara, lector, repara
930 1431 1340 1467 cuál quedaria Gertrudis
932 1478 1407 1515 viéndose en confusion tanta
934 1527 1366 1562 si se descubre es perdida,
930 1573 1447 1611 no obstante al Príncipe habla
936 1621 1387 1659 con muy discretas razones,
931 1669 1381 1708 mas no le sirven de nada:
934 1718 1285 1755 aseguraron á Cárlos,
945 1766 1306 1803 temeroso no se vaya.
946 1811 1343 1850 Dejemos en este estado
941 1860 1335 1900 la relacion en sumaria,
948 1907 1386 1949 que en otra segunda parte
948 1956 1263 1997 quedará finalizada.
389 2227 1392 2277 Fin de la primera parte.
