1644 2448
106 186 457 223 el secretario mayor;
109 236 499 272 y por no hacer dilatada
108 284 523 316 la historia, digo, quedó
107 329 548 366 don Cárlos en dicha casa;
111 376 594 415 que conmutando su nombre,
111 424 593 461 por tal Cárlos se nombraba.
110 472 531 507 Tenia el príncipe invicto
103 520 526 557 una hija que era Palas,
101 568 568 603 por la hermosura y donaire
112 615 488 651 en su córte celebrada,
104 662 480 698 prima de la tal señora
110 711 500 746 donde Cárlos habitaba:
99 758 508 794 y viendo cómo se porta
104 805 552 843 en lo que su amo manda,
106 853 531 891 que era esperto en todos modos,
108 901 478 938 le regalaron dos galas;
100 949 458 986 iba Cárlos, paje ya,
100 996 504 1033 acompañando á su ama
96 1043 506 1080 en todas cuantas visitas
107 1090 514 1130 van y vienen á la casa.
103 1137 534 1179 Cayó la princesa enferma,
104 1184 518 1227 fué su prima á visitarla,
108 1232 506 1273 Cárlos en su compañía:
102 1280 478 1318 no refiero las estrañas
104 1329 478 1368 cortesías competentes,
100 1375 602 1420 que hizo Cárlos á las damas;
96 1422 560 1467 hechas distintas preguntas,
100 1470 543 1512 qué achaques son los que agravan
97 1518 449 1555 y molestan su salud?
96 1566 492 1606 Aquí la princesa habla:
102 1613 507 1655 Es tristeza la que tengo
96 1662 586 1703 aunque ignorada es la causa,
92 1711 512 1748 yo padezco, y no se qué
98 1756 609 1797 remedio aplique á mis ansias:
90 1804 530 1846 prima, dame tu remedio,
100 1852 460 1890 aquí la señora habla:
94 1899 544 1943 Siendo gusto de su alteza,
100 1947 536 1988 el que mi paje aquí haga
100 1994 442 2034 algunas habilidades,
104 2041 558 2082 Cárlos, mira que te manda
96 2090 602 2134 mi prima, de que la alegres;
94 2138 521 2177 obedezco, que se traigan
96 2185 502 2223 instrumentos aparentes.
95 2233 604 2276 Trajeron Guitarra, y Harpa,
93 2282 481 2319 dónde Cárlos se portó
828 183 1290 225 de manera, que la Infanta.
825 233 1246 271 si enferma se considera,
836 282 1250 319 mas enferma ya se halla
835 329 1244 367 de ver el arte, doñaire.
836 378 1264 416 el brio, el garbo, la gala
827 427 1199 465 y grandes habilidades
831 475 1298 508 que á Cárlos acompañaban.
836 522 1248 558 Tocó el reloj á las ocho,
824 570 1168 606 se retiran á su casa,
832 617 1272 654 quedó la Infanta doliente,
831 666 1212 700 herida ya toda el alma.
831 712 1302 748 Viendo el padre que su hija
822 760 1226 797 se miraba tan postrada,
822 808 1214 845 mandó como poderoso,
828 856 1248 894 el que una junta se haga
824 903 1217 941 de médicos, para que
824 951 1208 989 el mas sabio adivinára,
824 1000 1243 1037 la enfermedad por oculta
828 1047 1240 1086 Hacen diligencias varias;
824 1094 1231 1133 mas como era de amor,
828 1142 1204 1179 no conjeturaron nada.
827 1189 1269 1229 En estos grandes enigmas
823 1238 1274 1278 dieron forma, dieron traza.
818 1285 1280 1327 por acuerdo de un anciano,
824 1335 1228 1370 el que una lista se haga
824 1381 1254 1419 de los criados que sirven,
812 1431 1178 1469 y que cada dia vayan
824 1477 1218 1519 por su turno cada uno,
818 1525 1209 1563 á presentarle á su ama
821 1572 1306 1614 un ramo de hermosas flores.
820 1619 1284 1661 por ver si alguno le agrada,
815 1670 1306 1708 y que á este tiempo su padre
821 1718 1210 1753 á la vista de su amada
819 1763 1238 1804 hija, asista, sin que ella
822 1812 1280 1852 nunca alcanzase á ver nada
811 1860 1251 1899 y de aquel que recibiese
825 1907 1252 1950 las flores de buena gana,
815 1955 1235 1996 es el sugeto que quiere.
820 2004 1269 2045 Y dicha astucia formada,,
826 2051 1136 2086 empezaron á venir
820 2099 1196 2139 los criados de la casa,
815 2147 1304 2190 no admitiendo de ninguno,
823 2195 1246 2232 si antes los despreciaba.
823 2242 1137 2281 Finalizada la lista,
819 2291 1294 2330 no quedando ya en la can
