1765 2512
155 294 635 348 por qué te afliges, mi bien?
156 342 592 397 Le respondió suspirando:
163 389 649 444 Señora, advierte, y repara,
159 440 571 490 lo fúnebre de este caso.
169 486 627 536 Yo soy mujer, como veis,
163 536 541 588 que mi rigoroso astro
171 581 627 634 á este punto me ha traido.
167 630 599 679 Dejé mis padres amados,
176 680 591 729 por buscar un caballero,
173 724 623 778 que es mi amante en sumo grado:
175 773 633 824 he andado diversas tierras;
175 820 625 872 he andado reinos estraños
178 870 589 919 en hábito de estudiante,
179 916 653 967 y no habiéndole encontrado,
179 964 617 1013 á buscar mi conveniencia
180 1011 597 1061 á este paraje he llegado
187 1062 561 1109 con el traje de varon,
188 1105 617 1157 hasta la fecha he pasado:
185 1154 657 1206 y pues su Alteza me estima.
191 1202 605 1252 hágase el mismo reparo;
191 1253 623 1299 que si me descubro, soy
201 1298 641 1345 perdida, y así le encargo,
201 1342 697 1394 dé forma de que me ausente.
202 1390 719 1444 La Princesa así le ha hablado:
196 1442 621 1488 PPues mira, querida mia,
198 1485 637 1538 lo que me has participado
203 1535 661 1585 será algun grande misterio,
197 1583 565 1634 y con sigilo, y recato
201 1632 581 1681 haremos vida gustosa,
203 1675 691 1730 que es tanto lo que te amo
205 1723 657 1776 que teniéndote á mi vista
207 1771 681 1824 no quiero mayor descanso.
212 1821 625 1873 Amaneció el dia alegre;
212 1869 621 1919 entró el aya de contado,
211 1919 633 1971 y preguntó á su señora,
216 1966 599 2014 cómo lo habia pasado
214 2012 625 2061 aquella noche de novia.
211 2059 639 2109 En varias cosas hablaron
215 2107 641 2158 aquí la hermosa Princesa
223 2154 636 2204 fué preciso el declararlo
231 2204 644 2251 todo este dicho misterio.
221 2255 583 2300 hízole preciso cargo,
232 2302 639 2349 que le guardase secreto,
223 2348 567 2400 y tuviese separados
227 2399 597 2444 espias por novedades.
881 264 1308 316 que supiesen en Palacio.
890 309 1396 361 con el nombre de su esposo
884 362 1297 411 hasta dos años pasaron;
883 410 1335 457 y viendo todo el concurso,
887 457 1269 506 y número de vasallos
892 504 1331 553 que pasado dicho tiempo,
882 553 1273 601 y no se ven coronados
889 596 1383 648 con el sucesor que aguardan;
896 643 1391 695 ni que tampoco á don Cárlos
899 701 1245 741 bozo, ni barba salia,
888 745 1342 790 se hacian discursos varios.
902 791 1343 837 Determinan muy gustosos
900 839 1310 885 llevar al Principe Cárlos
893 887 1310 934 á un jardin á divertirse,
901 931 1371 983 por ver si le agradan ramo;
901 979 1395 1029 de flores, que es de mujeres
909 1030 1263 1078 aplicarlas de contado
908 1077 1367 1125 á los pechos, ó en el pelo,
916 1125 1263 1173 para dejar declarado
913 1168 1408 1220 si era hembra, ó si es varon
917 1223 1301 1266 el aya les ha contado;
911 1268 1359 1314 del enigma que procuran;
920 1315 1297 1361 de proviso le avisaron
915 1363 1299 1409 á Cárlos, y ella sagaz
920 1408 1386 1457 ha propuesto á los vasallos
920 1456 1337 1505 dentro del mismo jardin
927 1501 1437 1553 que no era esto de su agrado,
928 1552 1336 1601 que su mayor diversion
931 1601 1299 1648 era salir á los campos
935 1650 1333 1695 á cazar con la escopeta,
934 1691 1388 1742 mas confusos han quedado
931 1740 1421 1792 En fin, por no ser molesto,
938 1790 1337 1839 otros dos años pasaron,
936 1837 1363 1887 en los cuales determinan
936 1886 1322 1935 hacer un convite vario
940 1933 1343 1983 en el cual han de poner
936 1983 1319 2031 asientos altos y bajos:
939 2033 1315 2082 y que si bajo eligiese,
943 2077 1325 2126 era mujer, y mirando
939 2127 1351 2174 el aya lo que disponen,
947 2174 1399 2220 de todo cuenta le ha dade
947 2222 1361 2270 Al Principe lo convidan,
947 2271 1323 2318 el que ya iba avisado,
952 2314 1422 2369 tendió la vista, y ha dicho:
951 2371 1357 2416 aquestos asientos bajos,
