1752 2480
217 232 819 280 TROVOS NUEVOS Y DIVERTIDOS
438 322 468 358 I.
160 370 785 420 A un jóven y á un viejo quiero,
122 421 601 469 aunque con distinta ley,
115 468 677 518 quiero el jóven por su cara,
119 517 623 569 y al viejo por la del rey.
166 566 645 611 Es mi carácter grosero,
119 615 583 663 no lo puedo remediar,
119 666 581 713 y mi genio placentero;
123 716 509 763 y para especulizar,
122 760 757 807 á un jóven y á un viejo quiero.
163 811 709 855 Soy mas tenaz que Muley,
135 858 681 901 y voy siguiendo mi intento,
127 906 737 952 tengo mas calma que un buoy
130 955 727 1000 y á los dos doy cumplimiento,
135 1005 635 1049 aunque con distinta ley.
184 1051 692 1095 Es en el mundo muy rara
128 1101 617 1145 la que suelo despreciar;
135 1151 617 1192 con el interés soy clara,
131 1201 643 1247 pero en tocando al casar,
141 1247 688 1294 quiero al jóven por su cara.
181 1296 663 1339 Aunque me pretenda un Dey,
139 1346 671 1388 con su opulencia y su oro,
134 1394 647 1435 no he de faltar á mi ley;
139 1439 689 1486 por su cara al mozo adoro,
139 1491 617 1535 y al viejo por la del rey.
455 1588 499 1624 II.
195 1685 732 1726 El que quiera vivir mucho
150 1735 727 1775 ha de huir lo mas que pueda,
150 1781 564 1823 de médicos y boticas
146 1831 726 1872 pepinos, melones y hembras.
199 1880 830 1920 Aunque me llamen no escucho
144 1929 664 1967 á las de catorce en cesta;
148 1976 701 2017 guarde entero su cartucho,
155 2025 653 2064 ande con esta respuesta,
157 2073 683 2114 el que quiera vivir mucho.
200 2122 759 2162 Aquel que libre estar quiera
155 2171 708 2209 de practicantes y unciones,
153 2219 638 2260 no afloje la faltriquera,
851 311 1397 351 de las que piden doblones,
853 358 1429 402 ha de huir lo mas que pueda.
899 410 1411 446 Pájaro que mucho pica,
851 459 1310 497 en la red pronto caerá,
860 506 1366 545 el buen sentido le indica
854 556 1283 595 huir de toda manera,
864 604 1275 645 de médicos y boticas
897 652 1409 690 Si de mujeres te prendas,
862 703 1294 742 darás fin á tu caudal,
864 751 1386 789 déjate pues de contiendas,
851 797 1339 838 sabe que es perjudicial
855 845 1433 891 pepinos, melones y hembras.
1173 945 1241 984 III.
919 1090 1467 1136 Quién fuera mozo y casado,
871 1143 1371 1186 y confesor de las damas,
867 1190 1373 1229 cirujanos por las tardes,
865 1238 1419 1284 y médico por las mañanas.
921 1287 1403 1326 Paseando por un prado,
871 1333 1404 1376 ví un poeta en un balcon
875 1382 1361 1426 disputando con un sábio
885 1433 1301 1473 que decia con fervor,
885 1479 1424 1524 quién fuera mozo y casado.
924 1529 1357 1571 A todas las resaladas
869 1578 1403 1621 sepan que doy á entender,
885 1627 1406 1670 que para saber sus tramas
879 1678 1283 1716 mocito quisiera ser,
875 1724 1387 1765 y confesor de las damas.
928 1772 1381 1813 Paseándome una tarde
877 1822 1317 1862 por el paseo del rey,
882 1870 1409 1910 ví una mujer con donaire;
882 1921 1287 1959 por eso quisiera ser,
888 1967 1357 2009 cirujano por las tardes.
935 2018 1361 2054 Regocijate con galas,
887 2066 1313 2106 salada con tu querer;
893 2114 1323 2155 para visitar madamas,
881 2162 1313 2202 digo que quisiera ser,
884 2210 1389 2251 medico por las mañanas.
935 2305 1551 2350 Imprenta de D. José María Moreno, calle Madre de Dios número 1.
