1765 2512
252 144 282 181 2
207 194 690 233 Gozé de lo que tuvistes
158 245 610 282 en la flor de tu niñez,
157 291 631 330 ya no tendrás otra vez
162 341 777 381 que dar lo que á mi me distes.
195 388 675 427 Tú por haber acertado
163 437 630 475 al dejar mi fino amor,
159 484 680 527 por no mezclar el dolor,
159 532 708 576 si piensas me he agraviado,
153 582 708 624 antes contento he quedado
151 632 768 672 mas que cuando me quisiste;
159 679 702 722 ahora que me aborrecistes,
155 727 656 769 y no haces caso de mí,
161 776 718 820 cuando de tu amor vencí,
152 827 634 863 gozé de lo que tuvistes.
194 873 648 912 Bien sé á quien tienes amor,
147 925 727 963 y á quien amas con gran fé,
149 973 630 1012 pero de lo que yo gozé,
149 1020 610 1060 lo primero y lo mejor,
156 1068 562 1108 y que yo cojí la flor,
151 1118 631 1157 y quo yo rompí el arnéz
149 1168 594 1205 si por una y otra vez
152 1215 582 1254 otro te goza marchita,
145 1264 566 1301 yo te gozé tiernecita
156 1312 578 1350 en la flor de tu niñez.
201 1361 650 1400 Antes eras tú la diosa,
144 1410 678 1450 la estrella mas reluciente,
148 1458 682 1500 la mujer mas competente,
162 1507 658 1546 que la envidiaba la rosa:
148 1553 628 1596 no te quise por esposa,
157 1603 609 1645 vide la luna á tus piés,
155 1653 604 1692 me rendí como cortés;
151 1701 676 1741 que otro goze tus favores:
154 1751 705 1790 mas por tus malas acciones
155 1799 603 1838 ya no tendrás otra vez.
208 1849 600 1887 Adios discípula mia,
146 1896 700 1939 á quien yo enseñé á querer,
148 1945 584 1984 la rosa que marchité,
151 1994 674 2031 y á quien de veras queria:
143 2044 591 2081 y tú por tus tonterias
143 2092 634 2130 admitir á otro quisistes;
143 2139 674 2180 no sabes lo que perdístes,
151 2188 744 2229 aunque admitas muchos mas,
149 2238 607 2276 ya no tendrás tu jamás
145 2288 771 2325 que dar lo que á mi me distes.
935 201 1345 237 Si tú te vas á bañar
891 250 1318 288 avisame un dia antes
891 298 1394 335 y te empedraré el camino
884 347 1398 386 de perlas y diamantes.
930 393 1562 432 De conchas, perlas, diamantes;
889 444 1438 483 de brillantes y esmeraldas,
889 490 1464 534 tengo de hacer un sombrío,
883 539 1416 578 desde el lindar de tu casa,
890 588 1338 624 hasta la orilla del rio:
888 638 1344 676 una barca de oro fino,
891 685 1360 726 tengo de mandar labrar,
887 733 1370 772 del lienzo mas superior
890 782 1412 822 porque no te pique el sol;
888 830 1290 866 si tu te vás á bañar.
937 880 1371 917 Irás en silla de manos
888 930 1364 967 para ir mas descansada,
892 978 1320 1012 te daré cuatro criadas
888 1026 1385 1061 que vayan acompañando:
889 1073 1417 1109 si quieres llegar temprano
884 1122 1330 1160 bello pulido diamante,
890 1170 1374 1211 te daré coche y volante,
890 1219 1322 1258 si no quieres ir á pié;
884 1268 1336 1306 te lo pido por merced,
884 1317 1314 1353 avisame un dia antes.
939 1365 1414 1402 Aquí me pongo á cantar
886 1412 1446 1455 por darle gusto á mi asunto,
889 1461 1388 1501 y sin faltarte ni un punto,
884 1508 1388 1548 yo no puedo quedar mal:
888 1558 1401 1597 de aquí pasaré á Gibraltar
888 1607 1418 1647 con la vista y con el tino,
881 1655 1344 1692 yo me iré de peregrino
880 1703 1344 1743 por toditos los lugares,
884 1751 1344 1791 buscando mil oficiales,
879 1800 1436 1838 para empedrarte el camino.
929 1849 1416 1886 Mi décima no es finjida
875 1898 1423 1937 para obsequiar tu persona,
892 1945 1312 1983 te mereces la corona,
886 1994 1314 2033 de toda la Andalucia;
886 2042 1324 2078 todo lo que te ofrecia
880 2092 1334 2129 aquí traigo para darte,
890 2140 1317 2175 una córona triunfante
880 2187 1358 2226 de metal y perlas finas;
887 2236 1441 2275 tambien te haré una berlina
878 2286 1339 2323 de perlas y diamantes.
