1737 2508
208 200 719 236 Laurel florido y hermoso
164 249 638 286 aplaudído de las flores,
165 300 790 336 ¿qué se han hecho tus verdores
157 347 781 386 que ya no estas tan frondoso!
215 394 743 435 Entré en el jardin un dia
165 442 642 483 donde te ví floreciendo,
160 490 657 533 entre las flores viviendo,
159 540 658 581 pues de ver flores vivia,
157 585 659 629 y con tan dulce armonía
162 636 642 675 me llené de tanto gozo
164 684 740 726 que cuando me fué forzoso
159 735 588 773 salir del jardin, lloré,
162 784 692 828 porque entonces te dejé,
161 836 682 870 laurel florido y hermoso.
201 881 707 921 Tú al deleite provocabas
153 930 639 971 con toda la inmunidad,
157 976 634 1018 y tú propia en realidad
155 1027 631 1067 de tus delicias gozabas:
155 1076 568 1117 bizarría publicabas,
156 1124 713 1164 lo hermoso de tus verdores
153 1170 595 1214 y los fragantes olores
155 1220 650 1263 que las rosas te rendían,
156 1267 634 1312 eran voces que decian,
157 1318 630 1358 aplaudido, de las flores.
197 1365 612 1406 Ayer sin duda te ví,
147 1415 652 1456 laurel florido y hermoso,
158 1464 686 1507 hoy no verte tan frondoso,
158 1512 568 1552 laurel, no te conocí;
159 1562 682 1605 ¿dí de aquellos gustos, dí,
153 1609 705 1653 en dónde están los honores?
152 1660 762 1700 ¿qué se han hecho los favores
156 1708 714 1750 que todo el campo te hacia?
157 1756 638 1795 di, laurel del alma mia,
162 1805 776 1847 ¿qué se han, hecho tus verdores
202 1851 730 1897 Hermoso, verde y florido,
155 1901 684 1944 con tanto aire te elevaste,
153 1949 705 1993 que hasta el aire desairaste
158 1998 632 2039 dejando el aire abatido,
158 2046 653 2087 de las flores aplaudido:
149 2092 638 2135 yo te ví, laurel precioso,
151 2143 698 2188 y que estando tan hermoso,
147 2194 594 2231 gozando tantos loores
146 2241 778 2282 ¿qué se han hecho tus verdores
144 2292 737 2333 que ya no estás tan frondoso?
1432 151 1488 197 3
939 208 1373 252 Sepa mi afecto pagar
893 257 1347 295 á quien le trate mejor;
944 305 1412 348 á comerciar á otro puerto
894 353 1341 393 ni esclavo ni labrador.
945 399 1449 447 Fino amante, eñamorado
890 448 1367 491 á tu belleza he servido,
893 498 1445 541 el premio que he merecido
897 546 1394 592 tan solo es haber penado;
889 594 1436 641 ya estoy de amarte cansado,
889 641 1365 687 ya no quiero mas penar,
895 690 1351 733 en fin, quiero celebrar
891 740 1348 785 otra hermosura divina,
892 788 1397 833 que constante, fiel y fina
895 839 1322 880 sepa mí afecto pagar.
937 889 1497 929 El soldado que en campaña
884 937 1360 974 sirve leal en su gremio,
892 983 1466 1028 al ver que no le dán premio,
886 1033 1396 1077 deja las armas con saña;
893 1081 1426 1124 y el esclavo que con maña
894 1131 1296 1173 sirve fiel á su señor,
884 1178 1296 1223 sidle trata con rigor,
891 1227 1289 1269 y no le puede sufrir,
886 1278 1351 1316 le deja y se vá á servir
887 1327 1344 1366 á quien le trate mejor.
927 1376 1377 1415 La tierra con el arado
892 1424 1368 1465 sulca el labrador astuto,
887 1470 1427 1514 y al ver que no le dá fruto
888 1520 1323 1562 la deja muy enojado;
885 1569 1444 1613 surca el mercader cargado,
891 1618 1394 1660 el mar con peligro cierto,
887 1665 1417 1709 y el señor en tal concierto,
884 1714 1368 1757 al verque no logra ya,
886 1765 1284 1801 gira la proa y se vá
892 1812 1285 1850 a comerciar á otro puerto.
933 1861 1477 1899 Esclavo en tu amor me ví
892 1907 1310 1949 de finezas mercader,
886 1958 1328 1999 labrador para querer,
885 2005 1339 2047 soldado á tu órden fuí:
887 2055 1336 2094 como esclavo te serví,
887 2104 1436 2146 te mostré el mas fino amor,
886 2152 1344 2192 sufrí batallas de ardor;
885 2201 1306 2239 pero ya no quiero ser
882 2248 1312 2288 soldado ni mercader,
886 2296 1345 2337 ni esclavo ni labrador.
