1737 2508
108 194 1530 282 Despedida que hace un quinto á su dama y la
619 278 1013 335 contestacion.
159 399 645 444 Fatal ha sido mi suerte,
121 448 605 494 adios prenda de mi vida,
127 494 635 544 que voy á tierras estrañas
132 540 747 592 quien bien quiere tarde olvida.
167 591 745 637 Cuando principié á quererte,
119 643 622 688 me cayó la cédula negra,
122 692 642 737 me van á pribar de verte,
129 741 584 786 para morirme de pena,
128 789 589 833 ha sido fatal mi suerte.
181 837 621 880 Adios patria conocida,
130 884 625 931 donde fué mi nacimiento
128 935 585 980 esta amarga despedida
140 983 662 1029 causa mucho sentimiento.
184 1031 680 1077 Adios prenda de mi vida
134 1080 635 1126 adios padres de mí alma,
142 1129 685 1173 parientes, deudos y amigos,
139 1176 702 1222 adios hermanos y hermanas,
138 1225 633 1271 digo con tiernos suspiros
144 1274 676 1319 que voy á tierras estrañas.
186 1322 666 1364 No se como me despida
149 1370 715 1416 de una prenda que yo adoro
144 1422 593 1465 adios vida de mi vida,
147 1467 752 1512 que aunque me lleven al moro,
156 1514 757 1563 quien bien quiere tarde olvida.
890 376 1417 423 Con que dolor me despido
842 426 1325 475 de la tierra en que naci
850 473 1383 523 mi suerte asi lo ha querido
848 527 1222 571 adios bello serafin.
903 570 1401 619 A mis parientes y amigos
851 622 1303 669 mil veces pido perdon
850 670 1371 717 si en algo les he ofendido,
861 719 1310 767 para que sepan que yo
854 766 1391 815 con que dolor me despido.
900 814 1359 861 Tengan lastima de mí
854 862 1433 912 los que me estan atendiendo
864 915 1312 961 que me voy á despedir
865 964 1299 1009 retirandome del cielo
865 1010 1364 1057 de la tierra en que naci
912 1054 1515 1105 No me heches nunca en olvido
868 1113 1314 1155 hermosisima Minerva,
872 1152 1503 1203 que si digo enternecido,
876 1204 1431 1251 que me esperesá que venga
866 1253 1423 1302 mi suerte asi lo ha querido.
913 1302 1367 1348 Adios hermoso jazmin
868 1352 1309 1397 adios cara de azucena
876 1400 1261 1445 adios rosita de abril
879 1450 1325 1492 adios luna la mas llena
875 1502 1249 1542 adios bello serafin,
486 1557 1219 1726 Contestacion de la daiña.
202 1731 674 1775 Mi corazon harto siente
159 1779 592 1826 al oir tus espresiones
161 1829 663 1874 cumplido tu tiempo vente
163 1878 712 1923 que me gustan tus acciones,
159 1927 605 1972 ha sido fatal tu suerte.
195 1976 699 2017 Tienes razon de quejarte,
156 2022 676 2069 sentiré mucho el no verte
151 2071 620 2118 asi debes de ausentarte
153 2121 632 2165 mi corazon harto siente.
202 2170 683 2213 Aunque las obligaciones
158 2218 625 2263 te tengan muy ocupado
149 2269 679 2311 me escribiras sin temores,
888 1710 1413 1761 porque me has aprisionado
881 1762 1314 1808 al oir tus espreciones.
926 1809 1421 1855 Ya te ha caido la suerte,
882 1857 1397 1905 cumple bien con tu deber
890 1904 1403 1952 yo siempre sabré quererte
886 1956 1323 2003 para ser yo muger fiel
879 2003 1413 2050 cumplido tu tiempo vente,
929 2050 1451 2097 Aunque tres mil ocasiones
886 2101 1383 2147 tubiera de pretendientes,
882 2146 1477 2195 con muy buenas proporciones
878 2196 1368 2245 á ti solo he de quererte
887 2244 1443 2297 que me gustan tus acciones.
