<?xml version="1.0" encoding="UTF-8" standalone="yes"?>
<PcGts xmlns="http://schema.primaresearch.org/PAGE/gts/pagecontent/2013-07-15" xmlns:xsi="http://www.w3.org/2001/XMLSchema-instance" xsi:schemaLocation="http://schema.primaresearch.org/PAGE/gts/pagecontent/2013-07-15 http://schema.primaresearch.org/PAGE/gts/pagecontent/2013-07-15/pagecontent.xsd">
    <Metadata>
        <Creator>prov=University of Rostock/Institute of Mathematics/CITlab|PLANET AI GmbH/Gundram Leifert/gundram.leifert@planet-ai.de:name=Pliegos de Cordel (XIXe) - v4(htr_id=27283)::::v=2.6.7
prov=University of Rostock/Institute of Mathematics/CITlab|PLANET AI GmbH/Tobias Gruening/tobias.gruening@planet-ai.de:name=de.uros.citlab.module.baseline2polygon.B2PSeamMultiOriented:v=2.6.7
prov=University of Rostock/Institute of Mathematics/CITlab|PLANET AI GmbH/Tobias Gruening/tobias.gruening@planet-ai.de:name=/net_tf/LA73_249_0mod360.pb:de.uros.citlab.segmentation.CITlab_LA_ML:v=2.6.7
Transkribus</Creator>
        <Created>2020-11-04T17:40:13.153+01:00</Created>
        <LastChange>2020-12-03T15:07:19.433+01:00</LastChange>
        <Comments>
                Measurement unit: pixel
                PrimaryLanguage: 
                Producer: Transkribus
            </Comments>
        <TranskribusMetadata docId="525395" pageId="22319732" pageNr="87" tsid="50039318" status="DONE" userId="66244" imgUrl="https://files.transkribus.eu/Get?id=RKSOAKBICMQEJPGUDQTNOJJD&amp;fileType=view" xmlUrl="https://files.transkribus.eu/Get?id=JCZOAHOPQFWPNYPLBSVBTDCS" imageId="17389298"/>
    </Metadata>
    <Page imageFilename="Moreno_347_1.jpg" imageWidth="1737" imageHeight="2508">
        <PrintSpace>
            <Coords points="0,0 1737,0 1737,2508 0,2508"/>
        </PrintSpace>
        <ReadingOrder>
            <OrderedGroup id="ro_1607004610919" caption="Regions reading order">
                <RegionRefIndexed index="1" regionRef="r_6_1"/>
                <RegionRefIndexed index="2" regionRef="r_7_1"/>
                <RegionRefIndexed index="3" regionRef="r_8_1"/>
                <RegionRefIndexed index="4" regionRef="r_9_1"/>
            </OrderedGroup>
        </ReadingOrder>
        <GraphicRegion id="r_4" custom="readingOrder {index:0;}">
            <Coords points="1127,251 1588,251 1578,996 1117,996"/>
        </GraphicRegion>
        <TextRegion orientation="0.0" type="paragraph" id="r_6_1" custom="readingOrder {index:1;}">
            <Coords points="379,1049 1387,1029 1387,1234 379,1254"/>
            <TextLine id="r_6_1l1" custom="readingOrder {index:0;}">
                <Coords points="398,1166 447,1163 496,1162 545,1160 594,1158 643,1157 692,1156 741,1154 790,1153 839,1152 888,1151 937,1150 986,1148 1035,1147 1084,1145 1133,1143 1182,1140 1231,1138 1280,1136 1329,1132 1378,1129 1378,1071 1329,1074 1280,1078 1231,1080 1182,1082 1133,1085 1084,1087 1035,1089 986,1090 937,1092 888,1093 839,1094 790,1095 741,1096 692,1098 643,1099 594,1100 545,1102 496,1104 447,1105 398,1108"/>
                <Baseline points="398,1147 447,1144 496,1143 545,1141 594,1139 643,1138 692,1137 741,1135 790,1134 839,1133 888,1132 937,1131 986,1129 1035,1128 1084,1126 1133,1124 1182,1121 1231,1119 1280,1117 1329,1113 1378,1110"/>
                <TextEquiv>
                    <Unicode>COPLAS NUEVAS</Unicode>
                </TextEquiv>
            </TextLine>
            <TextLine id="r_6_1l2" custom="readingOrder {index:1;}">
                <Coords points="594,1241 623,1240 652,1240 682,1239 711,1238 741,1237 770,1236 800,1235 829,1235 859,1233 888,1232 917,1231 947,1229 976,1229 1006,1227 1035,1226 1065,1225 1094,1223 1124,1222 1153,1221 1183,1219 1183,1161 1153,1163 1124,1164 1094,1165 1065,1167 1035,1168 1006,1169 976,1171 947,1171 917,1173 888,1174 859,1175 829,1177 800,1177 770,1178 741,1179 711,1180 682,1181 652,1182 623,1182 594,1183"/>
                <Baseline points="594,1222 623,1221 652,1221 682,1220 711,1219 741,1218 770,1217 800,1216 829,1216 859,1214 888,1213 917,1212 947,1210 976,1210 1006,1208 1035,1207 1065,1206 1094,1204 1124,1203 1153,1202 1183,1200"/>
                <TextEquiv>
                    <Unicode>en que se declara </Unicode>
                </TextEquiv>
            </TextLine>
            <TextEquiv>
                <Unicode>COPLAS NUEVAS
en que se declara </Unicode>
            </TextEquiv>
        </TextRegion>
        <TextRegion orientation="0.0" type="paragraph" id="r_7_1" custom="readingOrder {index:2;}">
            <Coords points="191,1221 1608,1221 1608,1383 191,1383"/>
            <TextLine id="r_7_1l1" custom="readingOrder {index:0;}">
                <Coords points="210,1418 279,1415 348,1411 417,1409 486,1406 555,1404 624,1401 694,1399 763,1396 832,1395 901,1392 970,1390 1039,1388 1108,1385 1178,1382 1247,1380 1316,1376 1385,1373 1454,1369 1523,1366 1593,1361 1593,1211 1523,1216 1454,1219 1385,1223 1316,1226 1247,1230 1178,1232 1108,1235 1039,1238 970,1240 901,1242 832,1245 763,1246 694,1249 624,1251 555,1254 486,1256 417,1259 348,1261 279,1265 210,1268"/>
                <Baseline points="210,1368 279,1365 348,1361 417,1359 486,1356 555,1354 624,1351 694,1349 763,1346 832,1345 901,1342 970,1340 1039,1338 1108,1335 1178,1332 1247,1330 1316,1326 1385,1323 1454,1319 1523,1316 1593,1311"/>
                <TextEquiv>
                    <Unicode>UN AMANTE Y DAMA SU AMOR.</Unicode>
                </TextEquiv>
            </TextLine>
            <TextEquiv>
                <Unicode>UN AMANTE Y DAMA SU AMOR.</Unicode>
            </TextEquiv>
        </TextRegion>
        <TextRegion orientation="0.0" type="paragraph" id="r_8_1" custom="readingOrder {index:3;}">
            <Coords points="186,1437 870,1437 870,2307 186,2307"/>
            <TextLine id="r_8_1l1" custom="readingOrder {index:0;}">
                <Coords points="237,1512 262,1511 287,1511 313,1510 338,1509 364,1508 389,1508 414,1507 440,1506 465,1505 491,1504 516,1504 542,1503 567,1502 592,1501 618,1500 643,1499 669,1499 694,1498 720,1497 720,1463 694,1464 669,1465 643,1465 618,1466 592,1467 567,1468 542,1469 516,1470 491,1470 465,1471 440,1472 414,1473 389,1474 364,1474 338,1475 313,1476 287,1477 262,1477 237,1478"/>
                <Baseline points="237,1501 262,1500 287,1500 313,1499 338,1498 364,1497 389,1497 414,1496 440,1495 465,1494 491,1493 516,1493 542,1492 567,1491 592,1490 618,1489 643,1488 669,1488 694,1487 720,1486"/>
                <TextEquiv>
                    <Unicode>Por fin ha llegado el dia </Unicode>
                </TextEquiv>
            </TextLine>
            <TextLine id="r_8_1l2" custom="readingOrder {index:1;}">
                <Coords points="204,1566 230,1564 256,1562 282,1561 308,1560 334,1558 360,1557 386,1556 412,1555 438,1555 464,1554 490,1553 516,1552 542,1552 568,1551 594,1550 620,1549 646,1549 672,1548 698,1547 724,1547 724,1513 698,1513 672,1514 646,1515 620,1515 594,1516 568,1517 542,1518 516,1518 490,1519 464,1520 438,1521 412,1521 386,1522 360,1523 334,1524 308,1526 282,1527 256,1528 230,1530 204,1532"/>
                <Baseline points="204,1555 230,1553 256,1551 282,1550 308,1549 334,1547 360,1546 386,1545 412,1544 438,1544 464,1543 490,1542 516,1541 542,1541 568,1540 594,1539 620,1538 646,1538 672,1537 698,1536 724,1536"/>
                <TextEquiv>
                    <Unicode>en que yo te pueda hablar</Unicode>
                </TextEquiv>
            </TextLine>
            <TextLine id="r_8_1l3" custom="readingOrder {index:2;}">
                <Coords points="210,1613 235,1612 260,1611 286,1610 311,1609 337,1608 362,1606 388,1606 413,1604 439,1604 464,1602 490,1601 515,1600 541,1600 566,1599 592,1598 617,1598 643,1597 668,1597 694,1597 694,1563 668,1563 643,1563 617,1564 592,1564 566,1565 541,1566 515,1566 490,1567 464,1568 439,1570 413,1570 388,1572 362,1572 337,1574 311,1575 286,1576 260,1577 235,1578 210,1579"/>
                <Baseline points="210,1602 235,1601 260,1600 286,1599 311,1598 337,1597 362,1595 388,1595 413,1593 439,1593 464,1591 490,1590 515,1589 541,1589 566,1588 592,1587 617,1587 643,1586 668,1586 694,1586"/>
                <TextEquiv>
                    <Unicode>que es mi mayor alegria</Unicode>
                </TextEquiv>
            </TextLine>
            <TextLine id="r_8_1l4" custom="readingOrder {index:3;}">
                <Coords points="205,1661 231,1661 257,1660 283,1659 309,1658 335,1656 362,1655 388,1654 414,1653 440,1652 466,1650 492,1649 519,1648 545,1647 571,1647 597,1646 623,1646 649,1646 676,1647 676,1613 649,1612 623,1612 597,1612 571,1613 545,1613 519,1614 492,1615 466,1616 440,1618 414,1619 388,1620 362,1621 335,1622 309,1624 283,1625 257,1626 231,1627 205,1627"/>
                <Baseline points="205,1650 231,1650 257,1649 283,1648 309,1647 335,1645 362,1644 388,1643 414,1642 440,1641 466,1639 492,1638 519,1637 545,1636 571,1636 597,1635 623,1635 649,1635 676,1636"/>
                <TextEquiv>
                    <Unicode>si aprecias mi voluntad</Unicode>
                </TextEquiv>
            </TextLine>
            <TextLine id="r_8_1l5" custom="readingOrder {index:4;}">
                <Coords points="206,1711 231,1710 257,1709 282,1708 308,1707 333,1705 359,1704 384,1703 410,1702 435,1701 461,1700 486,1699 512,1698 537,1698 563,1697 588,1697 614,1696 640,1697 640,1664 614,1663 588,1664 563,1664 537,1665 512,1665 486,1666 461,1667 435,1668 410,1669 384,1670 359,1671 333,1672 308,1674 282,1675 257,1676 231,1677 206,1678"/>
                <Baseline points="206,1700 231,1699 257,1698 282,1697 308,1696 333,1694 359,1693 384,1692 410,1691 435,1690 461,1689 486,1688 512,1687 537,1687 563,1686 588,1686 614,1685 640,1686"/>
                <TextEquiv>
                    <Unicode>que dicha será la mia.</Unicode>
                </TextEquiv>
            </TextLine>
            <TextLine id="r_8_1l6" custom="readingOrder {index:5;}">
                <Coords points="252,1757 277,1756 303,1754 329,1753 355,1752 381,1751 406,1750 432,1749 458,1749 484,1748 510,1747 535,1746 561,1745 587,1744 613,1743 639,1742 639,1709 613,1710 587,1711 561,1712 535,1713 510,1714 484,1715 458,1716 432,1716 406,1717 381,1718 355,1719 329,1720 303,1721 277,1723 252,1724"/>
                <Baseline points="252,1746 277,1745 303,1743 329,1742 355,1741 381,1740 406,1739 432,1738 458,1738 484,1737 510,1736 535,1735 561,1734 587,1733 613,1732 639,1731"/>
                <TextEquiv>
                    <Unicode>Si con el pecho leal</Unicode>
                </TextEquiv>
            </TextLine>
            <TextLine id="r_8_1l7" custom="readingOrder {index:6;}">
                <Coords points="202,1807 229,1806 256,1805 284,1804 311,1803 339,1802 366,1801 394,1799 421,1798 449,1797 476,1796 503,1795 531,1794 558,1793 586,1792 613,1792 641,1791 668,1791 696,1790 723,1790 751,1790 751,1756 723,1756 696,1756 668,1757 641,1757 613,1758 586,1758 558,1759 531,1760 503,1761 476,1762 449,1763 421,1764 394,1765 366,1767 339,1768 311,1769 284,1770 256,1771 229,1772 202,1773"/>
                <Baseline points="202,1796 229,1795 256,1794 284,1793 311,1792 339,1791 366,1790 394,1788 421,1787 449,1786 476,1785 503,1784 531,1783 558,1782 586,1781 613,1781 641,1780 668,1780 696,1779 723,1779 751,1779"/>
                <TextEquiv>
                    <Unicode>me hablas, querido amante, </Unicode>
                </TextEquiv>
            </TextLine>
            <TextLine id="r_8_1l8" custom="readingOrder {index:7;}">
                <Coords points="216,1857 241,1855 266,1854 291,1852 316,1851 341,1849 367,1848 392,1847 417,1847 442,1845 467,1845 493,1843 518,1843 543,1842 568,1840 593,1840 619,1838 619,1804 593,1806 568,1806 543,1808 518,1809 493,1809 467,1811 442,1811 417,1813 392,1813 367,1814 341,1815 316,1817 291,1818 266,1820 241,1821 216,1823"/>
                <Baseline points="216,1846 241,1844 266,1843 291,1841 316,1840 341,1838 367,1837 392,1836 417,1836 442,1834 467,1834 493,1832 518,1832 543,1831 568,1829 593,1829 619,1827"/>
                <TextEquiv>
                    <Unicode>yo te doy la facultad</Unicode>
                </TextEquiv>
            </TextLine>
            <TextLine id="r_8_1l9" custom="readingOrder {index:8;}">
                <Coords points="212,1906 237,1904 263,1903 289,1902 314,1900 340,1899 366,1898 392,1897 417,1896 443,1894 469,1893 495,1892 520,1892 546,1891 572,1890 598,1889 623,1889 649,1888 675,1888 701,1887 701,1853 675,1854 649,1854 623,1855 598,1855 572,1856 546,1857 520,1858 495,1858 469,1859 443,1860 417,1862 392,1863 366,1864 340,1865 314,1866 289,1868 263,1869 237,1870 212,1872"/>
                <Baseline points="212,1895 237,1893 263,1892 289,1891 314,1889 340,1888 366,1887 392,1886 417,1885 443,1883 469,1882 495,1881 520,1881 546,1880 572,1879 598,1878 623,1878 649,1877 675,1877 701,1876"/>
                <TextEquiv>
                    <Unicode>amándote mas constante</Unicode>
                </TextEquiv>
            </TextLine>
            <TextLine id="r_8_1l10" custom="readingOrder {index:9;}">
                <Coords points="210,1954 235,1953 260,1952 285,1951 310,1950 335,1949 360,1947 386,1946 411,1945 436,1943 461,1942 486,1941 511,1940 537,1939 562,1939 587,1938 612,1938 637,1938 662,1938 688,1938 688,1904 662,1904 637,1904 612,1904 587,1904 562,1905 537,1905 511,1906 486,1907 461,1908 436,1909 411,1911 386,1912 360,1913 335,1915 310,1916 285,1917 260,1918 235,1919 210,1920"/>
                <Baseline points="210,1943 235,1942 260,1941 285,1940 310,1939 335,1938 360,1936 386,1935 411,1934 436,1932 461,1931 486,1930 511,1929 537,1928 562,1928 587,1927 612,1927 637,1927 662,1927 688,1927"/>
                <TextEquiv>
                    <Unicode>y nunca te he de faltar.</Unicode>
                </TextEquiv>
            </TextLine>
            <TextLine id="r_8_1l11" custom="readingOrder {index:10;}">
                <Coords points="262,1999 287,1998 312,1997 337,1996 362,1995 387,1995 412,1994 437,1992 462,1991 487,1990 512,1990 537,1989 562,1988 587,1987 612,1986 637,1986 662,1985 687,1985 712,1985 738,1985 738,1951 712,1951 687,1951 662,1951 637,1952 612,1952 587,1953 562,1954 537,1955 512,1956 487,1956 462,1957 437,1958 412,1960 387,1961 362,1961 337,1962 312,1963 287,1964 262,1965"/>
                <Baseline points="262,1988 287,1987 312,1986 337,1985 362,1984 387,1984 412,1983 437,1981 462,1980 487,1979 512,1979 537,1978 562,1977 587,1976 612,1975 637,1975 662,1974 687,1974 712,1974 738,1974"/>
                <TextEquiv>
                    <Unicode>Todo mi fin es quererte</Unicode>
                </TextEquiv>
            </TextLine>
            <TextLine id="r_8_1l12" custom="readingOrder {index:11;}">
                <Coords points="209,2052 241,2050 273,2048 305,2047 337,2045 369,2044 401,2043 433,2041 465,2040 497,2039 530,2038 562,2037 594,2036 626,2035 658,2034 690,2034 722,2033 754,2033 786,2033 818,2033 851,2033 851,1999 818,1999 786,1999 754,1999 722,1999 690,2000 658,2000 626,2001 594,2002 562,2003 530,2004 497,2005 465,2006 433,2007 401,2009 369,2010 337,2011 305,2013 273,2014 241,2016 209,2018"/>
                <Baseline points="209,2041 241,2039 273,2037 305,2036 337,2034 369,2033 401,2032 433,2030 465,2029 497,2028 530,2027 562,2026 594,2025 626,2024 658,2023 690,2023 722,2022 754,2022 786,2022 818,2022 851,2022"/>
                <TextEquiv>
                    <Unicode>si es que quieres ser mi esposa,</Unicode>
                </TextEquiv>
            </TextLine>
            <TextLine id="r_8_1l13" custom="readingOrder {index:12;}">
                <Coords points="211,2102 237,2100 263,2099 289,2097 316,2096 342,2095 368,2093 394,2092 421,2091 447,2090 473,2089 499,2088 526,2087 552,2086 578,2085 604,2085 631,2085 657,2084 683,2084 710,2085 710,2051 683,2050 657,2050 631,2051 604,2051 578,2051 552,2052 526,2053 499,2054 473,2055 447,2056 421,2057 394,2058 368,2059 342,2061 316,2062 289,2063 263,2065 237,2066 211,2068"/>
                <Baseline points="211,2091 237,2089 263,2088 289,2086 316,2085 342,2084 368,2082 394,2081 421,2080 447,2079 473,2078 499,2077 526,2076 552,2075 578,2074 604,2074 631,2074 657,2073 683,2073 710,2074"/>
                <TextEquiv>
                    <Unicode>te amaré hasta la muerte</Unicode>
                </TextEquiv>
            </TextLine>
            <TextLine id="r_8_1l14" custom="readingOrder {index:13;}">
                <Coords points="219,2150 244,2149 269,2147 294,2146 320,2145 345,2144 370,2143 395,2141 421,2140 446,2139 471,2138 496,2138 522,2137 547,2136 572,2135 597,2135 623,2134 648,2133 673,2132 699,2132 699,2098 673,2098 648,2099 623,2100 597,2101 572,2101 547,2102 522,2103 496,2104 471,2104 446,2105 421,2106 395,2107 370,2109 345,2110 320,2111 294,2112 269,2113 244,2115 219,2116"/>
                <Baseline points="219,2139 244,2138 269,2136 294,2135 320,2134 345,2133 370,2132 395,2130 421,2129 446,2128 471,2127 496,2127 522,2126 547,2125 572,2124 597,2124 623,2123 648,2122 673,2121 699,2121"/>
                <TextEquiv>
                    <Unicode>cual fuego á la maríposa</Unicode>
                </TextEquiv>
            </TextLine>
            <TextLine id="r_8_1l15" custom="readingOrder {index:14;}">
                <Coords points="225,2196 253,2195 281,2194 309,2193 337,2191 365,2190 393,2189 421,2188 449,2187 477,2186 506,2185 534,2184 562,2183 590,2182 618,2182 646,2181 674,2180 702,2180 730,2180 758,2180 787,2180 787,2149 758,2149 730,2149 702,2149 674,2149 646,2150 618,2151 590,2151 562,2152 534,2153 506,2154 477,2155 449,2156 421,2157 393,2158 365,2159 337,2160 309,2162 281,2163 253,2164 225,2165"/>
                <Baseline points="225,2186 253,2185 281,2184 309,2183 337,2181 365,2180 393,2179 421,2178 449,2177 477,2176 506,2175 534,2174 562,2173 590,2172 618,2172 646,2171 674,2170 702,2170 730,2170 758,2170 787,2170"/>
                <TextEquiv>
                    <Unicode>que ese es mi mayor deleite.</Unicode>
                </TextEquiv>
            </TextLine>
            <TextLine id="r_8_1l16" custom="readingOrder {index:15;}">
                <Coords points="275,2237 300,2238 325,2238 351,2238 376,2237 402,2237 427,2236 453,2235 478,2234 504,2233 529,2232 555,2231 580,2229 606,2229 631,2227 657,2226 657,2195 631,2196 606,2198 580,2198 555,2200 529,2201 504,2202 478,2203 453,2204 427,2205 402,2206 376,2206 351,2207 325,2207 300,2207 275,2206"/>
                <Baseline points="275,2227 300,2228 325,2228 351,2228 376,2227 402,2227 427,2226 453,2225 478,2224 504,2223 529,2222 555,2221 580,2219 606,2219 631,2217 657,2216"/>
                <TextEquiv>
                    <Unicode>Tu fiel esposa seré</Unicode>
                </TextEquiv>
            </TextLine>
            <TextLine id="r_8_1l17" custom="readingOrder {index:16;}">
                <Coords points="230,2296 255,2295 280,2295 305,2294 331,2293 356,2292 381,2292 407,2290 432,2289 457,2288 483,2287 508,2285 533,2284 558,2283 584,2282 609,2281 634,2281 660,2280 685,2280 710,2280 736,2281 736,2247 710,2246 685,2246 660,2246 634,2247 609,2247 584,2248 558,2249 533,2250 508,2251 483,2253 457,2254 432,2255 407,2256 381,2258 356,2258 331,2259 305,2260 280,2261 255,2261 230,2262"/>
                <Baseline points="230,2285 255,2284 280,2284 305,2283 331,2282 356,2281 381,2281 407,2279 432,2278 457,2277 483,2276 508,2274 533,2273 558,2272 584,2271 609,2270 634,2270 660,2269 685,2269 710,2269 736,2270"/>
                <TextEquiv>
                    <Unicode>con aquellas bendiciones</Unicode>
                </TextEquiv>
            </TextLine>
            <TextEquiv>
                <Unicode>Por fin ha llegado el dia 
en que yo te pueda hablar
que es mi mayor alegria
si aprecias mi voluntad
que dicha será la mia.
Si con el pecho leal
me hablas, querido amante, 
yo te doy la facultad
amándote mas constante
y nunca te he de faltar.
Todo mi fin es quererte
si es que quieres ser mi esposa,
te amaré hasta la muerte
cual fuego á la maríposa
que ese es mi mayor deleite.
Tu fiel esposa seré
con aquellas bendiciones</Unicode>
            </TextEquiv>
        </TextRegion>
        <TextRegion orientation="0.0" type="paragraph" id="r_9_1" custom="readingOrder {index:4;}">
            <Coords points="912,1412 1573,1412 1573,2279 912,2279"/>
            <TextLine id="r_9_1l1" custom="readingOrder {index:0;}">
                <Coords points="925,1488 950,1488 975,1487 1000,1486 1025,1485 1050,1485 1075,1484 1101,1483 1126,1482 1151,1481 1176,1481 1201,1480 1226,1479 1252,1479 1277,1477 1302,1477 1327,1476 1352,1475 1377,1475 1403,1474 1403,1440 1377,1441 1352,1441 1327,1442 1302,1443 1277,1443 1252,1445 1226,1445 1201,1446 1176,1447 1151,1447 1126,1448 1101,1449 1075,1450 1050,1451 1025,1451 1000,1452 975,1453 950,1454 925,1454"/>
                <Baseline points="925,1477 950,1477 975,1476 1000,1475 1025,1474 1050,1474 1075,1473 1101,1472 1126,1471 1151,1470 1176,1470 1201,1469 1226,1468 1252,1468 1277,1466 1302,1466 1327,1465 1352,1464 1377,1464 1403,1463"/>
                <TextEquiv>
                    <Unicode>seré firme en el querer</Unicode>
                </TextEquiv>
            </TextLine>
            <TextLine id="r_9_1l2" custom="readingOrder {index:1;}">
                <Coords points="932,1537 957,1537 983,1536 1008,1536 1034,1535 1059,1534 1085,1533 1110,1532 1136,1531 1161,1530 1187,1529 1212,1528 1238,1527 1263,1525 1289,1525 1314,1523 1340,1523 1365,1522 1391,1521 1417,1520 1417,1486 1391,1487 1365,1488 1340,1489 1314,1489 1289,1491 1263,1491 1238,1493 1212,1494 1187,1495 1161,1496 1136,1497 1110,1498 1085,1499 1059,1500 1034,1501 1008,1502 983,1502 957,1503 932,1503"/>
                <Baseline points="932,1526 957,1526 983,1525 1008,1525 1034,1524 1059,1523 1085,1522 1110,1521 1136,1520 1161,1519 1187,1518 1212,1517 1238,1516 1263,1514 1289,1514 1314,1512 1340,1512 1365,1511 1391,1510 1417,1509"/>
                <TextEquiv>
                    <Unicode>porque tus disposiciones</Unicode>
                </TextEquiv>
            </TextLine>
            <TextLine id="r_9_1l3" custom="readingOrder {index:2;}">
                <Coords points="919,1586 945,1586 971,1585 998,1584 1024,1583 1051,1582 1077,1581 1104,1580 1130,1579 1156,1577 1183,1576 1209,1575 1236,1574 1262,1574 1289,1573 1315,1572 1342,1571 1342,1537 1315,1538 1289,1539 1262,1540 1236,1540 1209,1541 1183,1542 1156,1543 1130,1545 1104,1546 1077,1547 1051,1548 1024,1549 998,1550 971,1551 945,1552 919,1552"/>
                <Baseline points="919,1575 945,1575 971,1574 998,1573 1024,1572 1051,1571 1077,1570 1104,1569 1130,1568 1156,1566 1183,1565 1209,1564 1236,1563 1262,1563 1289,1562 1315,1561 1342,1560"/>
                <TextEquiv>
                    <Unicode>he llegado á conocer.</Unicode>
                </TextEquiv>
            </TextLine>
            <TextLine id="r_9_1l4" custom="readingOrder {index:3;}">
                <Coords points="961,1633 987,1632 1013,1631 1039,1630 1065,1629 1091,1628 1117,1627 1143,1627 1169,1626 1195,1625 1221,1624 1247,1623 1273,1622 1299,1621 1325,1621 1351,1620 1377,1619 1403,1618 1429,1616 1455,1615 1481,1614 1481,1580 1455,1581 1429,1582 1403,1584 1377,1585 1351,1586 1325,1587 1299,1587 1273,1588 1247,1589 1221,1590 1195,1591 1169,1592 1143,1593 1117,1593 1091,1594 1065,1595 1039,1596 1013,1597 987,1598 961,1599"/>
                <Baseline points="961,1622 987,1621 1013,1620 1039,1619 1065,1618 1091,1617 1117,1616 1143,1616 1169,1615 1195,1614 1221,1613 1247,1612 1273,1611 1299,1610 1325,1610 1351,1609 1377,1608 1403,1607 1429,1605 1455,1604 1481,1603"/>
                <TextEquiv>
                    <Unicode>Bendita seas tan hermosa</Unicode>
                </TextEquiv>
            </TextLine>
            <TextLine id="r_9_1l5" custom="readingOrder {index:4;}">
                <Coords points="929,1683 954,1683 980,1683 1006,1682 1032,1681 1057,1680 1083,1678 1109,1678 1135,1677 1161,1675 1186,1674 1212,1673 1238,1672 1264,1671 1289,1671 1315,1670 1341,1669 1367,1669 1393,1669 1393,1635 1367,1635 1341,1635 1315,1636 1289,1637 1264,1637 1238,1638 1212,1639 1186,1640 1161,1641 1135,1643 1109,1644 1083,1644 1057,1646 1032,1647 1006,1648 980,1649 954,1649 929,1649"/>
                <Baseline points="929,1672 954,1672 980,1672 1006,1671 1032,1670 1057,1669 1083,1667 1109,1667 1135,1666 1161,1664 1186,1663 1212,1662 1238,1661 1264,1660 1289,1660 1315,1659 1341,1658 1367,1658 1393,1658"/>
                <TextEquiv>
                    <Unicode>nunca te podré olvidar, </Unicode>
                </TextEquiv>
            </TextLine>
            <TextLine id="r_9_1l6" custom="readingOrder {index:5;}">
                <Coords points="931,1732 957,1732 983,1730 1009,1730 1035,1728 1061,1727 1087,1726 1114,1725 1140,1724 1166,1723 1192,1722 1218,1721 1244,1720 1271,1719 1297,1718 1323,1717 1349,1717 1375,1716 1401,1715 1428,1715 1428,1681 1401,1681 1375,1682 1349,1683 1323,1683 1297,1684 1271,1685 1244,1686 1218,1687 1192,1688 1166,1689 1140,1690 1114,1691 1087,1692 1061,1693 1035,1694 1009,1696 983,1696 957,1698 931,1698"/>
                <Baseline points="931,1721 957,1721 983,1719 1009,1719 1035,1717 1061,1716 1087,1715 1114,1714 1140,1713 1166,1712 1192,1711 1218,1710 1244,1709 1271,1708 1297,1707 1323,1706 1349,1706 1375,1705 1401,1704 1428,1704"/>
                <TextEquiv>
                    <Unicode>con tus megillas de rosa</Unicode>
                </TextEquiv>
            </TextLine>
            <TextLine id="r_9_1l7" custom="readingOrder {index:6;}">
                <Coords points="935,1780 960,1780 986,1779 1012,1777 1038,1776 1064,1776 1089,1775 1115,1774 1141,1773 1167,1772 1193,1771 1218,1770 1244,1769 1270,1768 1296,1767 1322,1766 1348,1765 1348,1731 1322,1732 1296,1733 1270,1734 1244,1735 1218,1736 1193,1737 1167,1738 1141,1739 1115,1740 1089,1741 1064,1742 1038,1742 1012,1743 986,1745 960,1746 935,1746"/>
                <Baseline points="935,1769 960,1769 986,1768 1012,1766 1038,1765 1064,1765 1089,1764 1115,1763 1141,1762 1167,1761 1193,1760 1218,1759 1244,1758 1270,1757 1296,1756 1322,1755 1348,1754"/>
                <TextEquiv>
                    <Unicode>toda llena de azahar</Unicode>
                </TextEquiv>
            </TextLine>
            <TextLine id="r_9_1l8" custom="readingOrder {index:7;}">
                <Coords points="936,1829 961,1828 987,1827 1013,1827 1039,1826 1065,1825 1091,1824 1117,1823 1143,1822 1169,1820 1195,1819 1221,1818 1247,1817 1273,1816 1299,1816 1325,1815 1351,1815 1377,1815 1377,1781 1351,1781 1325,1781 1299,1782 1273,1782 1247,1783 1221,1784 1195,1785 1169,1786 1143,1788 1117,1789 1091,1790 1065,1791 1039,1792 1013,1793 987,1793 961,1794 936,1795"/>
                <Baseline points="936,1818 961,1817 987,1816 1013,1816 1039,1815 1065,1814 1091,1813 1117,1812 1143,1811 1169,1809 1195,1808 1221,1807 1247,1806 1273,1805 1299,1805 1325,1804 1351,1804 1377,1804"/>
                <TextEquiv>
                    <Unicode>me pareces una diosa.</Unicode>
                </TextEquiv>
            </TextLine>
            <TextLine id="r_9_1l9" custom="readingOrder {index:8;}">
                <Coords points="984,1876 1011,1875 1039,1874 1067,1873 1095,1872 1123,1871 1151,1870 1178,1869 1206,1867 1234,1867 1262,1866 1290,1865 1318,1864 1346,1863 1373,1862 1401,1861 1429,1861 1457,1860 1485,1859 1513,1859 1541,1858 1541,1824 1513,1825 1485,1825 1457,1826 1429,1827 1401,1827 1373,1828 1346,1829 1318,1830 1290,1831 1262,1832 1234,1833 1206,1833 1178,1835 1151,1836 1123,1837 1095,1838 1067,1839 1039,1840 1011,1841 984,1842"/>
                <Baseline points="984,1865 1011,1864 1039,1863 1067,1862 1095,1861 1123,1860 1151,1859 1178,1858 1206,1856 1234,1856 1262,1855 1290,1854 1318,1853 1346,1852 1373,1851 1401,1850 1429,1850 1457,1849 1485,1848 1513,1848 1541,1847"/>
                <TextEquiv>
                    <Unicode>Como eres tan bien portada,</Unicode>
                </TextEquiv>
            </TextLine>
            <TextLine id="r_9_1l10" custom="readingOrder {index:9;}">
                <Coords points="929,1925 955,1925 981,1924 1008,1924 1034,1923 1061,1922 1087,1922 1113,1921 1140,1920 1166,1919 1193,1918 1219,1916 1245,1915 1272,1915 1298,1913 1325,1912 1351,1911 1377,1911 1404,1910 1430,1909 1457,1908 1457,1874 1430,1875 1404,1876 1377,1877 1351,1877 1325,1878 1298,1879 1272,1881 1245,1881 1219,1882 1193,1884 1166,1885 1140,1886 1113,1887 1087,1888 1061,1888 1034,1889 1008,1890 981,1890 955,1891 929,1891"/>
                <Baseline points="929,1914 955,1914 981,1913 1008,1913 1034,1912 1061,1911 1087,1911 1113,1910 1140,1909 1166,1908 1193,1907 1219,1905 1245,1904 1272,1904 1298,1902 1325,1901 1351,1900 1377,1900 1404,1899 1430,1898 1457,1897"/>
                <TextEquiv>
                    <Unicode>tienes hermosa presencia,</Unicode>
                </TextEquiv>
            </TextLine>
            <TextLine id="r_9_1l11" custom="readingOrder {index:10;}">
                <Coords points="943,1974 968,1974 994,1973 1019,1972 1045,1972 1071,1971 1096,1970 1122,1969 1148,1968 1173,1967 1199,1966 1225,1965 1250,1965 1276,1963 1302,1962 1327,1961 1353,1960 1379,1959 1404,1957 1430,1956 1456,1955 1456,1921 1430,1922 1404,1923 1379,1925 1353,1926 1327,1927 1302,1928 1276,1929 1250,1931 1225,1931 1199,1932 1173,1933 1148,1934 1122,1935 1096,1936 1071,1937 1045,1938 1019,1938 994,1939 968,1940 943,1940"/>
                <Baseline points="943,1963 968,1963 994,1962 1019,1961 1045,1961 1071,1960 1096,1959 1122,1958 1148,1957 1173,1956 1199,1955 1225,1954 1250,1954 1276,1952 1302,1951 1327,1950 1353,1949 1379,1948 1404,1946 1430,1945 1456,1944"/>
                <TextEquiv>
                    <Unicode>el corazon me has robado</Unicode>
                </TextEquiv>
            </TextLine>
            <TextLine id="r_9_1l12" custom="readingOrder {index:11;}">
                <Coords points="935,2022 960,2022 986,2022 1012,2021 1038,2021 1063,2020 1089,2020 1115,2018 1141,2018 1166,2016 1192,2015 1218,2014 1244,2013 1269,2012 1295,2011 1321,2010 1347,2008 1373,2008 1373,1974 1347,1974 1321,1976 1295,1977 1269,1978 1244,1979 1218,1980 1192,1981 1166,1982 1141,1984 1115,1984 1089,1986 1063,1986 1038,1987 1012,1987 986,1988 960,1988 935,1988"/>
                <Baseline points="935,2011 960,2011 986,2011 1012,2010 1038,2010 1063,2009 1089,2009 1115,2007 1141,2007 1166,2005 1192,2004 1218,2003 1244,2002 1269,2001 1295,2000 1321,1999 1347,1997 1373,1997"/>
                <TextEquiv>
                    <Unicode>herido con una flecha</Unicode>
                </TextEquiv>
            </TextLine>
            <TextLine id="r_9_1l13" custom="readingOrder {index:12;}">
                <Coords points="943,2071 968,2071 994,2071 1020,2070 1046,2070 1071,2069 1097,2068 1123,2067 1149,2066 1175,2065 1200,2064 1226,2063 1252,2061 1278,2060 1303,2059 1329,2058 1355,2057 1381,2055 1407,2054 1407,2020 1381,2021 1355,2023 1329,2024 1303,2025 1278,2026 1252,2027 1226,2029 1200,2030 1175,2031 1149,2032 1123,2033 1097,2034 1071,2035 1046,2036 1020,2036 994,2037 968,2037 943,2037"/>
                <Baseline points="943,2060 968,2060 994,2060 1020,2059 1046,2059 1071,2058 1097,2057 1123,2056 1149,2055 1175,2054 1200,2053 1226,2052 1252,2050 1278,2049 1303,2048 1329,2047 1355,2046 1381,2044 1407,2043"/>
                <TextEquiv>
                    <Unicode>el mio has aprisionado.</Unicode>
                </TextEquiv>
            </TextLine>
            <TextLine id="r_9_1l14" custom="readingOrder {index:13;}">
                <Coords points="991,2118 1018,2118 1045,2117 1073,2116 1100,2116 1127,2115 1155,2114 1182,2113 1209,2111 1237,2110 1264,2109 1291,2108 1319,2107 1346,2106 1373,2104 1401,2104 1428,2102 1455,2101 1483,2101 1510,2099 1538,2099 1538,2065 1510,2065 1483,2067 1455,2067 1428,2068 1401,2070 1373,2070 1346,2072 1319,2073 1291,2074 1264,2075 1237,2076 1209,2077 1182,2079 1155,2080 1127,2081 1100,2082 1073,2082 1045,2083 1018,2084 991,2084"/>
                <Baseline points="991,2107 1018,2107 1045,2106 1073,2105 1100,2105 1127,2104 1155,2103 1182,2102 1209,2100 1237,2099 1264,2098 1291,2097 1319,2096 1346,2095 1373,2093 1401,2093 1428,2091 1455,2090 1483,2090 1510,2088 1538,2088"/>
                <TextEquiv>
                    <Unicode>No me harto de escucharte</Unicode>
                </TextEquiv>
            </TextLine>
            <TextLine id="r_9_1l15" custom="readingOrder {index:14;}">
                <Coords points="951,2170 976,2169 1002,2169 1028,2168 1054,2167 1079,2166 1105,2165 1131,2164 1157,2163 1182,2162 1208,2161 1234,2160 1260,2158 1285,2157 1311,2156 1337,2155 1363,2154 1389,2154 1389,2120 1363,2120 1337,2121 1311,2122 1285,2123 1260,2124 1234,2126 1208,2127 1182,2128 1157,2129 1131,2130 1105,2131 1079,2132 1054,2133 1028,2134 1002,2135 976,2135 951,2136"/>
                <Baseline points="951,2159 976,2158 1002,2158 1028,2157 1054,2156 1079,2155 1105,2154 1131,2153 1157,2152 1182,2151 1208,2150 1234,2149 1260,2147 1285,2146 1311,2145 1337,2144 1363,2143 1389,2143"/>
                <TextEquiv>
                    <Unicode>bellisima encantadora </Unicode>
                </TextEquiv>
            </TextLine>
            <TextLine id="r_9_1l16" custom="readingOrder {index:15;}">
                <Coords points="952,2219 978,2218 1004,2217 1030,2216 1057,2215 1083,2214 1109,2213 1135,2212 1162,2211 1188,2210 1214,2209 1241,2208 1267,2207 1293,2206 1319,2205 1346,2204 1372,2202 1398,2201 1425,2200 1425,2166 1398,2167 1372,2168 1346,2170 1319,2171 1293,2172 1267,2173 1241,2174 1214,2175 1188,2176 1162,2177 1135,2178 1109,2179 1083,2180 1057,2181 1030,2182 1004,2183 978,2184 952,2185"/>
                <Baseline points="952,2208 978,2207 1004,2206 1030,2205 1057,2204 1083,2203 1109,2202 1135,2201 1162,2200 1188,2199 1214,2198 1241,2197 1267,2196 1293,2195 1319,2194 1346,2193 1372,2191 1398,2190 1425,2189"/>
                <TextEquiv>
                    <Unicode>no me harto de mirarte</Unicode>
                </TextEquiv>
            </TextLine>
            <TextLine id="r_9_1l17" custom="readingOrder {index:16;}">
                <Coords points="961,2272 986,2270 1011,2269 1036,2267 1061,2266 1087,2264 1112,2263 1137,2262 1162,2261 1187,2259 1213,2259 1238,2257 1263,2257 1288,2256 1313,2255 1339,2254 1364,2253 1389,2252 1414,2251 1439,2250 1465,2250 1465,2216 1439,2216 1414,2217 1389,2218 1364,2219 1339,2220 1313,2221 1288,2222 1263,2223 1238,2223 1213,2225 1187,2225 1162,2227 1137,2228 1112,2229 1087,2230 1061,2232 1036,2233 1011,2235 986,2236 961,2238"/>
                <Baseline points="961,2261 986,2259 1011,2258 1036,2256 1061,2255 1087,2253 1112,2252 1137,2251 1162,2250 1187,2248 1213,2248 1238,2246 1263,2246 1288,2245 1313,2244 1339,2243 1364,2242 1389,2241 1414,2240 1439,2239 1465,2239"/>
                <TextEquiv>
                    <Unicode>porque para mi eres sola,</Unicode>
                </TextEquiv>
            </TextLine>
            <TextEquiv>
                <Unicode>seré firme en el querer
porque tus disposiciones
he llegado á conocer.
Bendita seas tan hermosa
nunca te podré olvidar, 
con tus megillas de rosa
toda llena de azahar
me pareces una diosa.
Como eres tan bien portada,
tienes hermosa presencia,
el corazon me has robado
herido con una flecha
el mio has aprisionado.
No me harto de escucharte
bellisima encantadora 
no me harto de mirarte
porque para mi eres sola,</Unicode>
            </TextEquiv>
        </TextRegion>
        <GraphicRegion id="Graphic_1607004412517_2202" custom="readingOrder {index:5;}">
            <Coords points="681,185 1112,175 1112,987 681,997"/>
        </GraphicRegion>
        <GraphicRegion id="Graphic_1607004430054_2206" custom="readingOrder {index:6;}">
            <Coords points="207,1008 680,1003 680,344 207,349"/>
        </GraphicRegion>
    </Page>
</PcGts>
