1648 2380
573 218 1262 284 CANCION
401 332 1416 430 DEL PEREGIL DE ANDALUCIA.
251 570 821 624 Quien compra, la verdulera
200 642 754 696 quién compra, la hortelana
201 713 708 768 traigo la fruta mas sana,
197 785 648 843 mas fina y particular,
197 857 745 917 al pimiento á la alcachofa,
199 931 704 986 la zanahoria y el pepino;
195 1003 759 1060 que tierno es mi lechugino,
203 1077 763 1129 quién me lo quiere comprar
199 1147 674 1201 á tres cuartos la docena
196 1219 626 1274 de matas de torongil,
943 568 1450 626 yerva-buena de la buena
943 641 1495 699 quien me compra el peregil.
982 713 1491 769 Tengo yo un mozo cosio
937 789 1473 844 que me riega la hortaliza,
943 861 1464 918 y al que me mira le atiza,
927 933 1373 986 con zandunga y caliá;
930 1004 1469 1059 si alguno de los presentes
931 1077 1426 1132 me quiere algo comprar
929 1152 1496 1202 que se arrime á la hortelana
936 1207 1481 1277 que vende con equiá
725 1638 1075 1704 FIN.
525 2145 1366 2198 REIMPRESO EN CARMONA:—1861.
261 2215 1520 2269 Imp. de D. José María Moreno, calle de Madre de Dios núm. 1.
