1765 2512
190 266 683 311 será imposible olvidarte.
235 314 661 358 Si me llegára á faltar
189 361 741 409 la palabra que me has dado
187 414 579 457 seria mi muerte tal,
195 458 719 506 que á no tenerte á mi lado
191 512 559 554 moriria sin tardar.
229 557 739 601 Dulce hechiso de mi vida
195 611 583 649 yo nunca te faltaré,
203 655 693 699 tu eres para mi escogida
201 704 615 751 y así puedes conocer
197 748 769 801 que un amante nunca olvida.
249 797 741 849 ¡Que dichoso es este dia
208 844 807 897 que tu amor me has declarado
199 898 701 947 y que hermosa compañía
201 947 613 991 es el tener á su lado
199 995 685 1040 á un amante que queria!
245 1042 766 1088 Adios, prenda de mi vida
207 1091 682 1138 escogida entre mugeres
211 1140 649 1187 pronto será mi venida
201 1188 749 1234 no olvides al que se muere
207 1236 767 1286 porque este nunca te olvida.
249 1285 765 1330 Si es que vas, dueño mio,
205 1332 753 1379 no tardes mucho en volver
208 1382 773 1431 que cuando no estoy contigo
209 1432 721 1477 no sé lo que voy á hacer,
208 1481 767 1527 en tu ausencia lloro y gimo.
266 1528 751 1571 Como soy tu amante fino
209 1577 719 1622 las quejas te vengo á dar
216 1627 794 1671 á otro he visto hablar contigo
221 1674 675 1720 y esa es poca voluntad
211 1724 767 1770 la que has tenido conmigo.
261 1772 780 1815 Escucha, querido amante
213 1820 643 1866 si tienes celos de mi
220 1868 811 1915 yo tambien he visto hablarte
227 1921 645 1964 con otra dama, y así
228 1966 743 2013 eso no es amar constante.
273 2012 901 2060 Aunque los hombres hablemos
225 2064 792 2110 con doscientas mil mugeres
223 2113 743 2158 nosotros nunca perdemos
227 2162 735 2208 y al lado siempre se tiene
229 2211 779 2254 la dama que mas queremos.
275 2260 823 2303 El que á mi me tenga amor
231 2311 712 2353 con otra no debe hablar
916 252 1418 291 aunque haya satisfaccion
922 300 1404 339 conmigo no ha de jugar,
923 348 1419 388 si así quiere, y si gó no.
965 395 1491 434 Si tu no quieres que hable
919 442 1479 483 aun cuando me hables á mi,
931 491 1482 533 tú no has de mirar á nadie,
917 539 1441 580 ni de aqui me has de salir
924 588 1437 629 ni al paseo ni á los bailes.
969 636 1449 678 Tanto me vas sugetando
933 686 1432 727 que no me quieres dejar;
938 735 1473 775 que me divierta yó, cuando
927 783 1409 823 no es tuya la propiedad,
935 831 1463 878 y ya quieres tener mando.
977 880 1491 920 Yo no tengo mando en ti,
923 931 1465 974 porque eres muy novelera
937 979 1369 1017 y no me obliges á mi
938 1026 1535 1069 que hable con quien yo quiera
943 1076 1493 1119 que no lo has de consegnir.
981 1125 1391 1164 Con esa cara tan fea
949 1175 1432 1216 y esas narices tan largas
943 1222 1561 1263 no habrá muger que te quiera,
947 1270 1391 1312 porque tu cabeza cana
951 1319 1348 1359 parece una calavera.
979 1367 1462 1406 Tu tienes pelo prestado
949 1417 1355 1460 una carilla de mona,
952 1463 1509 1507 mas fea no la he encontrado
945 1514 1367 1555 nada vale tu persona,
951 1563 1471 1605 por eso no te has casado.
999 1612 1459 1651 Si no me he casado yo
945 1660 1595 1700 no tengo á quien darle cuenta
954 1708 1471 1749 tu eres un hombre panzon
960 1759 1508 1797 con cuatro palmos de geta,
955 1806 1409 1847 grandisimo borrachon.
1008 1854 1420 1893 Adios calderila vieja,
955 1904 1391 1944 lechucilla de Navarra,
958 1952 1374 1992 que se vea tu cabeza
955 2003 1357 2041 de balas apedreada,
955 2051 1374 2091 adios cara de coneja.
1000 2097 1505 2139 Anda con Dios berganton
951 2146 1517 2188 abestruz, con mil demonios,
957 2196 1437 2237 mal formado y cabezon.
951 2244 1504 2286 con las patas como un lobo
968 2295 1403 2337 cara de diablo mayor.
