1752 2480
60 226 498 266 le respondio el molmuero,
57 275 490 311 no me quiebre la cabeza,
51 323 563 366 y en viniendo su marido
53 369 514 406 pregúntele cuanto quiera:
51 416 467 453 tomó la escalera abajo,
55 463 473 501 y en ropas menores ella
55 509 424 549 salió para detenerlo,
47 557 485 597 llegan los dos á la puerta
56 605 531 644 donde vió estaba su esposo
63 652 487 692 con capotillo y montera
51 698 446 737 que parece un arriero,
59 747 526 785 su vara en el cinto puesta;
57 794 402 832 ella le dice, señor,
58 840 458 879 has mudado de librea?
59 888 447 928 es mejor ser molinero
58 936 478 974 ó es mejor la molinera?
63 983 483 1027 por que ella se traslució
64 1031 484 1071 aquello mismo que era:
59 1076 409 1120 pasen Vds, adentro
63 1126 477 1165 sin armar risa ni fiesta,
67 1172 497 1213 que vá la gente pasando
59 1220 603 1265 y entenderán que es comedia;
69 1268 491 1310 pasaron los dos adentro,
60 1316 606 1358 y á cambiar su ropa empiezan;
63 1365 472 1401 mientras la depositaria
65 1411 414 1450 le dijo á la cocinera
60 1457 573 1497 que compusiera un almuerzo
63 1507 498 1544 de cosa frita en cazuela,
66 1553 464 1592 y con el ama de llaves
58 1602 469 1639 mandó por la molinera,
67 1648 470 1688 la cual al instante vino
74 1696 517 1735 portada como una Reina;
63 1744 492 1785 y dijo ya estamos juntos
61 1791 518 1831 los cuatro de la comedia;
59 1838 477 1878 se sentaron á almorzar
67 1886 509 1925 todos de risa y de fiesta,
773 215 1122 255 pero la depositaria
780 265 1184 303 muy astuta y lisonjera,
771 310 1383 351 tomó un vaso y echó un Irindis,
776 361 1170 399 y dijo : por la primera,
772 407 1198 443 á la salud de los novios,
775 455 1155 491 dióselo á la molinera;
778 500 1164 539 y dijo por la segunda
776 547 1271 587 brindo por ser mas pequeña
775 595 1180 633 á la salud del dormido
772 643 1220 680 y toda la noche en vela;
782 688 1155 727 dióselo al depositario
779 739 1176 776 y dijo : por la tercera,
780 783 1187 823 á la salud del que tuvo
784 832 1260 872 tras de cuernos penitencia;
783 878 1155 921 y dióselo al molinero
791 926 1271 965 quien díjo; por la postrera,
779 972 1187 1015 á la salud del que supo
786 1020 1232 1061 cobrar del todo la deuda,
777 1068 1207 1109 á mi no me deben nada
781 1115 1329 1155 que he ajustado bien la cuenta,
789 1164 1196 1205 y salgo nueve por tres,
787 1213 1099 1252 y sino dígalo ella:
787 1259 1221 1297 bien está, dijeronstodos,
792 1305 1205 1344 vaya de risa y de fiesta.
793 1353 1219 1393 Se despidieron gustosos,
787 1380 1383 1444 y cada uno ásu hembra
792 1430 1381 1489 le preguntaba diciendo:
783 1484 1382 1538 qué tal te ha ido en la fiesta?
795 1544 1225 1583 Tomad ejemplo, galanes,
785 1591 1313 1630 cuenta con el cuento, cuenta,
796 1638 1240 1678 que si ha tenido desquite,
790 1686 1205 1725 otro puede no lo tenga.
789 1734 1194 1771 Y ahora Pedro Marin,
792 1763 1385 1820 advierte que no es novela
794 1828 1221 1869 que por testigo de vista
791 1876 1235 1917 pone al ciego de la Peña.
678 2113 812 2153 FIN.
583 2292 931 2334 CARMONA:—1858.
174 2335 1291 2386 Imp. de D, José M, Moreño, calle Juan de la Cabra núm. 4.
