1737 2508
369 202 758 238 lesamarró su caballo,
363 248 804 284 ató el suyo por la rienda,
364 295 766 330 salió á la calle furioso
366 341 846 379 desempedrando las piedras,
367 389 711 425 casa del deposiiario
367 436 876 478 llegó, y tocando á la puertá
365 484 793 522 abrió el negro cuidadoso
360 530 902 590 creyendo que su amo era
368 578 890 635 que como lleva el caballo
368 623 895 687 y el molinero que lleva
359 673 731 715 toda la ropa del amo
355 720 899 783 no dudó de la certeza:
360 768 779 808 tomó la oscalera arriba,
361 813 900 868 y como estaban las puertas
352 865 902 915 abiertas para en viniendo
351 912 880 952 no fué menester que abriera;
360 959 901 1013 fué al cuarto de la señora
362 1005 835 1045 que estaba como una reina
363 1054 814 1093 entregada al dulce sueño,
353 1101 897 1162 y acostándose con ella
352 1148 901 1206 aunque al pronto despertó
358 1195 734 1236 ella se pensó que era
356 1242 894 1293 su esposo que habiá venido
348 1289 895 1352 y lo dejó que anduviera
354 1336 899 1401 por los campos deleitosos
348 1384 899 1449 dando brincos y carreras
348 1435 897 1497 el uno por la venganza
346 1480 897 1541 y el otro por cosa nueva:
353 1528 709 1567 vamos al depositario
352 1575 767 1617 comenzaremos la fiesta,
352 1623 869 1681 pues apenas despertó
351 1672 754 1712 para saber qué hora era,
343 1718 668 1758 acordóse del reloj
346 1763 826 1808 que estaba en la faltriquera
344 1813 780 1856 de la chupa y levantóse,
346 1858 795 1903 vió que su chupa no era,
340 1909 739 1950 le dice, mujer levanta
338 1955 834 2000 mira qué chupa es aquesta,
340 2003 742 2043 parece la de tu esposo:
336 2052 874 2095 cierto, la hemos hecho buena,
341 2097 872 2140 por dónde diablos ha entrado
340 2147 855 2189 si están cerradas las puertas?
329 2196 668 2234 ella le dice, señor,
329 2242 766 2281 él tiene otra llave nueva,
335 2290 763 2329 pero como Vd. me dijo
1083 190 1613 238 seguro está que viniera;
1093 238 1608 285 por eso yo me entregué
1096 283 1614 334 tan fácilmente y ligera
1093 338 1613 382 para que ahora mi esposo
1094 394 1578 431 viendo á sus ojos la ofensa,
1092 442 1522 474 ne dé la muerte furioso
1095 489 1531 523 por liviana y deshónesta;
1083 535 1487 570 mientras el depositario
1091 582 1583 621 se puso entre enfado y pena
1084 631 1454 665 la ropa del molinero,
1088 677 1498 718 su capotillo y montera,
1095 726 1452 763 unas polainas raidas,
1087 771 1553 815 y un zapato de tres suelas,
1092 821 1468 858 que parecia un gañan
1081 869 1486 907 haciendo da sementera,
1080 915 1612 977 fué y desamarró el caballo
1081 958 1613 1033 y vió que el suyo no era,
1084 1010 1611 1081 aquí se colmó del todo,
1079 1062 1605 1127 y no de trigo, la media,
1079 1110 1492 1145 salió á la calle enojado
1073 1154 1482 1194 discurriendo mil ideas,
1084 1204 1619 1274 qué le diria á su esposa
1078 1250 1526 1295 ver que su ropa no lleva;
1071 1299 1408 1334 afligido y pesaroso
1076 1347 1582 1389 llegó, y tocando á la puerta
1073 1394 1507 1433 salió el negro cuidadoso
1073 1441 1525 1483 preguntándole quién era:
1072 1490 1526 1531 abre, Manuel, á tu amo;
1076 1537 1512 1578 qué amo ni qué friolera,
1080 1584 1620 1637 vaya á engañar al demonio
1071 1634 1438 1671 con aquesa paroleta,
1072 1679 1610 1741 que há que mi amo entró
1068 1729 1616 1785 mas de dos horas y media:
1071 1776 1580 1819 abre, Manuel, que es engaño;
1064 1821 1550 1867 vaya á engañar á su abuela,
1059 1869 1584 1912 mas viendo que no es posible
1059 1918 1571 1963 el amo que el mozo abriera,
1067 1968 1506 2006 allí se mantuvo el pobre
1059 2014 1498 2056 hasta que el dia viniera.
1079 2064 1455 2102 Viendo la depositaria
1058 2112 1552 2153 que aquel su esposo no era,
1059 2161 1552 2197 le dice; señor, qué es esto?
1053 2208 1526 2246 qué traicion ha sido esta ?
1055 2256 1569 2294 cómo entró Vd. en mi casa?
1057 2307 1591 2345 y mi esposo dónde queda?
