1765 2512
219 185 675 221 este fué el primer motiyo
215 232 728 269 que el depositario encuentra
216 280 691 319 para hablarle á esta señora,
214 327 640 366 diciendo que lo quisiera,
222 375 574 411 que seria respetada,
218 422 708 456 ella, el molino y sus tierras;
216 468 598 503 y como el depositario
208 516 712 552 era hombre de altas prendas
209 562 616 601 quedó ella enamorada,
210 612 620 649 y convino con su idea,
209 659 672 694 mas le dijo que su esposo
204 705 676 745 de noche duerme con ella;
202 753 636 789 respondió el depositario
206 800 828 841 yo dispondré que hoy no duerma,
208 849 632 883 se despidieron gustosos
207 895 670 934 hasta que la noche venga.
203 945 688 982 Luego mandó á un arriero,
208 992 624 1027 hijo de la misma tierra,
208 1038 659 1073 le lleve un cahiz de trigo
208 1086 726 1123 al molino, y que era fuerza
208 1132 655 1171 antes que viniese el dia
199 1180 830 1220 en el Pósito estuviera:
198 1229 750 1268 serian las oraciones
200 1276 769 1315 cuando el arriero llega
204 1324 818 1360 al molino con el trigo
206 1372 826 1408 y entregó la papeleta;
205 1420 828 1455 echaron mano á moler
208 1467 832 1501 por acabar mas apriesa
202 1513 832 1549 mas el mancebo advirtiendo
202 1561 647 1599 por aquella noche misma
204 1610 602 1647 no podia ir á su casa,
201 1657 682 1696 mucho lo siente y se queja,
203 1703 633 1741 y le dice el oficial:
208 1751 672 1792 vayá usted, no se detenga,
195 1798 640 1836 que tengo lugar bastante
200 1847 654 1886 aunque otro cahiz viniera,
197 1895 651 1931 y con esta confianza
199 1941 802 1978 tomó de Arcos la vuelta.
202 1989 590 2026 Vamos al depositario
200 2035 807 2075 que para lograr su empresa
188 2083 828 2123 se le hacen las horas años
190 2132 590 2172 por ver á la molinera,
191 2182 831 2217 y á las ánimas en punto
186 2229 668 2267 mandó que le compusieran
192 2276 665 2317 el caballo que iba al campo
949 187 1346 229 á hacer una diligencia;
953 235 1283 275 pero la depositaria
944 283 1382 327 lo creyó por cosa cierta;
946 329 1406 373 tenia un negro en su casa
943 376 1440 421 llamado Manuel de Cuenca,
944 423 1428 467 el cual le ensilló el caballo,
939 471 1400 512 mas al salir por la puerta
939 518 1386 557 le dijo el amo á Manuel:
939 566 1411 604 ten cuidado cuando venga
939 613 1373 653 para que la puerta abras
940 662 1482 703 sin que un punto te detengas:
936 711 1396 750 con esto picó el caballo,
932 756 1372 798 fué á ver á la molinera,
932 804 1432 841 ella que lo está aguardando
927 851 1398 890 al punto abrióle la puerta,
940 897 1382 937 en el patio ató el caballo,
930 948 1386 985 y empezaron la contienda,
927 996 1371 1030 y hartos ya de divertirse
927 1042 1408 1082 ambos se pidieron treguas,
935 1091 1458 1129 y quedándose dormidos
936 1137 1327 1175 el molinero que llega,
929 1185 1494 1224 sacó la llave y abrió
927 1233 1499 1275 mas al entrar por la puerta
936 1279 1494 1320 en el patio vió el caballo
927 1328 1499 1367 y adquirió alguna sospecha
928 1375 1498 1413 dijo á su salvo conducto
925 1420 1474 1466 sin duda que aquesta es treta,
929 1467 1340 1509 y sin diferencia alguna
927 1517 1411 1557 el pájaro está en la percha,
931 1565 1316 1604 ojalá y fuera verdad,
931 1612 1372 1652 tuviéramos noche buena:
931 1659 1338 1698 y con un grande sigilo
929 1706 1330 1745 y con mucha sutileza
932 1755 1394 1795 fué ápartando las cortinas,
927 1800 1431 1841 y vió que en su cama misma
925 1848 1308 1886 dormia el depositario
926 1896 1458 1938 con su esposa amada y bella;
923 1945 1278 1984 agarró toda su ropa,
928 1993 1354 2032 salióse al patio con ella,
924 2038 1320 2080 desnudóse de la suya,
924 2088 1336 2126 pónese pieza por pieza,
928 2135 1500 2170 hizo de la suya un lio
928 2181 1488 2228 que ni aun el diablo lo hieiera,
923 2231 1366 2269 la puso en la misma silla,
928 2280 1356 2321 que estaba á la cabecera,
