1737 2508
1260 198 1512 351 (Núm. 175)
383 1153 1381 1213 DON PEDRO SALINAS.
239 1277 1531 1328 Nuevo romance, de los arrojos, muertes y valentías que hizo
351 1338 1413 1389 este caballero, natural de la ciudad de Jaen.
226 1542 710 1577 Escuchenme los valientes
188 1587 730 1623 los que presumen de altivos,
189 1631 667 1665 preciandose de alentados,
181 1674 638 1708 y de armas guarnecidos,
188 1717 798 1751 que andais como horribles fieras:
188 1761 644 1795 por ciudades y caminos;
187 1804 756 1839 suspended vuestra arrogancia,
185 1848 716 1882 mientras que paso á deciros
188 1891 616 1926 del mas valeroso joven,
181 1935 755 1969 que en este mundo ha nacido.
184 1980 602 2015 En la ciudad de Jaén,
181 2024 572 2056 cabeza de su partido,
192 2066 660 2100 nació Don Pedro Salinas,
179 2111 664 2143 de nobles padres, y ricos:
184 2154 594 2187 lo criaron con regalo,
191 2198 683 2231 siendo de muchos servido.
186 2242 588 2274 Era en toda la ciudad
187 2285 681 2318 el tal Don Pedro aplaudido
180 2328 614 2365 por sus generosidades,
180 2374 576 2411 y su cortesano estilo,
900 1541 1410 1572 A los veinte y cuatro años,
908 1583 1508 1619 que eran de su edad cumplidos,
900 1627 1372 1660 murió su padre, y dejóle
912 1670 1378 1704 de su caudal el dominio.
903 1715 1393 1747 Estando un dia en su casa
910 1758 1482 1793 ha entrado un hombre afligido,
911 1801 1432 1836 diciendo: Señor Don Pedro,
904 1844 1352 1879 á valerme de su ausilio,
913 1889 1401 1924 vengo, porque de millones
910 1933 1412 1967 los guardas, en el camino,
912 1978 1474 2015 cuatro cargas me han quitado,
907 2021 1279 2054 que traía de tocino,,
912 2066 1430 2100 y á mi me vienen siguiendo,
911 2110 1424 2144 para prenderme esto es fijo.
908 2152 1386 2187 Estando en estas razones.
908 2198 1438 2234 miró hácia la puerta, y vido,
910 2241 1402 2274 que entra el administrador
908 2285 1434 2322 con sus guardas muy altivo,
912 2329 1360 2361 para quererlos prender;
907 2374 1367 2411 y cortés Don Pedro dijo:
