1737 2508
289 253 759 288 vé diciendo desta suerte:
301 295 791 333 Quién compra tabaco fino?
291 339 843 375 que quiero ver si los guardas
289 384 793 418 se me atreven á impedirlo;
291 428 757 466 y previniendo sus armas.
289 471 801 506 en su compañía se ha ido.
288 515 698 550 A la fábrica llegaron,
296 557 685 594 adonde la ronda vido
290 602 771 636 del tabaco, y él entonces,
298 645 800 680 quién compra tabaco? dijo:
293 688 742 723 y los guardas admirados
293 733 688 766 de ver este desatino,
295 776 724 812 temerosos y asustados,
299 820 827 854 ni una palabra le han dicho.
297 863 752 898 Luego el administrador,
302 907 888 941 por un papel que le ha escrito,
299 951 728 985 diciendo: que si queria
304 995 758 1029 pagando á su precio fijo,
304 1039 758 1072 venderle todo el tabaco?
299 1081 834 1116 Don Pedro le ha respondido,
304 1125 840 1158 que sí, con que á plata y oro
295 1169 740 1202 todo se lo ha reducido.
304 1212 822 1245 Se fué al reino de Valencia,
306 1255 815 1290 donde empleó en seda lisa.
309 1299 783 1332 Desde allí pasó á Granada,
304 1343 766 1377 porque un amigo le dijo,
307 1387 739 1420 como se despacha bien
302 1431 654 1463 el género referido;
301 1474 784 1507 pero en el pinar de Baza
303 1515 843 1551 un mal encuentro ha tenido
299 1559 829 1593 sobre defender su hacienda,
301 1602 850 1636 dió muerte á cinco vandidos;
303 1647 841 1680 y así que los vido en tierra,
307 1689 651 1725 á su criado le dijo
310 1734 779 1768 que les corte las cabezas,
315 1778 866 1810 y que las cuelgue en un pino;
303 1821 763 1855 y el mozo con desahogo
314 1865 787 1898 luego al instante lo hizo,
311 1908 809 1941 Y prosiguiendo su intento,
312 1952 894 1986 entró en Granada un domingo,
312 1995 836 2030 y en el meson de la Espada
307 2039 789 2073 con su seda se ha metido,
306 2084 730 2116 adonde por un soplon,
316 2125 895 2160 que á los guardas les dió aviso,
309 2170 719 2203 acudió toda la ronda;
315 2213 826 2246 Don Pedro asi que los vido,
310 2257 858 2290 metiendo mano á sus armas,
309 2301 840 2334 dice: Qué se ofrece, amigos?
314 2345 784 2378 Y el señor guarda mayor
1005 242 1488 281 al instante á respondido:
1016 288 1504 323 Saber de un poco de seda,
1015 331 1596 366 que dicen, que usted ha traido,
1014 375 1527 410 y por cumplir con la orden,
1010 419 1528 453 el despacho es lo que pido.
1011 462 1508 498 Pero con grande frescura,
1007 505 1438 541 Salinas ha respondido:
1007 549 1485 586 Seiscientas libras de seda
1011 593 1587 628 son las que aquí traigo, amigos,
1007 634 1451 672 sin despacho, porque yo
1018 681 1518 715 nunca ando con papelillos;
1019 723 1541 759 pero si el despacho quieren,
1018 765 1488 802 les despacharé al proviso
1021 811 1518 846 desta suerte, y disparando,
1016 854 1508 890 á tres se llevó de un tiro:
1015 898 1451 934 los otros le dispararon,
1019 942 1459 979 y con solo cuatro tiros
1018 985 1499 1021 á Don Pedro le quemaron
1029 1028 1497 1064 por tres partes el vestido.
1015 1072 1536 1107 Llegó el mozo por un lado,
1023 1115 1530 1151 que estaba puesto en aviso,
1024 1158 1490 1194 y de un fuerte trabucazo
1028 1202 1500 1238 á tres partió por el cinto.
1019 1246 1545 1282 En este tiempo á Don Pedro
1027 1290 1619 1325 quien es el soplon le han dicho,
1023 1334 1501 1369 y de un fuerte carabinazo
1028 1377 1527 1413 les ha soplado los sentidos,
1025 1421 1471 1457 A san Gerónimo fueron,
1029 1463 1485 1500 por librarse del peligro:
1031 1508 1492 1543 y así que vendió la seda,
1030 1551 1504 1587 del convento se ha salido
1027 1595 1520 1631 á una cierta dependencia,
1036 1638 1505 1674 donde un pícaro atrevido
1028 1682 1549 1717 con otros seis en compañia,
1023 1726 1455 1762 cabezas de poco juicio,
1034 1769 1494 1804 quisieron burlarse de él,
1031 1813 1498 1848 y Don Pedro enfurecido,
1033 1858 1499 1893 arrancando de un puñal,
1028 1901 1426 1936 como fiero basilisco,
1036 1945 1467 1979 á golpes y á puñaladas,
1027 1988 1483 2022 á tres les dejó tendidos:
1039 2031 1472 2066 y los otros se escaparon
1035 2075 1542 2109 huyendo, muy mal heridos.
1036 2118 1506 2154 Y Don Pedro y su criado,
1035 2162 1469 2198 para Malaga se han ido,
1037 2207 1500 2242 pero en la playa de Velez
1035 2249 1433 2284 le salieron al camino
1039 2294 1577 2328 diez y seis moros, que eran,
1028 2339 1442 2375 al parecer, argelinos.
