1765 2512
212 286 679 324 Señor ese pobre hombre
207 331 693 368 de mi á valerse á venido.
215 376 633 414 y lo tengo de amparar,
213 417 765 455 con que asi á ustedes suplico,
213 462 765 500 el que le vuelvan las cargas,
219 504 711 546 y que se le dé un registro,
215 548 813 590 que aqui estan cuatro doblones,
215 592 697 629 no se le haga descamino,
227 635 749 674 que yo á tan grande merced,
228 677 735 716 siempre estaré agradecido:
223 723 768 760 Y mirando hácia los guardas,
223 769 608 805 el administador dijo.
217 813 661 847 Entren y saquen el reo,
227 853 805 891 porque vo empaños no admito.
234 900 642 934 Viendo la desatencion
223 944 635 979 Salinas quedó corrido,
227 987 637 1026 y con grande disimúlo
224 1030 732 1065 en su cuarto se ha metido,
221 1075 731 1117 y previniendo una charpa,
229 1117 667 1153 se la puso, y al proviso
226 1161 662 1196 á un trabuco naranjero
225 1205 701 1241 siete balas le ha metido,
234 1248 711 1286 y haciéndoles cara á todos
227 1291 705 1327 desta forma les ha dicho:
223 1334 667 1372 Al que fuere desatento,
235 1379 704 1415 yo sabré darle el castigo:
227 1422 740 1459 disparó, y con tal violencia
227 1465 646 1503 salió del cañon el tiro,
229 1509 754 1546 que derribó cuatro guardas,
234 1553 728 1590 y al administrador, cinco:
233 1597 679 1633 los otros le dispararon,
235 1640 735 1677 viendo el estrago que hizo,
236 1685 716 1720 mas fué su fortuna tanta,
237 1727 772 1764 que ninguno le ha ofendido;
239 1771 760 1808 con que, dejando las cargas,
244 1815 759 1852 huyen los que quedan vivos.
238 1859 666 1894 Entrególas á su dueño,
247 1902 759 1939 y desta suerte le ha dicho,
240 1946 681 1982 que se fuera y á caballo
240 1989 797 2028 lo acompañó hasta el camino.
236 2034 704 2070 El se volvió á la ciudad,
252 2078 672 2115 donde le dieron aviso,
249 2121 679 2159 que el señor Corregidor
251 2165 671 2203 contra el tenia escrito
245 2210 705 2246 un proceso, y á la noche
247 2254 717 2291 se fué á su casa atrevido,
245 2296 735 2334 á tiempo que los porteros
251 2341 705 2380 todos estaban dormidos;
245 2385 693 2425 subióse á la sala, donde
943 272 1321 309 estaba desprevenido
943 316 1380 354 del caso el Corregidor,
944 355 1463 397 quitóse el sombrero, y dijo:
943 400 1469 438 Tenga, Usia, buenas noches,
940 445 1377 482 y sepa, que soy venido,
942 487 1405 526 á que me dé los papeles,
947 529 1499 570 que contra mi tiene escritos;
947 573 1463 613 esto ha de ser sin remedio,
943 617 1457 659 porque ya es empeño mio.
951 662 1365 701 El Corregidor turbado,
941 707 1381 743 dandoselos, dijo amigo,
937 748 1497 788 á eso solo es vuestro empeño,
951 792 1387 830 asios obedezco y sirvo.
949 834 1457 874 Tomólos, y en su presencia
947 879 1420 918 dos mil pedazos los hizo,
947 922 1435 962 diciéndole así: Agradezca
947 965 1505 1006 que con él no hago lo mismo,
953 1009 1441 1048 pero si en la dependencia
947 1054 1435 1092 se anda con mas escritos,
943 1096 1391 1136 no dejaré en la ciudad
947 1141 1444 1178 á mis manos hombre vivo.
953 1186 1403 1221 Volviéndole las espaldas,
947 1230 1397 1267 hácia su casa se ha ido;
955 1272 1405 1309 y tomando dos caballos,
951 1315 1476 1353 un mozo y un buen bolsillo,
953 1359 1383 1396 á Sevilla se fué, donde
949 1405 1355 1442 cargó de tabaco fino,
955 1445 1404 1483 y á Jaen, para venderlo
951 1490 1381 1527 ha tomado su destino:
959 1534 1411 1576 y prosiguiendo su viage,
962 1578 1414 1614 en la mitad del camino,
956 1623 1346 1659 para quererlo robar,
959 1664 1435 1701 diez gitanos le han salido:
960 1709 1438 1745 Pero Don Pedro animoso,
955 1754 1401 1790 al intante que los vido,
963 1797 1419 1833 echó mano á su trabuco,
963 1840 1417 1879 y al mozo señas le hizo.
963 1882 1503 1923 y aun tiempo les dispararon,
967 1927 1471 1965 siendo tan ciertos los tiros,
969 1967 1507 2009 que de los diez, se quedaron
966 2015 1431 2052 seis en el suelo tendidos.
973 2061 1423 2097 y los otros se escaparon,
967 2103 1445 2140 sin decir, á Dios, amigos.
965 2148 1369 2184 En fin llegan á Jaen,
969 2191 1419 2228 con contento y regocijo,
979 2234 1405 2271 y á otro dia de mañana
967 2278 1375 2316 a un costalero le dijo:
971 2319 1533 2361 Ponte este fardo en el ombro,
963 2367 1447 2416 y por las calles a gritos.
