1765 2512
113 280 547 314 Embistiéronle furiosos,
117 325 601 359 pero Don Pedro atrevido,
114 368 576 402 con su valerosa espada,
120 412 508 443 colérico y encendido
115 455 528 486 á golpes y á cuchillas
118 499 550 532 á todos los ha rendido;
111 542 611 580 y dejando cuatro muertos
119 586 627 619 manejó muy bien los vivos:
123 630 588 661 á Málaga llegó, y dando
119 673 579 708 al general los cautivos,
120 716 506 752 estimando su valor,
116 761 662 794 mucho se lo ha agradocido,
120 805 658 837 El señor marqués de Lede,
123 848 730 879 que estaba á este tiempo mismo
122 891 598 925 en Málaga con la órden
116 934 624 970 de núestro invicto Felipe,
124 980 668 1014 para ir al campo de Ceuta,
122 1023 560 1058 viendo su valor y brio,
116 1066 688 1100 le ha dicho: senor Don Pedro,
116 1110 607 1142 cierto, que yo agradecido
124 1153 616 1188 estimára, en mi compaña,
123 1197 599 1231 viniera á Ceuta conmigo,
128 1240 552 1275 dándole una compañía,
128 1284 540 1317 de granaderos altivos,
122 1327 564 1361 y que con ella sirviera,
121 1372 600 1404 al rey Don Felipe quinto.
121 1415 583 1446 Don Pedro le respondió,
116 1457 590 1490 mostrándose agradecido:
128 1501 640 1538 Yo estimo el favor tan alto,
121 1544 537 1580 y el mayor afecto mio
122 1589 654 1622 será siempre contra infieles,
126 1631 588 1667 defender la fé de Cristo,
117 1676 591 1712 y así, sepa su ecselencia,
128 1721 700 1753 que á servir al rey me animo.
121 1764 522 1799 Entonces el general,
120 1806 524 1843 certificando lo dicho,
122 1851 576 1885 con apasible semblante,
119 1894 587 1927 le dió la mano de amigo.
121 1937 644 1971 Y á otro dia se embarcaron
124 1983 632 2017 en dos muy fuertes navíos,
839 276 1289 311 y á Ceuta llegaron todos,
833 319 1286 351 con contento y regocijo,
841 362 1289 399 y á las primeras salidas,
838 405 1296 440 que este caballero hizo,
835 449 1408 482 se engolfó tanto en los moros,
842 493 1290 526 con tal valor y tal brio,
844 537 1390 571 que á pesar de todos, cuantos
835 580 1284 615 estaban para impedirlo,
840 623 1278 658 tres estandartes reales,
844 668 1332 701 trajo en la plaza rendidos,
837 711 1279 746 y á los pies del general
839 754 1306 788 los puso, diciendo altivo:
840 798 1296 832 Recíbalos su ecselencia,
842 841 1259 874 y pordone, señor mio.
847 885 1282 918 El general le responde.
841 928 1372 963 Estos son buenos principios,
847 973 1343 1006 y es justo que se premien,
841 1016 1468 1049 con que asi al premio me obligo.
840 1059 1374 1094 Levantóse, en fin, el campo,
837 1103 1354 1139 y á la Corte se han partido,
849 1148 1294 1180 donde al rey el general
848 1190 1336 1226 discreta informacion hizo,
848 1234 1324 1269 de su esfuerzo y su valor,
850 1277 1264 1310 y sus hechos referidos:
838 1320 1358 1356 Y nuestro invicto monarca,
841 1364 1338 1398 atendiendo á sus servicios,
840 1408 1357 1442 una encomienda le ha dado
839 1452 1234 1486 de Santiago bendito,
849 1495 1245 1529 y coronel de caballos
840 1539 1302 1573 luego al instante lo hizo,
847 1582 1280 1616 donde gustoso se queda
839 1626 1319 1660 sirviendo á Felipe quinto.
846 1670 1330 1703 Dios lo libre y lo defienda
841 1713 1247 1748 de los infleles altivos,
849 1757 1335 1791 porque ganando victorias,
841 1800 1290 1834 defienda la fé de Cristo.
847 1845 1325 1878 Y aquí mi ingenio suplíca
848 1888 1302 1923 á mi auditorío atendido,
845 1933 1355 1971 que me perdonen las faltas,
847 1978 1363 2017 que estos versos han tenido.
741 2109 896 2188 FIN.
643 2284 1007 2343 CARMONA:—1854.
269 2356 1381 2420 Imprenta de D. José María Moreno, Descalzas núm, 1.
