<?xml version="1.0" encoding="UTF-8" standalone="yes"?>
<PcGts xmlns="http://schema.primaresearch.org/PAGE/gts/pagecontent/2013-07-15" xmlns:xsi="http://www.w3.org/2001/XMLSchema-instance" xsi:schemaLocation="http://schema.primaresearch.org/PAGE/gts/pagecontent/2013-07-15 http://schema.primaresearch.org/PAGE/gts/pagecontent/2013-07-15/pagecontent.xsd">
    <Metadata>
        <Creator>prov=University of Rostock/Institute of Mathematics/CITlab|PLANET AI GmbH/Gundram Leifert/gundram.leifert@planet-ai.de:name=Pliegos de Cordel (XIXe) - v3(htr_id=26984)::::v=2.6.7
prov=University of Rostock/Institute of Mathematics/CITlab|PLANET AI GmbH/Tobias Gruening/tobias.gruening@planet-ai.de:name=de.uros.citlab.module.baseline2polygon.B2PSeamMultiOriented:v=2.6.7
prov=University of Rostock/Institute of Mathematics/CITlab|PLANET AI GmbH/Tobias Gruening/tobias.gruening@planet-ai.de:name=/net_tf/LA73_249_0mod360.pb:de.uros.citlab.segmentation.CITlab_LA_ML:v=2.6.7
Transkribus</Creator>
        <Created>2020-10-27T11:06:48.751+01:00</Created>
        <LastChange>2020-10-27T15:04:03.767+01:00</LastChange>
        <TranskribusMetadata docId="525373" pageId="22318048" pageNr="13" tsid="46888860" status="DONE" userId="66244" imgUrl="https://files.transkribus.eu/Get?id=NJZTTSHOUPJYWHJNIFAPOIET&amp;fileType=view" xmlUrl="https://files.transkribus.eu/Get?id=KRNFLFGTWRBDIDXQWKEGKZRP" imageId="17387563"/>
    </Metadata>
    <Page imageFilename="Moreno_122_5.jpg" imageWidth="1737" imageHeight="2508">
        <ReadingOrder>
            <OrderedGroup id="ro_1606829689624" caption="Regions reading order">
                <RegionRefIndexed index="0" regionRef="r1"/>
            </OrderedGroup>
        </ReadingOrder>
        <TextRegion orientation="0.0" id="r1" custom="readingOrder {index:0;}">
            <Coords points="167,232 167,2218 1582,2218 1582,232"/>
            <TextLine id="r1l1" custom="readingOrder {index:0;}">
                <Coords points="1445,268 1458,270 1458,234 1445,232"/>
                <Baseline points="1445,256 1458,258"/>
                <TextEquiv>
                    <Unicode>5</Unicode>
                </TextEquiv>
            </TextLine>
            <TextLine id="r1l2" custom="readingOrder {index:1;}">
                <Coords points="216,292 242,293 268,294 294,295 320,296 346,297 372,297 398,298 424,298 450,299 477,299 503,300 529,300 555,301 581,301 607,302 633,302 659,303 685,303 711,304 738,304 738,270 711,270 685,269 659,269 633,268 607,268 581,267 555,267 529,266 503,266 477,265 450,265 424,264 398,264 372,263 346,263 320,262 294,261 268,260 242,259 216,258"/>
                <Baseline points="216,281 242,282 268,283 294,284 320,285 346,286 372,286 398,287 424,287 450,288 477,288 503,289 529,289 555,290 581,290 607,291 633,291 659,292 685,292 711,293 738,293"/>
                <TextEquiv>
                    <Unicode>Don Fernando con secreto</Unicode>
                </TextEquiv>
            </TextLine>
            <TextLine id="r1l4" custom="readingOrder {index:2;}">
                <Coords points="209,341 237,342 266,343 294,343 323,344 351,345 380,345 408,346 437,347 465,348 494,348 523,349 551,350 580,351 608,351 637,352 665,352 694,353 722,353 751,353 780,354 780,320 751,319 722,319 694,319 665,318 637,318 608,317 580,317 551,316 523,315 494,314 465,314 437,313 408,312 380,311 351,311 323,310 294,309 266,309 237,308 209,307"/>
                <Baseline points="209,330 237,331 266,332 294,332 323,333 351,334 380,334 408,335 437,336 465,337 494,337 523,338 551,339 580,340 608,340 637,341 665,341 694,342 722,342 751,342 780,343"/>
                <TextEquiv>
                    <Unicode>mandó á su esposa una carta</Unicode>
                </TextEquiv>
            </TextLine>
            <TextLine id="r1l6" custom="readingOrder {index:3;}">
                <Coords points="217,391 243,391 270,391 297,392 324,392 351,393 378,393 405,394 432,394 459,395 486,396 512,397 539,397 566,398 593,398 620,399 647,400 674,400 701,400 728,401 755,401 755,367 728,367 701,366 674,366 647,366 620,365 593,364 566,364 539,363 512,363 486,362 459,361 432,360 405,360 378,359 351,359 324,358 297,358 270,357 243,357 217,357"/>
                <Baseline points="217,380 243,380 270,380 297,381 324,381 351,382 378,382 405,383 432,383 459,384 486,385 512,386 539,386 566,387 593,387 620,388 647,389 674,389 701,389 728,390 755,390"/>
                <TextEquiv>
                    <Unicode>dándola á entender por ella</Unicode>
                </TextEquiv>
            </TextLine>
            <TextLine id="r1l8" custom="readingOrder {index:4;}">
                <Coords points="217,439 245,439 274,440 302,441 331,441 360,442 388,443 417,444 445,444 474,445 503,446 531,446 560,447 588,448 617,448 646,449 674,450 703,450 731,451 760,452 789,453 789,419 760,418 731,417 703,416 674,416 646,415 617,414 588,414 560,413 531,412 503,412 474,411 445,410 417,410 388,409 360,408 331,407 302,407 274,406 245,405 217,405"/>
                <Baseline points="217,428 245,428 274,429 302,430 331,430 360,431 388,432 417,433 445,433 474,434 503,435 531,435 560,436 588,437 617,437 646,438 674,439 703,439 731,440 760,441 789,442"/>
                <TextEquiv>
                    <Unicode>que quiere partirse á España,</Unicode>
                </TextEquiv>
            </TextLine>
            <TextLine id="r1l10" custom="readingOrder {index:5;}">
                <Coords points="209,486 234,487 260,488 286,488 312,489 337,490 363,491 389,491 415,493 440,493 466,494 492,494 518,495 543,496 569,496 595,496 621,497 647,497 647,463 621,463 595,462 569,462 543,462 518,461 492,460 466,460 440,459 415,459 389,457 363,457 337,456 312,455 286,454 260,454 234,453 209,452"/>
                <Baseline points="209,475 234,476 260,477 286,477 312,478 337,479 363,480 389,480 415,482 440,482 466,483 492,483 518,484 543,485 569,485 595,485 621,486 647,486"/>
                <TextEquiv>
                    <Unicode>y desatar tantas dudas</Unicode>
                </TextEquiv>
            </TextLine>
            <TextLine id="r1l12" custom="readingOrder {index:6;}">
                <Coords points="216,536 242,536 268,537 294,537 320,537 346,538 372,539 398,539 424,540 451,541 477,542 503,543 529,544 555,544 581,545 607,546 633,547 659,547 686,547 686,513 659,513 633,513 607,512 581,511 555,510 529,510 503,509 477,508 451,507 424,506 398,505 372,505 346,504 320,503 294,503 268,503 242,502 216,502"/>
                <Baseline points="216,525 242,525 268,526 294,526 320,526 346,527 372,528 398,528 424,529 451,530 477,531 503,532 529,533 555,533 581,534 607,535 633,536 659,536 686,536"/>
                <TextEquiv>
                    <Unicode>como se le acumulaban,</Unicode>
                </TextEquiv>
            </TextLine>
            <TextLine id="r1l14" custom="readingOrder {index:7;}">
                <Coords points="211,585 236,585 261,585 287,585 312,586 338,586 363,587 388,588 414,588 439,589 465,590 490,591 516,591 541,592 566,593 592,593 617,594 643,594 668,594 694,594 694,560 668,560 643,560 617,560 592,559 566,559 541,558 516,557 490,557 465,556 439,555 414,554 388,554 363,553 338,552 312,552 287,551 261,551 236,551 211,551"/>
                <Baseline points="211,574 236,574 261,574 287,574 312,575 338,575 363,576 388,577 414,577 439,578 465,579 490,580 516,580 541,581 566,582 592,582 617,583 643,583 668,583 694,583"/>
                <TextEquiv>
                    <Unicode>Y una noche con secreto</Unicode>
                </TextEquiv>
            </TextLine>
            <TextLine id="r1l16" custom="readingOrder {index:8;}">
                <Coords points="206,631 232,633 258,633 284,634 311,635 337,636 363,636 389,637 416,637 442,638 468,639 494,639 521,640 547,641 573,641 599,642 626,643 626,609 599,608 573,607 547,607 521,606 494,605 468,605 442,604 416,603 389,603 363,602 337,602 311,601 284,600 258,599 232,599 206,597"/>
                <Baseline points="206,620 232,622 258,622 284,623 311,624 337,625 363,625 389,626 416,626 442,627 468,628 494,628 521,629 547,630 573,630 599,631 626,632"/>
                <TextEquiv>
                    <Unicode>por una ventana baja</Unicode>
                </TextEquiv>
            </TextLine>
            <TextLine id="r1l18" custom="readingOrder {index:9;}">
                <Coords points="204,680 229,681 254,682 279,682 304,683 329,684 354,684 379,685 404,686 429,687 455,687 480,688 505,689 530,690 555,690 580,691 605,691 630,692 655,692 680,692 706,693 706,659 680,658 655,658 630,658 605,657 580,657 555,656 530,656 505,655 480,654 455,653 429,653 404,652 379,651 354,650 329,650 304,649 279,648 254,648 229,647 204,646"/>
                <Baseline points="204,669 229,670 254,671 279,671 304,672 329,673 354,673 379,674 404,675 429,676 455,676 480,677 505,678 530,679 555,679 580,680 605,680 630,681 655,681 680,681 706,682"/>
                <TextEquiv>
                    <Unicode>le dió su esposa la mano,</Unicode>
                </TextEquiv>
            </TextLine>
            <TextLine id="r1l20" custom="readingOrder {index:10;}">
                <Coords points="204,728 230,730 256,732 282,733 308,734 335,735 361,735 387,736 413,737 440,737 466,738 492,739 518,739 544,740 571,740 597,741 623,742 649,743 676,743 676,709 649,709 623,708 597,707 571,706 544,706 518,705 492,705 466,704 440,703 413,703 387,702 361,701 335,701 308,700 282,699 256,698 230,696 204,694"/>
                <Baseline points="204,717 230,719 256,721 282,722 308,723 335,724 361,724 387,725 413,726 440,726 466,727 492,728 518,728 544,729 571,729 597,730 623,731 649,732 676,732"/>
                <TextEquiv>
                    <Unicode>dinero, joyas y alhajas.</Unicode>
                </TextEquiv>
            </TextLine>
            <TextLine id="r1l3" custom="readingOrder {index:11;}">
                <Coords points="917,305 942,306 967,306 992,307 1018,307 1043,308 1068,309 1093,309 1119,310 1144,311 1169,311 1194,312 1220,312 1245,313 1270,314 1295,314 1321,315 1346,316 1371,316 1396,317 1422,318 1422,284 1396,283 1371,282 1346,282 1321,281 1295,280 1270,280 1245,279 1220,278 1194,278 1169,277 1144,277 1119,276 1093,275 1068,275 1043,274 1018,273 992,273 967,272 942,272 917,271"/>
                <Baseline points="917,294 942,295 967,295 992,296 1018,296 1043,297 1068,298 1093,298 1119,299 1144,300 1169,300 1194,301 1220,301 1245,302 1270,303 1295,303 1321,304 1346,305 1371,305 1396,306 1422,307"/>
                <TextEquiv>
                    <Unicode>Y él con encarecimientos</Unicode>
                </TextEquiv>
            </TextLine>
            <TextLine id="r1l5" custom="readingOrder {index:12;}">
                <Coords points="923,355 949,356 975,356 1002,356 1028,357 1054,357 1081,358 1107,358 1134,359 1160,359 1186,360 1213,360 1239,361 1265,361 1292,362 1318,362 1345,363 1345,329 1318,328 1292,328 1265,327 1239,327 1213,326 1186,326 1160,325 1134,325 1107,324 1081,324 1054,323 1028,323 1002,322 975,322 949,322 923,321"/>
                <Baseline points="923,344 949,345 975,345 1002,345 1028,346 1054,346 1081,347 1107,347 1134,348 1160,348 1186,349 1213,349 1239,350 1265,350 1292,351 1318,351 1345,352"/>
                <TextEquiv>
                    <Unicode>á su esposa la rogaba</Unicode>
                </TextEquiv>
            </TextLine>
            <TextLine id="r1l7" custom="readingOrder {index:13;}">
                <Coords points="924,403 954,404 984,404 1015,405 1045,405 1076,406 1106,406 1136,407 1167,407 1197,408 1228,409 1258,409 1288,410 1319,411 1349,412 1380,413 1410,414 1440,415 1471,416 1501,418 1532,419 1532,385 1501,384 1471,382 1440,381 1410,380 1380,379 1349,378 1319,377 1288,376 1258,375 1228,375 1197,374 1167,373 1136,373 1106,372 1076,372 1045,371 1015,371 984,370 954,370 924,369"/>
                <Baseline points="924,392 954,393 984,393 1015,394 1045,394 1076,395 1106,395 1136,396 1167,396 1197,397 1228,398 1258,398 1288,399 1319,400 1349,401 1380,402 1410,403 1440,404 1471,405 1501,407 1532,408"/>
                <TextEquiv>
                    <Unicode>que se entrase en un convento,</Unicode>
                </TextEquiv>
            </TextLine>
            <TextLine id="r1l9" custom="readingOrder {index:14;}">
                <Coords points="921,451 948,451 976,452 1003,453 1031,453 1058,454 1086,454 1113,455 1141,456 1168,456 1196,457 1223,457 1251,458 1278,458 1306,459 1333,460 1361,461 1388,461 1416,462 1443,464 1471,465 1471,431 1443,430 1416,428 1388,427 1361,427 1333,426 1306,425 1278,424 1251,424 1223,423 1196,423 1168,422 1141,422 1113,421 1086,420 1058,420 1031,419 1003,419 976,418 948,417 921,417"/>
                <Baseline points="921,440 948,440 976,441 1003,442 1031,442 1058,443 1086,443 1113,444 1141,445 1168,445 1196,446 1223,446 1251,447 1278,447 1306,448 1333,449 1361,450 1388,450 1416,451 1443,453 1471,454"/>
                <TextEquiv>
                    <Unicode>y que el secreto le encarga,</Unicode>
                </TextEquiv>
            </TextLine>
            <TextLine id="r1l11" custom="readingOrder {index:15;}">
                <Coords points="920,500 945,501 970,502 996,503 1021,503 1046,504 1072,504 1097,504 1122,505 1148,505 1173,505 1198,505 1224,505 1249,506 1274,506 1300,507 1325,507 1351,508 1351,474 1325,473 1300,473 1274,472 1249,472 1224,471 1198,471 1173,471 1148,471 1122,471 1097,470 1072,470 1046,470 1021,469 996,469 970,468 945,467 920,466"/>
                <Baseline points="920,489 945,490 970,491 996,492 1021,492 1046,493 1072,493 1097,493 1122,494 1148,494 1173,494 1198,494 1224,494 1249,495 1274,495 1300,496 1325,496 1351,497"/>
                <TextEquiv>
                    <Unicode>que confiaba en Jesus</Unicode>
                </TextEquiv>
            </TextLine>
            <TextLine id="r1l13" custom="readingOrder {index:16;}">
                <Coords points="928,547 953,548 978,549 1003,550 1028,551 1054,552 1079,552 1104,553 1129,553 1154,554 1180,554 1205,554 1230,555 1255,555 1280,556 1306,556 1331,557 1356,558 1381,559 1406,560 1432,561 1432,527 1406,526 1381,525 1356,524 1331,523 1306,522 1280,522 1255,521 1230,521 1205,520 1180,520 1154,520 1129,519 1104,519 1079,518 1054,518 1028,517 1003,516 978,515 953,514 928,513"/>
                <Baseline points="928,536 953,537 978,538 1003,539 1028,540 1054,541 1079,541 1104,542 1129,542 1154,543 1180,543 1205,543 1230,544 1255,544 1280,545 1306,545 1331,546 1356,547 1381,548 1406,549 1432,550"/>
                <TextEquiv>
                    <Unicode>volver con bien á su casa.</Unicode>
                </TextEquiv>
            </TextLine>
            <TextLine id="r1l15" custom="readingOrder {index:17;}">
                <Coords points="923,597 948,597 974,598 1000,599 1026,599 1052,600 1078,600 1104,601 1130,601 1156,602 1182,602 1208,603 1234,603 1260,605 1286,605 1312,607 1338,608 1338,574 1312,573 1286,571 1260,571 1234,569 1208,569 1182,568 1156,568 1130,567 1104,567 1078,566 1052,566 1026,565 1000,565 974,564 948,563 923,563"/>
                <Baseline points="923,586 948,586 974,587 1000,588 1026,588 1052,589 1078,589 1104,590 1130,590 1156,591 1182,591 1208,592 1234,592 1260,594 1286,594 1312,596 1338,597"/>
                <TextEquiv>
                    <Unicode>Pasóse él á Veracruz,</Unicode>
                </TextEquiv>
            </TextLine>
            <TextLine id="r1l17" custom="readingOrder {index:18;}">
                <Coords points="912,647 938,648 965,649 991,649 1018,649 1044,650 1071,650 1097,650 1124,650 1150,650 1177,651 1203,651 1230,651 1256,652 1283,652 1309,653 1336,654 1362,655 1389,656 1415,658 1442,660 1442,627 1415,625 1389,623 1362,622 1336,621 1309,620 1283,619 1256,619 1230,618 1203,618 1177,618 1150,617 1124,617 1097,617 1071,617 1044,617 1018,616 991,616 965,616 938,615 912,614"/>
                <Baseline points="912,636 938,637 965,638 991,638 1018,638 1044,639 1071,639 1097,639 1124,639 1150,639 1177,640 1203,640 1230,640 1256,641 1283,641 1309,642 1336,643 1362,644 1389,645 1415,647 1442,649"/>
                <TextEquiv>
                    <Unicode>y para España se embarca,</Unicode>
                </TextEquiv>
            </TextLine>
            <TextLine id="r1l19" custom="readingOrder {index:19;}">
                <Coords points="915,693 941,694 967,695 993,696 1019,697 1045,698 1071,698 1097,699 1123,700 1149,700 1175,701 1201,701 1227,702 1253,702 1279,702 1305,702 1331,702 1357,703 1383,703 1383,670 1357,670 1331,669 1305,669 1279,669 1253,669 1227,669 1201,668 1175,668 1149,667 1123,667 1097,666 1071,665 1045,665 1019,664 993,663 967,662 941,661 915,660"/>
                <Baseline points="915,682 941,683 967,684 993,685 1019,686 1045,687 1071,687 1097,688 1123,689 1149,689 1175,690 1201,690 1227,691 1253,691 1279,691 1305,691 1331,691 1357,692 1383,692"/>
                <TextEquiv>
                    <Unicode>y en otra segunda parte</Unicode>
                </TextEquiv>
            </TextLine>
            <TextLine id="r1l21" custom="readingOrder {index:20;}">
                <Coords points="920,742 945,743 970,744 996,745 1021,746 1047,746 1072,747 1098,748 1123,749 1149,750 1174,751 1200,751 1225,752 1251,752 1276,753 1302,753 1327,753 1353,753 1378,753 1404,752 1404,718 1378,719 1353,719 1327,719 1302,719 1276,719 1251,718 1225,718 1200,717 1174,717 1149,716 1123,715 1098,714 1072,713 1047,712 1021,712 996,711 970,710 945,709 920,708"/>
                <Baseline points="920,731 945,732 970,733 996,734 1021,735 1047,735 1072,736 1098,737 1123,738 1149,739 1174,740 1200,740 1225,741 1251,741 1276,742 1302,742 1327,742 1353,742 1378,742 1404,741"/>
                <TextEquiv>
                    <Unicode>se dirá lo que aquí falta.</Unicode>
                </TextEquiv>
            </TextLine>
            <TextLine id="r1l22" custom="readingOrder {index:21;}">
                <Coords points="598,921 627,922 657,922 687,922 717,923 747,924 776,924 806,925 836,926 866,926 896,927 925,928 955,928 985,929 1015,930 1045,931 1074,931 1104,932 1134,933 1164,933 1194,934 1194,898 1164,897 1134,897 1104,896 1074,895 1045,895 1015,894 985,893 955,892 925,892 896,891 866,890 836,890 806,889 776,888 747,888 717,887 687,886 657,886 627,886 598,885"/>
                <Baseline points="598,909 627,910 657,910 687,910 717,911 747,912 776,912 806,913 836,914 866,914 896,915 925,916 955,916 985,917 1015,918 1045,919 1074,919 1104,920 1134,921 1164,921 1194,922"/>
                <TextEquiv>
                    <Unicode>SEGUNDA PARTE.</Unicode>
                </TextEquiv>
            </TextLine>
            <TextLine id="r1l23" custom="readingOrder {index:22;}">
                <Coords points="198,1022 267,1023 336,1024 405,1026 474,1028 544,1030 613,1031 682,1033 751,1034 820,1036 890,1038 959,1040 1028,1041 1097,1043 1166,1044 1236,1046 1305,1047 1374,1048 1443,1049 1512,1050 1582,1051 1582,1017 1512,1016 1443,1015 1374,1014 1305,1013 1236,1012 1166,1010 1097,1009 1028,1007 959,1006 890,1004 820,1002 751,1000 682,999 613,997 544,996 474,994 405,992 336,990 267,989 198,988"/>
                <Baseline points="198,1011 267,1012 336,1013 405,1015 474,1017 544,1019 613,1020 682,1022 751,1023 820,1025 890,1027 959,1029 1028,1030 1097,1032 1166,1033 1236,1035 1305,1036 1374,1037 1443,1038 1512,1039 1582,1040"/>
                <TextEquiv>
                    <Unicode>En que se finaliza los varios sucesos y nunca esperada fortuna de este</Unicode>
                </TextEquiv>
            </TextLine>
            <TextLine id="r1l24" custom="readingOrder {index:23;}">
                <Coords points="314,1072 371,1073 429,1075 487,1077 545,1078 603,1080 661,1081 718,1083 776,1084 834,1086 892,1087 950,1088 1008,1090 1066,1091 1123,1092 1181,1093 1239,1094 1297,1095 1355,1096 1413,1096 1471,1097 1471,1063 1413,1062 1355,1062 1297,1061 1239,1060 1181,1059 1123,1058 1066,1057 1008,1056 950,1054 892,1053 834,1052 776,1050 718,1049 661,1047 603,1046 545,1044 487,1043 429,1041 371,1039 314,1038"/>
                <Baseline points="314,1061 371,1062 429,1064 487,1066 545,1067 603,1069 661,1070 718,1072 776,1073 834,1075 892,1076 950,1077 1008,1079 1066,1080 1123,1081 1181,1082 1239,1083 1297,1084 1355,1085 1413,1085 1471,1086"/>
                <TextEquiv>
                    <Unicode>mancebo natural de la ciudad de Córdoba, el cual mereció</Unicode>
                </TextEquiv>
            </TextLine>
            <TextLine id="r1l25" custom="readingOrder {index:24;}">
                <Coords points="386,1122 435,1124 485,1126 535,1127 585,1128 635,1130 685,1131 735,1132 785,1133 835,1134 885,1135 934,1136 984,1137 1034,1139 1084,1140 1134,1141 1184,1142 1234,1143 1284,1144 1334,1145 1384,1146 1384,1112 1334,1111 1284,1110 1234,1109 1184,1108 1134,1107 1084,1106 1034,1105 984,1103 934,1102 885,1101 835,1100 785,1099 735,1098 685,1097 635,1096 585,1094 535,1093 485,1092 435,1090 386,1088"/>
                <Baseline points="386,1111 435,1113 485,1115 535,1116 585,1117 635,1119 685,1120 735,1121 785,1122 835,1123 885,1124 934,1125 984,1126 1034,1128 1084,1129 1134,1130 1184,1131 1234,1132 1284,1133 1334,1134 1384,1135"/>
                <TextEquiv>
                    <Unicode>alcanzar los mas altos empleos en los reinos de las</Unicode>
                </TextEquiv>
            </TextLine>
            <TextLine id="r1l26" custom="readingOrder {index:25;}">
                <Coords points="689,1179 715,1180 741,1182 768,1182 794,1183 821,1183 847,1184 874,1184 900,1184 927,1185 953,1185 980,1185 1006,1186 1033,1186 1059,1187 1086,1188 1086,1154 1059,1153 1033,1152 1006,1152 980,1151 953,1151 927,1151 900,1150 874,1150 847,1150 821,1149 794,1149 768,1148 741,1148 715,1146 689,1145"/>
                <Baseline points="689,1168 715,1169 741,1171 768,1171 794,1172 821,1172 847,1173 874,1173 900,1173 927,1174 953,1174 980,1174 1006,1175 1033,1175 1059,1176 1086,1177"/>
                <TextEquiv>
                    <Unicode>Indias occidentales.</Unicode>
                </TextEquiv>
            </TextLine>
            <TextLine id="r1l27" custom="readingOrder {index:26;}">
                <Coords points="237,1313 262,1314 288,1315 313,1315 339,1316 365,1316 390,1317 416,1317 442,1318 467,1319 493,1320 519,1321 544,1321 570,1322 596,1323 621,1324 647,1325 673,1326 698,1327 724,1328 750,1329 750,1295 724,1294 698,1293 673,1292 647,1291 621,1290 596,1289 570,1288 544,1287 519,1287 493,1286 467,1285 442,1284 416,1283 390,1283 365,1282 339,1282 313,1281 288,1281 262,1280 237,1279"/>
                <Baseline points="237,1302 262,1303 288,1304 313,1304 339,1305 365,1305 390,1306 416,1306 442,1307 467,1308 493,1309 519,1310 544,1310 570,1311 596,1312 621,1313 647,1314 673,1315 698,1316 724,1317 750,1318"/>
                <TextEquiv>
                    <Unicode>Supuesto noble auditorio,</Unicode>
                </TextEquiv>
            </TextLine>
            <TextLine id="r1l29" custom="readingOrder {index:27;}">
                <Coords points="192,1360 220,1361 248,1362 276,1363 304,1364 332,1365 360,1366 388,1366 416,1367 444,1368 472,1369 500,1369 528,1370 556,1371 584,1372 612,1373 640,1373 668,1375 696,1375 724,1376 753,1377 753,1343 724,1342 696,1341 668,1341 640,1339 612,1339 584,1338 556,1337 528,1336 500,1335 472,1335 444,1334 416,1333 388,1332 360,1332 332,1331 304,1330 276,1329 248,1328 220,1327 192,1326"/>
                <Baseline points="192,1349 220,1350 248,1351 276,1352 304,1353 332,1354 360,1355 388,1355 416,1356 444,1357 472,1358 500,1358 528,1359 556,1360 584,1361 612,1362 640,1362 668,1364 696,1364 724,1365 753,1366"/>
                <TextEquiv>
                    <Unicode>que dije en la primera plana</Unicode>
                </TextEquiv>
            </TextLine>
            <TextLine id="r1l31" custom="readingOrder {index:28;}">
                <Coords points="194,1408 219,1409 244,1409 269,1411 295,1412 320,1412 345,1413 371,1414 396,1415 421,1415 446,1416 472,1417 497,1418 522,1418 548,1419 573,1419 598,1420 624,1420 624,1386 598,1386 573,1385 548,1385 522,1384 497,1384 472,1383 446,1382 421,1381 396,1381 371,1380 345,1379 320,1378 295,1378 269,1377 244,1375 219,1375 194,1374"/>
                <Baseline points="194,1397 219,1398 244,1398 269,1400 295,1401 320,1401 345,1402 371,1403 396,1404 421,1404 446,1405 472,1406 497,1407 522,1407 548,1408 573,1408 598,1409 624,1409"/>
                <TextEquiv>
                    <Unicode>que en esta remataria</Unicode>
                </TextEquiv>
            </TextLine>
            <TextLine id="r1l33" custom="readingOrder {index:29;}">
                <Coords points="190,1455 215,1456 240,1458 265,1460 290,1460 316,1461 341,1463 366,1463 391,1464 416,1465 442,1466 467,1466 492,1467 517,1467 542,1468 568,1469 593,1470 618,1471 643,1472 668,1473 694,1474 694,1440 668,1439 643,1438 618,1437 593,1436 568,1435 542,1434 517,1433 492,1433 467,1432 442,1432 416,1431 391,1430 366,1429 341,1429 316,1427 290,1426 265,1426 240,1424 215,1422 190,1421"/>
                <Baseline points="190,1444 215,1445 240,1447 265,1449 290,1449 316,1450 341,1452 366,1452 391,1453 416,1454 442,1455 467,1455 492,1456 517,1456 542,1457 568,1458 593,1459 618,1460 643,1461 668,1462 694,1463"/>
                <TextEquiv>
                    <Unicode>lo que en la otra faltaba,</Unicode>
                </TextEquiv>
            </TextLine>
            <TextLine id="r1l35" custom="readingOrder {index:30;}">
                <Coords points="184,1504 209,1505 235,1507 261,1507 287,1508 312,1509 338,1510 364,1511 390,1512 416,1513 441,1513 467,1514 493,1515 519,1516 544,1517 570,1517 596,1519 622,1519 648,1520 648,1486 622,1485 596,1485 570,1483 544,1483 519,1482 493,1481 467,1480 441,1479 416,1479 390,1478 364,1477 338,1476 312,1475 287,1474 261,1473 235,1473 209,1471 184,1470"/>
                <Baseline points="184,1493 209,1494 235,1496 261,1496 287,1497 312,1498 338,1499 364,1500 390,1501 416,1502 441,1502 467,1503 493,1504 519,1505 544,1506 570,1506 596,1508 622,1508 648,1509"/>
                <TextEquiv>
                    <Unicode>atencion pido, señores,</Unicode>
                </TextEquiv>
            </TextLine>
            <TextLine id="r1l37" custom="readingOrder {index:31;}">
                <Coords points="182,1553 207,1554 232,1556 258,1556 283,1557 309,1558 334,1559 360,1560 385,1560 411,1561 436,1561 462,1562 487,1562 513,1563 538,1564 564,1565 589,1566 615,1567 640,1568 666,1570 666,1537 640,1535 615,1534 589,1533 564,1532 538,1531 513,1530 487,1529 462,1529 436,1528 411,1528 385,1527 360,1527 334,1526 309,1525 283,1524 258,1523 232,1523 207,1521 182,1520"/>
                <Baseline points="182,1542 207,1543 232,1545 258,1545 283,1546 309,1547 334,1548 360,1549 385,1549 411,1550 436,1550 462,1551 487,1551 513,1552 538,1553 564,1554 589,1555 615,1556 640,1557 666,1559"/>
                <TextEquiv>
                    <Unicode>que ya voy á declararla.</Unicode>
                </TextEquiv>
            </TextLine>
            <TextLine id="r1l39" custom="readingOrder {index:32;}">
                <Coords points="185,1603 210,1603 235,1603 260,1603 285,1604 311,1605 336,1605 361,1606 386,1607 411,1608 437,1609 462,1610 487,1611 512,1612 537,1612 563,1613 563,1580 537,1579 512,1579 487,1578 462,1577 437,1576 411,1575 386,1574 361,1573 336,1572 311,1572 285,1571 260,1570 235,1570 210,1570 185,1570"/>
                <Baseline points="185,1592 210,1592 235,1592 260,1592 285,1593 311,1594 336,1594 361,1595 386,1596 411,1597 437,1598 462,1599 487,1600 512,1601 537,1601 563,1602"/>
                <TextEquiv>
                    <Unicode>Llegó con felicidad</Unicode>
                </TextEquiv>
            </TextLine>
            <TextLine id="r1l41" custom="readingOrder {index:33;}">
                <Coords points="183,1651 208,1651 234,1652 260,1652 285,1653 311,1654 337,1655 362,1655 388,1656 414,1657 439,1658 465,1658 491,1659 516,1660 542,1661 568,1662 593,1662 619,1663 645,1664 671,1665 671,1631 645,1630 619,1629 593,1628 568,1628 542,1627 516,1626 491,1625 465,1624 439,1624 414,1623 388,1622 362,1621 337,1621 311,1620 285,1619 260,1618 234,1618 208,1617 183,1617"/>
                <Baseline points="183,1640 208,1640 234,1641 260,1641 285,1642 311,1643 337,1644 362,1644 388,1645 414,1646 439,1647 465,1647 491,1648 516,1649 542,1650 568,1651 593,1651 619,1652 645,1653 671,1654"/>
                <TextEquiv>
                    <Unicode>desde Veracruz á España</Unicode>
                </TextEquiv>
            </TextLine>
            <TextLine id="r1l43" custom="readingOrder {index:34;}">
                <Coords points="184,1699 210,1700 236,1701 262,1702 288,1702 314,1703 340,1704 366,1704 392,1705 418,1705 444,1706 470,1707 496,1707 522,1708 548,1709 574,1710 600,1711 626,1712 652,1713 678,1714 678,1680 652,1679 626,1678 600,1677 574,1676 548,1675 522,1674 496,1673 470,1673 444,1672 418,1671 392,1671 366,1670 340,1670 314,1669 288,1668 262,1668 236,1667 210,1666 184,1665"/>
                <Baseline points="184,1688 210,1689 236,1690 262,1691 288,1691 314,1692 340,1693 366,1693 392,1694 418,1694 444,1695 470,1696 496,1696 522,1697 548,1698 574,1699 600,1700 626,1701 652,1702 678,1703"/>
                <TextEquiv>
                    <Unicode>el famoso don Fernando,</Unicode>
                </TextEquiv>
            </TextLine>
            <TextLine id="r1l45" custom="readingOrder {index:35;}">
                <Coords points="181,1747 206,1748 231,1749 256,1750 282,1751 307,1752 332,1752 357,1753 383,1754 408,1754 433,1755 459,1756 484,1756 509,1757 534,1758 560,1758 585,1759 610,1761 636,1761 636,1727 610,1727 585,1725 560,1724 534,1724 509,1723 484,1722 459,1722 433,1721 408,1720 383,1720 357,1719 332,1718 307,1718 282,1717 256,1716 231,1715 206,1714 181,1713"/>
                <Baseline points="181,1736 206,1737 231,1738 256,1739 282,1740 307,1741 332,1741 357,1742 383,1743 408,1743 433,1744 459,1745 484,1745 509,1746 534,1747 560,1747 585,1748 610,1750 636,1750"/>
                <TextEquiv>
                    <Unicode>con joyas y ricas galas;</Unicode>
                </TextEquiv>
            </TextLine>
            <TextLine id="r1l47" custom="readingOrder {index:36;}">
                <Coords points="188,1796 213,1797 238,1798 264,1799 289,1799 315,1800 340,1801 366,1801 391,1802 417,1802 442,1802 468,1803 493,1804 519,1804 544,1805 570,1806 595,1807 621,1809 646,1810 672,1812 672,1778 646,1776 621,1775 595,1773 570,1772 544,1771 519,1770 493,1770 468,1769 442,1768 417,1768 391,1768 366,1767 340,1767 315,1766 289,1765 264,1765 238,1764 213,1763 188,1762"/>
                <Baseline points="188,1785 213,1786 238,1787 264,1788 289,1788 315,1789 340,1790 366,1790 391,1791 417,1791 442,1791 468,1792 493,1793 519,1793 544,1794 570,1795 595,1796 621,1798 646,1799 672,1801"/>
                <TextEquiv>
                    <Unicode>saltó en tierra y luego al punto</Unicode>
                </TextEquiv>
            </TextLine>
            <TextLine id="r1l50" custom="readingOrder {index:37;}">
                <Coords points="180,1844 205,1845 230,1846 256,1846 281,1847 307,1848 332,1849 358,1850 383,1850 409,1851 434,1851 460,1852 485,1853 511,1854 536,1855 562,1856 587,1857 613,1858 638,1860 664,1862 664,1828 638,1826 613,1824 587,1823 562,1822 536,1821 511,1820 485,1819 460,1818 434,1817 409,1817 383,1816 358,1816 332,1815 307,1814 281,1813 256,1812 230,1812 205,1811 180,1810"/>
                <Baseline points="180,1833 205,1834 230,1835 256,1835 281,1836 307,1837 332,1838 358,1839 383,1839 409,1840 434,1840 460,1841 485,1842 511,1843 536,1844 562,1845 587,1846 613,1847 638,1849 664,1851"/>
                <TextEquiv>
                    <Unicode>á Madrid la vuelta daba,</Unicode>
                </TextEquiv>
            </TextLine>
            <TextLine id="r1l52" custom="readingOrder {index:38;}">
                <Coords points="179,1893 205,1894 231,1895 257,1896 284,1897 310,1897 336,1898 363,1899 389,1900 415,1900 442,1901 468,1902 494,1903 521,1903 547,1904 573,1904 600,1904 600,1870 573,1870 547,1870 521,1869 494,1869 468,1868 442,1867 415,1866 389,1866 363,1865 336,1864 310,1863 284,1863 257,1862 231,1861 205,1860 179,1859"/>
                <Baseline points="179,1882 205,1883 231,1884 257,1885 284,1886 310,1886 336,1887 363,1888 389,1889 415,1889 442,1890 468,1891 494,1892 521,1892 547,1893 573,1893 600,1893"/>
                <TextEquiv>
                    <Unicode>entre sí considerando</Unicode>
                </TextEquiv>
            </TextLine>
            <TextLine id="r1l54" custom="readingOrder {index:39;}">
                <Coords points="183,1942 209,1943 235,1943 261,1945 287,1945 313,1946 339,1947 365,1948 391,1949 417,1950 444,1951 470,1952 496,1952 522,1953 548,1954 574,1955 600,1955 626,1956 652,1956 679,1957 679,1923 652,1922 626,1922 600,1921 574,1921 548,1920 522,1919 496,1918 470,1918 444,1917 417,1916 391,1915 365,1914 339,1913 313,1912 287,1911 261,1911 235,1909 209,1909 183,1908"/>
                <Baseline points="183,1931 209,1932 235,1932 261,1934 287,1934 313,1935 339,1936 365,1937 391,1938 417,1939 444,1940 470,1941 496,1941 522,1942 548,1943 574,1944 600,1944 626,1945 652,1945 679,1946"/>
                <TextEquiv>
                    <Unicode>su fortuna y su desgracia.</Unicode>
                </TextEquiv>
            </TextLine>
            <TextLine id="r1l56" custom="readingOrder {index:40;}">
                <Coords points="175,1989 200,1990 226,1991 252,1993 278,1993 304,1994 330,1995 356,1996 382,1997 408,1998 433,1998 459,1999 485,2000 511,2001 537,2002 563,2003 589,2004 615,2006 641,2007 641,1973 615,1972 589,1970 563,1969 537,1968 511,1967 485,1966 459,1965 433,1964 408,1964 382,1963 356,1962 330,1961 304,1960 278,1959 252,1959 226,1957 200,1956 175,1955"/>
                <Baseline points="175,1978 200,1979 226,1980 252,1982 278,1982 304,1983 330,1984 356,1985 382,1986 408,1987 433,1987 459,1988 485,1989 511,1990 537,1991 563,1992 589,1993 615,1995 641,1996"/>
                <TextEquiv>
                    <Unicode>Pensativo, triste y solo,</Unicode>
                </TextEquiv>
            </TextLine>
            <TextLine id="r1l58" custom="readingOrder {index:41;}">
                <Coords points="173,2039 198,2040 224,2041 250,2041 275,2042 301,2043 327,2043 352,2044 378,2045 404,2046 430,2046 455,2047 481,2048 507,2048 532,2049 558,2050 584,2051 610,2052 610,2018 584,2017 558,2016 532,2015 507,2014 481,2014 455,2013 430,2012 404,2012 378,2011 352,2010 327,2009 301,2009 275,2008 250,2007 224,2007 198,2006 173,2005"/>
                <Baseline points="173,2028 198,2029 224,2030 250,2030 275,2031 301,2032 327,2032 352,2033 378,2034 404,2035 430,2035 455,2036 481,2037 507,2037 532,2038 558,2039 584,2040 610,2041"/>
                <TextEquiv>
                    <Unicode>dias y noches pasaba,</Unicode>
                </TextEquiv>
            </TextLine>
            <TextLine id="r1l60" custom="readingOrder {index:42;}">
                <Coords points="178,2090 205,2091 232,2091 259,2092 287,2092 314,2093 341,2093 369,2094 396,2095 423,2096 451,2096 478,2098 505,2098 532,2099 560,2100 587,2101 614,2103 642,2104 669,2105 696,2106 724,2107 724,2071 696,2070 669,2069 642,2068 614,2067 587,2065 560,2064 532,2063 505,2062 478,2062 451,2060 423,2060 396,2059 369,2058 341,2057 314,2057 287,2056 259,2056 232,2055 205,2055 178,2054"/>
                <Baseline points="178,2078 205,2079 232,2079 259,2080 287,2080 314,2081 341,2081 369,2082 396,2083 423,2084 451,2084 478,2086 505,2086 532,2087 560,2088 587,2089 614,2091 642,2092 669,2093 696,2094 724,2095"/>
                <TextEquiv>
                    <Unicode>como ausente de su esposa;</Unicode>
                </TextEquiv>
            </TextLine>
            <TextLine id="r1l62" custom="readingOrder {index:43;}">
                <Coords points="177,2141 203,2141 230,2141 257,2141 284,2142 310,2142 337,2143 364,2144 391,2144 417,2145 444,2146 471,2147 498,2148 524,2149 551,2150 578,2151 605,2152 631,2153 658,2153 685,2154 712,2154 712,2118 685,2118 658,2117 631,2117 605,2116 578,2115 551,2114 524,2113 498,2112 471,2111 444,2110 417,2109 391,2108 364,2108 337,2107 310,2106 284,2106 257,2105 230,2105 203,2105 177,2105"/>
                <Baseline points="177,2129 203,2129 230,2129 257,2129 284,2130 310,2130 337,2131 364,2132 391,2132 417,2133 444,2134 471,2135 498,2136 524,2137 551,2138 578,2139 605,2140 631,2141 658,2141 685,2142 712,2142"/>
                <TextEquiv>
                    <Unicode>que era lo que mas amaba:</Unicode>
                </TextEquiv>
            </TextLine>
            <TextLine id="r1l64" custom="readingOrder {index:44;}">
                <Coords points="167,2189 192,2189 218,2190 243,2190 269,2191 295,2192 320,2193 346,2194 372,2194 397,2196 423,2196 449,2198 474,2199 500,2200 526,2201 551,2202 577,2203 603,2204 603,2168 577,2167 551,2166 526,2165 500,2164 474,2163 449,2162 423,2160 397,2160 372,2158 346,2158 320,2157 295,2156 269,2155 243,2154 218,2154 192,2153 167,2153"/>
                <Baseline points="167,2177 192,2177 218,2178 243,2178 269,2179 295,2180 320,2181 346,2182 372,2182 397,2184 423,2184 449,2186 474,2187 500,2188 526,2189 551,2190 577,2191 603,2192"/>
                <TextEquiv>
                    <Unicode>á su fortuna se queja,</Unicode>
                </TextEquiv>
            </TextLine>
            <TextLine id="r1l28" custom="readingOrder {index:45;}">
                <Coords points="908,1332 936,1332 964,1332 992,1332 1020,1333 1049,1333 1077,1333 1105,1334 1133,1335 1161,1336 1190,1336 1218,1337 1246,1338 1274,1339 1302,1339 1331,1340 1359,1340 1387,1341 1415,1341 1443,1342 1472,1342 1472,1308 1443,1308 1415,1307 1387,1307 1359,1306 1331,1306 1302,1305 1274,1305 1246,1304 1218,1303 1190,1302 1161,1302 1133,1301 1105,1300 1077,1299 1049,1299 1020,1299 992,1298 964,1298 936,1298 908,1298"/>
                <Baseline points="908,1321 936,1321 964,1321 992,1321 1020,1322 1049,1322 1077,1322 1105,1323 1133,1324 1161,1325 1190,1325 1218,1326 1246,1327 1274,1328 1302,1328 1331,1329 1359,1329 1387,1330 1415,1330 1443,1331 1472,1331"/>
                <TextEquiv>
                    <Unicode>por ver que le fué contraria,</Unicode>
                </TextEquiv>
            </TextLine>
            <TextLine id="r1l30" custom="readingOrder {index:46;}">
                <Coords points="904,1379 932,1379 961,1380 990,1380 1019,1381 1048,1381 1076,1382 1105,1382 1134,1383 1163,1384 1192,1385 1220,1385 1249,1386 1278,1387 1307,1387 1336,1388 1364,1389 1393,1389 1422,1389 1451,1390 1480,1390 1480,1356 1451,1356 1422,1355 1393,1355 1364,1355 1336,1354 1307,1353 1278,1353 1249,1352 1220,1351 1192,1351 1163,1350 1134,1349 1105,1348 1076,1348 1048,1347 1019,1347 990,1346 961,1346 932,1345 904,1345"/>
                <Baseline points="904,1368 932,1368 961,1369 990,1369 1019,1370 1048,1370 1076,1371 1105,1371 1134,1372 1163,1373 1192,1374 1220,1374 1249,1375 1278,1376 1307,1376 1336,1377 1364,1378 1393,1378 1422,1378 1451,1379 1480,1379"/>
                <TextEquiv>
                    <Unicode>de Dios le implora el auxilio,</Unicode>
                </TextEquiv>
            </TextLine>
            <TextLine id="r1l32" custom="readingOrder {index:47;}">
                <Coords points="903,1427 928,1427 954,1428 980,1428 1006,1429 1032,1429 1058,1430 1084,1430 1110,1431 1136,1432 1162,1432 1187,1433 1213,1434 1239,1434 1265,1435 1291,1436 1317,1436 1343,1437 1369,1437 1395,1438 1421,1439 1421,1405 1395,1404 1369,1403 1343,1403 1317,1402 1291,1402 1265,1401 1239,1400 1213,1400 1187,1399 1162,1398 1136,1398 1110,1397 1084,1396 1058,1396 1032,1395 1006,1395 980,1394 954,1394 928,1393 903,1393"/>
                <Baseline points="903,1416 928,1416 954,1417 980,1417 1006,1418 1032,1418 1058,1419 1084,1419 1110,1420 1136,1421 1162,1421 1187,1422 1213,1423 1239,1423 1265,1424 1291,1425 1317,1425 1343,1426 1369,1426 1395,1427 1421,1428"/>
                <TextEquiv>
                    <Unicode>pidiendo que le amparára.</Unicode>
                </TextEquiv>
            </TextLine>
            <TextLine id="r1l34" custom="readingOrder {index:48;}">
                <Coords points="904,1476 930,1476 956,1476 983,1477 1009,1477 1035,1478 1062,1478 1088,1479 1114,1479 1141,1480 1167,1481 1193,1481 1220,1482 1246,1483 1272,1483 1299,1484 1325,1485 1351,1485 1378,1486 1378,1452 1351,1451 1325,1451 1299,1450 1272,1449 1246,1449 1220,1448 1193,1447 1167,1447 1141,1446 1114,1445 1088,1445 1062,1444 1035,1444 1009,1443 983,1443 956,1442 930,1442 904,1442"/>
                <Baseline points="904,1465 930,1465 956,1465 983,1466 1009,1466 1035,1467 1062,1467 1088,1468 1114,1468 1141,1469 1167,1470 1193,1470 1220,1471 1246,1472 1272,1472 1299,1473 1325,1474 1351,1474 1378,1475"/>
                <TextEquiv>
                    <Unicode>A si mismo se pregunta</Unicode>
                </TextEquiv>
            </TextLine>
            <TextLine id="r1l36" custom="readingOrder {index:49;}">
                <Coords points="900,1524 928,1524 956,1525 984,1525 1013,1526 1041,1526 1069,1527 1098,1528 1126,1528 1154,1529 1183,1530 1211,1530 1239,1531 1267,1532 1296,1533 1324,1534 1352,1534 1381,1535 1409,1536 1437,1536 1466,1537 1466,1503 1437,1502 1409,1502 1381,1501 1352,1500 1324,1500 1296,1499 1267,1498 1239,1497 1211,1496 1183,1496 1154,1495 1126,1494 1098,1494 1069,1493 1041,1492 1013,1492 984,1491 956,1491 928,1490 900,1490"/>
                <Baseline points="900,1513 928,1513 956,1514 984,1514 1013,1515 1041,1515 1069,1516 1098,1517 1126,1517 1154,1518 1183,1519 1211,1519 1239,1520 1267,1521 1296,1522 1324,1523 1352,1523 1381,1524 1409,1525 1437,1525 1466,1526"/>
                <TextEquiv>
                    <Unicode>cual juez de su propia causa;</Unicode>
                </TextEquiv>
            </TextLine>
            <TextLine id="r1l38" custom="readingOrder {index:50;}">
                <Coords points="904,1575 929,1575 955,1574 981,1574 1006,1575 1032,1575 1058,1575 1083,1576 1109,1576 1135,1577 1160,1577 1186,1578 1212,1579 1237,1579 1263,1580 1289,1580 1314,1581 1340,1581 1366,1582 1392,1582 1392,1548 1366,1548 1340,1547 1314,1547 1289,1546 1263,1546 1237,1545 1212,1545 1186,1544 1160,1543 1135,1543 1109,1542 1083,1542 1058,1541 1032,1541 1006,1541 981,1540 955,1540 929,1541 904,1541"/>
                <Baseline points="904,1564 929,1564 955,1563 981,1563 1006,1564 1032,1564 1058,1564 1083,1565 1109,1565 1135,1566 1160,1566 1186,1567 1212,1568 1237,1568 1263,1569 1289,1569 1314,1570 1340,1570 1366,1571 1392,1571"/>
                <TextEquiv>
                    <Unicode>¡que desdicha fué la mia!</Unicode>
                </TextEquiv>
            </TextLine>
            <TextLine id="r1l40" custom="readingOrder {index:51;}">
                <Coords points="900,1624 925,1623 951,1623 977,1623 1003,1623 1028,1623 1054,1623 1080,1624 1106,1624 1132,1625 1157,1626 1183,1626 1209,1627 1235,1628 1261,1628 1286,1629 1312,1629 1338,1629 1364,1629 1390,1629 1390,1595 1364,1595 1338,1595 1312,1595 1286,1595 1261,1594 1235,1594 1209,1593 1183,1592 1157,1592 1132,1591 1106,1590 1080,1590 1054,1589 1028,1589 1003,1589 977,1589 951,1589 925,1589 900,1590"/>
                <Baseline points="900,1613 925,1612 951,1612 977,1612 1003,1612 1028,1612 1054,1612 1080,1613 1106,1613 1132,1614 1157,1615 1183,1615 1209,1616 1235,1617 1261,1617 1286,1618 1312,1618 1338,1618 1364,1618 1390,1618"/>
                <TextEquiv>
                    <Unicode>¿yo por ventura fuí causa</Unicode>
                </TextEquiv>
            </TextLine>
            <TextLine id="r1l42" custom="readingOrder {index:52;}">
                <Coords points="897,1670 923,1670 949,1670 975,1670 1001,1671 1027,1671 1053,1672 1079,1672 1105,1673 1131,1673 1157,1674 1183,1674 1209,1675 1235,1676 1261,1676 1287,1677 1313,1678 1339,1678 1365,1679 1391,1679 1418,1680 1418,1646 1391,1645 1365,1645 1339,1644 1313,1644 1287,1643 1261,1642 1235,1642 1209,1641 1183,1640 1157,1640 1131,1639 1105,1639 1079,1638 1053,1638 1027,1637 1001,1637 975,1636 949,1636 923,1636 897,1636"/>
                <Baseline points="897,1659 923,1659 949,1659 975,1659 1001,1660 1027,1660 1053,1661 1079,1661 1105,1662 1131,1662 1157,1663 1183,1663 1209,1664 1235,1665 1261,1665 1287,1666 1313,1667 1339,1667 1365,1668 1391,1668 1418,1669"/>
                <TextEquiv>
                    <Unicode>del defecto de mis padres,</Unicode>
                </TextEquiv>
            </TextLine>
            <TextLine id="r1l44" custom="readingOrder {index:53;}">
                <Coords points="897,1719 926,1719 955,1720 985,1720 1014,1721 1043,1721 1073,1722 1102,1722 1131,1723 1161,1723 1190,1724 1219,1725 1249,1725 1278,1726 1307,1727 1337,1727 1366,1728 1395,1729 1425,1730 1454,1731 1484,1732 1484,1698 1454,1697 1425,1696 1395,1695 1366,1694 1337,1693 1307,1693 1278,1692 1249,1691 1219,1691 1190,1690 1161,1689 1131,1689 1102,1688 1073,1688 1043,1687 1014,1687 985,1686 955,1686 926,1685 897,1685"/>
                <Baseline points="897,1708 926,1708 955,1709 985,1709 1014,1710 1043,1710 1073,1711 1102,1711 1131,1712 1161,1712 1190,1713 1219,1714 1249,1714 1278,1715 1307,1716 1337,1716 1366,1717 1395,1718 1425,1719 1454,1720 1484,1721"/>
                <TextEquiv>
                    <Unicode>que en mi son penas dobladas?</Unicode>
                </TextEquiv>
            </TextLine>
            <TextLine id="r1l46" custom="readingOrder {index:54;}">
                <Coords points="896,1768 922,1768 948,1769 974,1769 1001,1769 1027,1770 1053,1770 1079,1771 1106,1771 1132,1772 1158,1773 1184,1773 1211,1774 1237,1774 1263,1775 1289,1775 1316,1776 1342,1776 1368,1777 1395,1777 1395,1743 1368,1743 1342,1742 1316,1742 1289,1741 1263,1741 1237,1740 1211,1740 1184,1739 1158,1739 1132,1738 1106,1737 1079,1737 1053,1736 1027,1736 1001,1735 974,1735 948,1735 922,1734 896,1734"/>
                <Baseline points="896,1757 922,1757 948,1758 974,1758 1001,1758 1027,1759 1053,1759 1079,1760 1106,1760 1132,1761 1158,1762 1184,1762 1211,1763 1237,1763 1263,1764 1289,1764 1316,1765 1342,1765 1368,1766 1395,1766"/>
                <TextEquiv>
                    <Unicode>que pague la culpa el reo</Unicode>
                </TextEquiv>
            </TextLine>
            <TextLine id="r1l49" custom="readingOrder {index:55;}">
                <Coords points="891,1814 917,1815 943,1816 969,1816 995,1817 1021,1817 1047,1818 1074,1819 1100,1819 1126,1819 1152,1820 1178,1821 1204,1821 1230,1822 1257,1822 1283,1823 1309,1824 1335,1824 1361,1825 1387,1826 1414,1827 1414,1793 1387,1792 1361,1791 1335,1790 1309,1790 1283,1789 1257,1788 1230,1788 1204,1787 1178,1787 1152,1786 1126,1785 1100,1785 1074,1785 1047,1784 1021,1783 995,1783 969,1782 943,1782 917,1781 891,1780"/>
                <Baseline points="891,1803 917,1804 943,1805 969,1805 995,1806 1021,1806 1047,1807 1074,1808 1100,1808 1126,1808 1152,1809 1178,1810 1204,1810 1230,1811 1257,1811 1283,1812 1309,1813 1335,1813 1361,1814 1387,1815 1414,1816"/>
                <TextEquiv>
                    <Unicode>es muy justo que se haga;</Unicode>
                </TextEquiv>
            </TextLine>
            <TextLine id="r1l51" custom="readingOrder {index:56;}">
                <Coords points="901,1866 926,1866 952,1866 977,1866 1003,1866 1028,1866 1054,1866 1079,1867 1105,1867 1130,1868 1156,1868 1181,1869 1207,1870 1232,1870 1258,1871 1283,1871 1309,1872 1334,1873 1360,1873 1385,1874 1411,1875 1411,1841 1385,1840 1360,1839 1334,1839 1309,1838 1283,1837 1258,1837 1232,1836 1207,1836 1181,1835 1156,1834 1130,1834 1105,1833 1079,1833 1054,1832 1028,1832 1003,1832 977,1832 952,1832 926,1832 901,1832"/>
                <Baseline points="901,1855 926,1855 952,1855 977,1855 1003,1855 1028,1855 1054,1855 1079,1856 1105,1856 1130,1857 1156,1857 1181,1858 1207,1859 1232,1859 1258,1860 1283,1860 1309,1861 1334,1862 1360,1862 1385,1863 1411,1864"/>
                <TextEquiv>
                    <Unicode>pero aquel que no la tiene</Unicode>
                </TextEquiv>
            </TextLine>
            <TextLine id="r1l53" custom="readingOrder {index:57;}">
                <Coords points="895,1913 922,1913 949,1914 976,1914 1003,1914 1031,1915 1058,1916 1085,1916 1112,1917 1139,1917 1167,1918 1194,1919 1221,1920 1248,1920 1275,1921 1303,1922 1330,1922 1357,1923 1384,1923 1411,1924 1439,1924 1439,1890 1411,1890 1384,1889 1357,1889 1330,1888 1303,1888 1275,1887 1248,1886 1221,1886 1194,1885 1167,1884 1139,1883 1112,1883 1085,1882 1058,1882 1031,1881 1003,1880 976,1880 949,1880 922,1879 895,1879"/>
                <Baseline points="895,1902 922,1902 949,1903 976,1903 1003,1903 1031,1904 1058,1905 1085,1905 1112,1906 1139,1906 1167,1907 1194,1908 1221,1909 1248,1909 1275,1910 1303,1911 1330,1911 1357,1912 1384,1912 1411,1913 1439,1913"/>
                <TextEquiv>
                    <Unicode>donde hay ley para pagarla?</Unicode>
                </TextEquiv>
            </TextLine>
            <TextLine id="r1l55" custom="readingOrder {index:58;}">
                <Coords points="891,1963 917,1963 943,1963 969,1963 996,1963 1022,1963 1048,1964 1074,1964 1101,1964 1127,1965 1153,1965 1179,1966 1206,1966 1232,1967 1258,1968 1284,1969 1311,1970 1337,1971 1363,1972 1390,1973 1390,1939 1363,1938 1337,1937 1311,1936 1284,1935 1258,1934 1232,1933 1206,1932 1179,1932 1153,1931 1127,1931 1101,1930 1074,1930 1048,1930 1022,1929 996,1929 969,1929 943,1929 917,1929 891,1929"/>
                <Baseline points="891,1952 917,1952 943,1952 969,1952 996,1952 1022,1952 1048,1953 1074,1953 1101,1953 1127,1954 1153,1954 1179,1955 1206,1955 1232,1956 1258,1957 1284,1958 1311,1959 1337,1960 1363,1961 1390,1962"/>
                <TextEquiv>
                    <Unicode>Arguyéndose á si mismo,</Unicode>
                </TextEquiv>
            </TextLine>
            <TextLine id="r1l57" custom="readingOrder {index:59;}">
                <Coords points="894,2010 919,2011 945,2011 970,2011 996,2012 1021,2012 1047,2013 1072,2013 1098,2014 1123,2014 1149,2014 1174,2015 1200,2015 1225,2016 1251,2016 1276,2017 1302,2018 1302,1984 1276,1983 1251,1982 1225,1982 1200,1981 1174,1981 1149,1980 1123,1980 1098,1980 1072,1979 1047,1979 1021,1978 996,1978 970,1977 945,1977 919,1977 894,1976"/>
                <Baseline points="894,1999 919,2000 945,2000 970,2000 996,2001 1021,2001 1047,2002 1072,2002 1098,2003 1123,2003 1149,2003 1174,2004 1200,2004 1225,2005 1251,2005 1276,2006 1302,2007"/>
                <TextEquiv>
                    <Unicode>en esto se desvelaba;</Unicode>
                </TextEquiv>
            </TextLine>
            <TextLine id="r1l59" custom="readingOrder {index:60;}">
                <Coords points="891,2059 916,2059 942,2059 968,2059 994,2060 1020,2060 1046,2060 1072,2061 1098,2062 1124,2062 1150,2063 1176,2064 1202,2064 1228,2065 1254,2066 1280,2067 1306,2068 1332,2068 1332,2034 1306,2034 1280,2033 1254,2032 1228,2031 1202,2030 1176,2030 1150,2029 1124,2028 1098,2028 1072,2027 1046,2026 1020,2026 994,2026 968,2025 942,2025 916,2025 891,2025"/>
                <Baseline points="891,2048 916,2048 942,2048 968,2048 994,2049 1020,2049 1046,2049 1072,2050 1098,2051 1124,2051 1150,2052 1176,2053 1202,2053 1228,2054 1254,2055 1280,2056 1306,2057 1332,2057"/>
                <TextEquiv>
                    <Unicode>encontró con un ardid,</Unicode>
                </TextEquiv>
            </TextLine>
            <TextLine id="r1l61" custom="readingOrder {index:61;}">
                <Coords points="887,2109 915,2109 943,2109 971,2109 999,2109 1027,2109 1055,2110 1084,2110 1112,2111 1140,2112 1168,2112 1196,2113 1224,2114 1252,2114 1281,2115 1309,2115 1337,2116 1365,2117 1393,2117 1421,2117 1450,2117 1450,2083 1421,2083 1393,2083 1365,2083 1337,2082 1309,2081 1281,2081 1252,2080 1224,2080 1196,2079 1168,2078 1140,2078 1112,2077 1084,2076 1055,2076 1027,2075 999,2075 971,2075 943,2075 915,2075 887,2075"/>
                <Baseline points="887,2098 915,2098 943,2098 971,2098 999,2098 1027,2098 1055,2099 1084,2099 1112,2100 1140,2101 1168,2101 1196,2102 1224,2103 1252,2103 1281,2104 1309,2104 1337,2105 1365,2106 1393,2106 1421,2106 1450,2106"/>
                <TextEquiv>
                    <Unicode>que á su intento acomodaba.</Unicode>
                </TextEquiv>
            </TextLine>
            <TextLine id="r1l63" custom="readingOrder {index:62;}">
                <Coords points="886,2157 917,2158 948,2158 979,2159 1010,2159 1042,2159 1073,2160 1104,2160 1135,2161 1166,2161 1198,2162 1229,2162 1260,2163 1291,2164 1322,2165 1354,2165 1385,2167 1416,2168 1447,2169 1478,2170 1510,2171 1510,2137 1478,2136 1447,2135 1416,2134 1385,2133 1354,2131 1322,2131 1291,2130 1260,2129 1229,2128 1198,2128 1166,2127 1135,2127 1104,2126 1073,2126 1042,2125 1010,2125 979,2125 948,2124 917,2124 886,2123"/>
                <Baseline points="886,2146 917,2147 948,2147 979,2148 1010,2148 1042,2148 1073,2149 1104,2149 1135,2150 1166,2150 1198,2151 1229,2151 1260,2152 1291,2153 1322,2154 1354,2154 1385,2156 1416,2157 1447,2158 1478,2159 1510,2160"/>
                <TextEquiv>
                    <Unicode>que el que entendimiento tiene,</Unicode>
                </TextEquiv>
            </TextLine>
            <TextLine id="r1l65" custom="readingOrder {index:63;}">
                <Coords points="880,2207 906,2207 933,2208 960,2208 987,2209 1014,2210 1041,2210 1067,2211 1094,2212 1121,2212 1148,2213 1175,2213 1202,2214 1229,2215 1255,2215 1282,2216 1309,2216 1336,2217 1363,2217 1390,2218 1417,2218 1417,2182 1390,2182 1363,2181 1336,2181 1309,2180 1282,2180 1255,2179 1229,2179 1202,2178 1175,2177 1148,2177 1121,2176 1094,2176 1067,2175 1041,2174 1014,2174 987,2173 960,2172 933,2172 906,2171 880,2171"/>
                <Baseline points="880,2195 906,2195 933,2196 960,2196 987,2197 1014,2198 1041,2198 1067,2199 1094,2200 1121,2200 1148,2201 1175,2201 1202,2202 1229,2203 1255,2203 1282,2204 1309,2204 1336,2205 1363,2205 1390,2206 1417,2206"/>
                <TextEquiv>
                    <Unicode>algunos conceptos se halla</Unicode>
                </TextEquiv>
            </TextLine>
            <TextEquiv>
                <Unicode>5&#xD;
Don Fernando con secreto&#xD;
mandó á su esposa una carta&#xD;
dándola á entender por ella&#xD;
que quiere partirse á España,&#xD;
y desatar tantas dudas&#xD;
como se le acumulaban,&#xD;
Y una noche con secreto&#xD;
por una ventana baja&#xD;
le dió su esposa la mano,&#xD;
dinero, joyas y alhajas.&#xD;
Y él con encarecimientos&#xD;
á su esposa la rogaba&#xD;
que se entrase en un convento,&#xD;
y que el secreto le encarga,&#xD;
que confiaba en Jesus&#xD;
volver con bien á su casa.&#xD;
Pasóse él á Veracruz,&#xD;
y para España se embarca,&#xD;
y en otra segunda parte&#xD;
se dirá lo que aquí falta.&#xD;
SEGUNDA PARTE.&#xD;
En que se finaliza los varios sucesos y nunca esperada fortuna de este&#xD;
mancebo natural de la ciudad de Córdoba, el cual mereció&#xD;
alcanzar los mas altos empleos en los reinos de las&#xD;
Indias occidentales.&#xD;
Supuesto noble auditorio,&#xD;
que dije en la primera plana&#xD;
que en esta remataria&#xD;
lo que en la otra faltaba,&#xD;
atencion pido, señores,&#xD;
que ya voy á declararla.&#xD;
Llegó con felicidad&#xD;
desde Veracruz á España&#xD;
el famoso don Fernando,&#xD;
con joyas y ricas galas;&#xD;
saltó en tierra y luego al punto&#xD;
á Madrid la vuelta daba,&#xD;
entre sí considerando&#xD;
su fortuna y su desgracia.&#xD;
Pensativo, triste y solo,&#xD;
dias y noches pasaba,&#xD;
como ausente de su esposa;&#xD;
que era lo que mas amaba:&#xD;
á su fortuna se queja,&#xD;
por ver que le fué contraria,&#xD;
de Dios le implora el auxilio,&#xD;
pidiendo que le amparára.&#xD;
A si mismo se pregunta&#xD;
cual juez de su propia causa;&#xD;
¡que desdicha fué la mia!&#xD;
¿yo por ventura fuí causa&#xD;
del defecto de mis padres,&#xD;
que en mi son penas dobladas?&#xD;
que pague la culpa el reo&#xD;
es muy justo que se haga;&#xD;
pero aquel que no la tiene&#xD;
donde hay ley para pagarla?&#xD;
Arguyéndose á si mismo,&#xD;
en esto se desvelaba;&#xD;
encontró con un ardid,&#xD;
que á su intento acomodaba.&#xD;
que el que entendimiento tiene,&#xD;
algunos conceptos se halla</Unicode>
            </TextEquiv>
        </TextRegion>
    </Page>
</PcGts>
