<?xml version="1.0" encoding="UTF-8" standalone="yes"?>
<PcGts xmlns="http://schema.primaresearch.org/PAGE/gts/pagecontent/2013-07-15" xmlns:xsi="http://www.w3.org/2001/XMLSchema-instance" xsi:schemaLocation="http://schema.primaresearch.org/PAGE/gts/pagecontent/2013-07-15 http://schema.primaresearch.org/PAGE/gts/pagecontent/2013-07-15/pagecontent.xsd">
    <Metadata>
        <Creator>prov=University of Rostock/Institute of Mathematics/CITlab|PLANET AI GmbH/Gundram Leifert/gundram.leifert@planet-ai.de:name=Pliegos de Cordel (XIXe) - v3(htr_id=26984)::::v=2.6.7
prov=University of Rostock/Institute of Mathematics/CITlab|PLANET AI GmbH/Tobias Gruening/tobias.gruening@planet-ai.de:name=de.uros.citlab.module.baseline2polygon.B2PSeamMultiOriented:v=2.6.7
prov=University of Rostock/Institute of Mathematics/CITlab|PLANET AI GmbH/Tobias Gruening/tobias.gruening@planet-ai.de:name=/net_tf/LA73_249_0mod360.pb:de.uros.citlab.segmentation.CITlab_LA_ML:v=2.6.7
Transkribus</Creator>
        <Created>2020-10-27T11:06:48.720+01:00</Created>
        <LastChange>2020-10-27T15:02:45.963+01:00</LastChange>
        <TranskribusMetadata docId="525373" pageId="22318047" pageNr="12" tsid="46888769" status="DONE" userId="66244" imgUrl="https://files.transkribus.eu/Get?id=BVBUPHNSKWUSUAOBKAEFJANO&amp;fileType=view" xmlUrl="https://files.transkribus.eu/Get?id=XMYWVHOXQDTAEPLLEQNGPDWK" imageId="17387562"/>
    </Metadata>
    <Page imageFilename="Moreno_122_4.jpg" imageWidth="1765" imageHeight="2512">
        <ReadingOrder>
            <OrderedGroup id="ro_1606829689558" caption="Regions reading order">
                <RegionRefIndexed index="0" regionRef="r1"/>
                <RegionRefIndexed index="1" regionRef="r2"/>
            </OrderedGroup>
        </ReadingOrder>
        <TextRegion orientation="0.0" id="r1" custom="readingOrder {index:0;}">
            <Coords points="200,179 200,2173 855,2173 855,179"/>
            <TextLine id="r1l1" custom="readingOrder {index:0;}">
                <Coords points="381,213 401,215 401,181 381,179"/>
                <Baseline points="381,202 401,204"/>
                <TextEquiv>
                    <Unicode>4</Unicode>
                </TextEquiv>
            </TextLine>
            <TextLine id="r1l2" custom="readingOrder {index:1;}">
                <Coords points="248,255 274,257 301,258 328,259 355,260 382,261 408,261 435,262 462,262 489,263 516,264 542,264 569,265 596,266 623,266 650,267 676,269 703,270 730,271 757,273 784,276 784,242 757,239 730,237 703,236 676,235 650,233 623,232 596,232 569,231 542,230 516,230 489,229 462,228 435,228 408,227 382,227 355,226 328,225 301,224 274,223 248,221"/>
                <Baseline points="248,244 274,246 301,247 328,248 355,249 382,250 408,250 435,251 462,251 489,252 516,253 542,253 569,254 596,255 623,255 650,256 676,258 703,259 730,260 757,262 784,265"/>
                <TextEquiv>
                    <Unicode>de mi hija ha sido aquesta,</Unicode>
                </TextEquiv>
            </TextLine>
            <TextLine id="r1l3" custom="readingOrder {index:2;}">
                <Coords points="247,307 272,307 297,308 323,308 348,309 374,309 399,309 425,310 450,310 476,311 501,312 527,312 552,313 578,314 603,315 629,316 654,318 680,319 680,285 654,284 629,282 603,281 578,280 552,279 527,278 501,278 476,277 450,276 425,276 399,275 374,275 348,275 323,274 297,274 272,273 247,273"/>
                <Baseline points="247,296 272,296 297,297 323,297 348,298 374,298 399,298 425,299 450,299 476,300 501,301 527,301 552,302 578,303 603,304 629,305 654,307 680,308"/>
                <TextEquiv>
                    <Unicode>con él intento casarla;</Unicode>
                </TextEquiv>
            </TextLine>
            <TextLine id="r1l4" custom="readingOrder {index:3;}">
                <Coords points="242,357 269,357 296,357 323,358 350,358 378,358 405,359 432,359 459,360 486,360 514,361 541,362 568,363 595,363 622,364 650,365 677,366 704,366 731,367 758,368 786,368 786,335 758,335 731,334 704,333 677,333 650,332 622,331 595,330 568,330 541,329 514,328 486,327 459,327 432,326 405,326 378,325 350,325 323,325 296,324 269,324 242,324"/>
                <Baseline points="242,346 269,346 296,346 323,347 350,347 378,347 405,348 432,348 459,349 486,349 514,350 541,351 568,352 595,352 622,353 650,354 677,355 704,355 731,356 758,357 786,357"/>
                <TextEquiv>
                    <Unicode>ya que no hay otro remedio</Unicode>
                </TextEquiv>
            </TextLine>
            <TextLine id="r1l5" custom="readingOrder {index:4;}">
                <Coords points="245,403 270,403 295,404 320,405 345,406 370,406 395,407 420,408 445,408 470,409 495,409 520,410 545,411 570,411 595,412 620,413 645,414 670,415 695,416 721,417 721,384 695,383 670,382 645,381 620,380 595,379 570,378 545,378 520,377 495,376 470,376 445,375 420,375 395,374 370,373 345,373 320,372 295,371 270,370 245,370"/>
                <Baseline points="245,392 270,392 295,393 320,394 345,395 370,395 395,396 420,397 445,397 470,398 495,398 520,399 545,400 570,400 595,401 620,402 645,403 670,404 695,405 721,406"/>
                <TextEquiv>
                    <Unicode>contra mi gusto se haga.</Unicode>
                </TextEquiv>
            </TextLine>
            <TextLine id="r1l6" custom="readingOrder {index:5;}">
                <Coords points="236,451 262,451 288,452 314,453 340,453 367,454 393,455 419,455 445,456 471,457 498,457 524,458 550,459 576,460 602,461 629,461 655,463 681,464 707,464 734,466 734,432 707,430 681,430 655,429 629,427 602,427 576,426 550,425 524,424 498,423 471,423 445,422 419,421 393,421 367,420 340,419 314,419 288,418 262,417 236,417"/>
                <Baseline points="236,440 262,440 288,441 314,442 340,442 367,443 393,444 419,444 445,445 471,446 498,446 524,447 550,448 576,449 602,450 629,450 655,452 681,453 707,453 734,455"/>
                <TextEquiv>
                    <Unicode>El mercader le responde:</Unicode>
                </TextEquiv>
            </TextLine>
            <TextLine id="r1l7" custom="readingOrder {index:6;}">
                <Coords points="244,499 269,501 295,501 320,503 346,503 371,504 397,504 422,505 448,505 474,506 499,506 525,507 550,508 576,509 601,509 627,510 652,512 678,514 704,515 704,481 678,480 652,478 627,476 601,475 576,475 550,474 525,473 499,472 474,472 448,471 422,471 397,470 371,470 346,469 320,469 295,467 269,467 244,465"/>
                <Baseline points="244,488 269,490 295,490 320,492 346,492 371,493 397,493 422,494 448,494 474,495 499,495 525,496 550,497 576,498 601,498 627,499 652,501 678,503 704,504"/>
                <TextEquiv>
                    <Unicode>señor D. Jacinto, basta,</Unicode>
                </TextEquiv>
            </TextLine>
            <TextLine id="r1l8" custom="readingOrder {index:7;}">
                <Coords points="236,548 261,549 286,549 311,550 336,551 362,552 387,552 412,553 437,553 463,554 488,554 513,555 538,556 563,556 589,557 614,559 639,560 664,561 690,563 690,529 664,527 639,526 614,525 589,523 563,522 538,522 513,521 488,520 463,520 437,519 412,519 387,518 362,518 336,517 311,516 286,515 261,515 236,514"/>
                <Baseline points="236,537 261,538 286,538 311,539 336,540 362,541 387,541 412,542 437,542 463,543 488,543 513,544 538,545 563,545 589,546 614,548 639,549 664,550 690,552"/>
                <TextEquiv>
                    <Unicode>mucho merece la niña,</Unicode>
                </TextEquiv>
            </TextLine>
            <TextLine id="r1l9" custom="readingOrder {index:8;}">
                <Coords points="236,596 261,597 287,598 313,599 339,600 365,601 391,601 417,602 443,602 468,602 494,603 520,604 546,605 572,606 598,606 624,608 650,609 676,612 676,579 650,576 624,575 598,573 572,573 546,572 520,571 494,570 468,569 443,569 417,569 391,568 365,568 339,567 313,566 287,565 261,564 236,563"/>
                <Baseline points="236,585 261,586 287,587 313,588 339,589 365,590 391,590 417,591 443,591 468,591 494,592 520,593 546,594 572,595 598,595 624,597 650,598 676,601"/>
                <TextEquiv>
                    <Unicode>él no desmerece nada;</Unicode>
                </TextEquiv>
            </TextLine>
            <TextLine id="r1l10" custom="readingOrder {index:9;}">
                <Coords points="236,644 262,646 288,647 314,648 340,649 366,649 392,650 418,651 444,651 470,652 496,652 522,653 548,653 574,654 600,654 626,655 652,656 678,657 704,659 730,660 756,662 756,629 730,627 704,626 678,624 652,623 626,622 600,621 574,621 548,620 522,620 496,619 470,619 444,618 418,618 392,617 366,616 340,616 314,615 288,614 262,613 236,611"/>
                <Baseline points="236,633 262,635 288,636 314,637 340,638 366,638 392,639 418,640 444,640 470,641 496,641 522,642 548,642 574,643 600,643 626,644 652,645 678,646 704,648 730,649 756,651"/>
                <TextEquiv>
                    <Unicode>obre usted como quien es,</Unicode>
                </TextEquiv>
            </TextLine>
            <TextLine id="r1l11" custom="readingOrder {index:10;}">
                <Coords points="232,692 258,693 284,695 310,697 336,698 362,699 389,699 415,700 441,701 467,701 493,701 519,702 546,702 572,703 598,704 624,704 650,706 676,707 703,709 703,675 676,673 650,672 624,670 598,670 572,669 546,668 519,668 493,667 467,667 441,667 415,666 389,665 362,665 336,664 310,663 284,661 258,659 232,658"/>
                <Baseline points="232,681 258,682 284,684 310,686 336,687 362,688 389,688 415,689 441,690 467,690 493,690 519,691 546,691 572,692 598,693 624,693 650,695 676,696 703,698"/>
                <TextEquiv>
                    <Unicode>véase la sangre hidalga.</Unicode>
                </TextEquiv>
            </TextLine>
            <TextLine id="r1l12" custom="readingOrder {index:11;}">
                <Coords points="229,741 254,742 279,744 304,745 329,746 354,747 379,747 404,748 429,748 454,749 480,749 505,749 530,750 555,751 580,751 605,752 630,753 655,755 680,757 706,758 706,724 680,723 655,721 630,719 605,718 580,717 555,717 530,716 505,715 480,715 454,715 429,714 404,714 379,713 354,713 329,712 304,711 279,710 254,708 229,707"/>
                <Baseline points="229,730 254,731 279,733 304,734 329,735 354,736 379,736 404,737 429,737 454,738 480,738 505,738 530,739 555,740 580,740 605,741 630,742 655,744 680,746 706,747"/>
                <TextEquiv>
                    <Unicode>Dispusiéronse las bodas,</Unicode>
                </TextEquiv>
            </TextLine>
            <TextLine id="r1l13" custom="readingOrder {index:12;}">
                <Coords points="230,792 255,792 281,793 306,794 332,794 358,795 383,795 409,796 434,796 460,797 486,797 511,798 537,799 562,799 588,800 614,801 639,802 665,803 690,805 716,806 742,807 742,773 716,772 690,771 665,769 639,768 614,767 588,766 562,765 537,765 511,764 486,763 460,763 434,762 409,762 383,761 358,761 332,760 306,760 281,759 255,758 230,758"/>
                <Baseline points="230,781 255,781 281,782 306,783 332,783 358,784 383,784 409,785 434,785 460,786 486,786 511,787 537,788 562,788 588,789 614,790 639,791 665,792 690,794 716,795 742,796"/>
                <TextEquiv>
                    <Unicode>y el tiempo todo lo acaba,</Unicode>
                </TextEquiv>
            </TextLine>
            <TextLine id="r1l14" custom="readingOrder {index:13;}">
                <Coords points="232,840 259,841 286,841 313,842 341,842 368,843 395,843 423,844 450,845 477,845 505,846 532,846 559,847 586,848 614,849 641,850 668,851 696,852 723,853 750,855 778,857 778,823 750,821 723,819 696,818 668,817 641,816 614,815 586,814 559,813 532,812 505,812 477,811 450,811 423,810 395,809 368,809 341,808 313,808 286,807 259,807 232,806"/>
                <Baseline points="232,829 259,830 286,830 313,831 341,831 368,832 395,832 423,833 450,834 477,834 505,835 532,835 559,836 586,837 614,838 641,839 668,840 696,841 723,842 750,844 778,846"/>
                <TextEquiv>
                    <Unicode>que es como dice el refran;</Unicode>
                </TextEquiv>
            </TextLine>
            <TextLine id="r1l15" custom="readingOrder {index:14;}">
                <Coords points="231,887 257,888 283,889 309,890 336,891 362,891 388,892 414,893 441,893 467,894 493,895 520,896 546,896 572,897 598,898 625,899 651,900 677,901 704,902 704,868 677,867 651,866 625,865 598,864 572,863 546,862 520,862 493,861 467,860 441,859 414,859 388,858 362,857 336,857 309,856 283,855 257,854 231,853"/>
                <Baseline points="231,876 257,877 283,878 309,879 336,880 362,880 388,881 414,882 441,882 467,883 493,884 520,885 546,885 572,886 598,887 625,888 651,889 677,890 704,891"/>
                <TextEquiv>
                    <Unicode>bondades señales tapan:</Unicode>
                </TextEquiv>
            </TextLine>
            <TextLine id="r1l16" custom="readingOrder {index:15;}">
                <Coords points="233,937 259,937 286,938 313,939 339,939 366,940 393,941 419,942 446,943 473,943 500,944 526,945 553,945 580,946 606,947 633,948 660,948 686,949 713,949 740,950 767,951 767,917 740,916 713,915 686,915 660,914 633,914 606,913 580,912 553,911 526,911 500,910 473,909 446,909 419,908 393,907 366,906 339,905 313,905 286,904 259,903 233,903"/>
                <Baseline points="233,926 259,926 286,927 313,928 339,928 366,929 393,930 419,931 446,932 473,932 500,933 526,934 553,934 580,935 606,936 633,937 660,937 686,938 713,938 740,939 767,940"/>
                <TextEquiv>
                    <Unicode>le dió ochenta mil ducados</Unicode>
                </TextEquiv>
            </TextLine>
            <TextLine id="r1l17" custom="readingOrder {index:16;}">
                <Coords points="225,986 253,987 281,988 309,988 338,989 366,990 394,991 422,991 451,992 479,993 507,994 535,994 564,995 592,996 620,997 648,998 677,998 705,999 733,1000 761,1002 790,1002 790,969 761,969 733,967 705,966 677,965 648,965 620,964 592,963 564,962 535,961 507,961 479,960 451,959 422,958 394,958 366,957 338,956 309,955 281,955 253,954 225,953"/>
                <Baseline points="225,975 253,976 281,977 309,977 338,978 366,979 394,980 422,980 451,981 479,982 507,983 535,983 564,984 592,985 620,986 648,987 677,987 705,988 733,989 761,991 790,991"/>
                <TextEquiv>
                    <Unicode>y muchas prendas y alhajas.</Unicode>
                </TextEquiv>
            </TextLine>
            <TextLine id="r1l18" custom="readingOrder {index:17;}">
                <Coords points="232,1031 257,1033 283,1034 309,1036 335,1038 360,1038 386,1039 412,1040 438,1041 464,1042 489,1042 515,1043 541,1043 567,1044 593,1045 618,1046 644,1047 670,1048 696,1051 722,1053 722,1020 696,1018 670,1015 644,1014 618,1013 593,1012 567,1011 541,1010 515,1010 489,1009 464,1009 438,1008 412,1007 386,1006 360,1005 335,1005 309,1003 283,1001 257,1000 232,998"/>
                <Baseline points="232,1020 257,1022 283,1023 309,1025 335,1027 360,1027 386,1028 412,1029 438,1030 464,1031 489,1031 515,1032 541,1032 567,1033 593,1034 618,1035 644,1036 670,1037 696,1040 722,1042"/>
                <TextEquiv>
                    <Unicode>Vivian con grande gusto,</Unicode>
                </TextEquiv>
            </TextLine>
            <TextLine id="r1l19" custom="readingOrder {index:18;}">
                <Coords points="221,1083 247,1083 273,1085 299,1085 325,1086 351,1086 377,1087 403,1088 429,1088 455,1089 481,1090 507,1090 533,1091 559,1092 585,1093 611,1093 637,1095 664,1096 664,1062 637,1061 611,1059 585,1059 559,1058 533,1057 507,1056 481,1056 455,1055 429,1054 403,1054 377,1053 351,1052 325,1052 299,1051 273,1051 247,1049 221,1049"/>
                <Baseline points="221,1072 247,1072 273,1074 299,1074 325,1075 351,1075 377,1076 403,1077 429,1077 455,1078 481,1079 507,1079 533,1080 559,1081 585,1082 611,1082 637,1084 664,1085"/>
                <TextEquiv>
                    <Unicode>agradeciendo las altas</Unicode>
                </TextEquiv>
            </TextLine>
            <TextLine id="r1l20" custom="readingOrder {index:19;}">
                <Coords points="226,1130 251,1131 276,1132 301,1133 326,1134 351,1135 377,1136 402,1136 427,1137 452,1138 477,1138 503,1139 528,1140 553,1140 578,1141 603,1142 629,1143 629,1109 603,1108 578,1107 553,1106 528,1106 503,1105 477,1104 452,1104 427,1103 402,1102 377,1102 351,1101 326,1100 301,1099 276,1098 251,1097 226,1096"/>
                <Baseline points="226,1119 251,1120 276,1121 301,1122 326,1123 351,1124 377,1125 402,1125 427,1126 452,1127 477,1127 503,1128 528,1129 553,1129 578,1130 603,1131 629,1132"/>
                <TextEquiv>
                    <Unicode>finezas del mercader</Unicode>
                </TextEquiv>
            </TextLine>
            <TextLine id="r1l21" custom="readingOrder {index:20;}">
                <Coords points="224,1179 249,1180 274,1181 299,1182 324,1183 349,1184 374,1184 399,1186 424,1186 449,1187 474,1187 499,1188 524,1189 549,1189 574,1190 599,1190 624,1191 649,1192 674,1193 699,1194 724,1194 724,1160 699,1160 674,1159 649,1158 624,1157 599,1156 574,1156 549,1155 524,1155 499,1154 474,1153 449,1153 424,1152 399,1152 374,1150 349,1150 324,1149 299,1148 274,1147 249,1146 224,1145"/>
                <Baseline points="224,1168 249,1169 274,1170 299,1171 324,1172 349,1173 374,1173 399,1175 424,1175 449,1176 474,1176 499,1177 524,1178 549,1178 574,1179 599,1179 624,1180 649,1181 674,1182 699,1183 724,1183"/>
                <TextEquiv>
                    <Unicode>como su amigo del alma.</Unicode>
                </TextEquiv>
            </TextLine>
            <TextLine id="r1l22" custom="readingOrder {index:21;}">
                <Coords points="231,1227 257,1228 283,1230 309,1231 336,1232 362,1232 388,1233 414,1234 441,1234 467,1235 493,1236 520,1236 546,1237 572,1238 598,1239 625,1240 651,1241 677,1243 704,1245 704,1211 677,1209 651,1207 625,1206 598,1205 572,1204 546,1203 520,1202 493,1202 467,1201 441,1200 414,1200 388,1199 362,1198 336,1198 309,1197 283,1196 257,1194 231,1193"/>
                <Baseline points="231,1216 257,1217 283,1219 309,1220 336,1221 362,1221 388,1222 414,1223 441,1223 467,1224 493,1225 520,1225 546,1226 572,1227 598,1228 625,1229 651,1230 677,1232 704,1234"/>
                <TextEquiv>
                    <Unicode>Y á dos años de casado,</Unicode>
                </TextEquiv>
            </TextLine>
            <TextLine id="r1l23" custom="readingOrder {index:22;}">
                <Coords points="221,1277 246,1277 272,1278 298,1279 324,1280 350,1280 375,1281 401,1282 427,1283 453,1283 479,1284 504,1285 530,1285 556,1286 582,1287 608,1288 633,1289 659,1290 685,1291 711,1292 737,1293 737,1259 711,1258 685,1257 659,1256 633,1255 608,1254 582,1253 556,1252 530,1251 504,1251 479,1250 453,1249 427,1249 401,1248 375,1247 350,1246 324,1246 298,1245 272,1244 246,1243 221,1243"/>
                <Baseline points="221,1266 246,1266 272,1267 298,1268 324,1269 350,1269 375,1270 401,1271 427,1272 453,1272 479,1273 504,1274 530,1274 556,1275 582,1276 608,1277 633,1278 659,1279 685,1280 711,1281 737,1282"/>
                <TextEquiv>
                    <Unicode>estando un dia en la plaza</Unicode>
                </TextEquiv>
            </TextLine>
            <TextLine id="r1l24" custom="readingOrder {index:23;}">
                <Coords points="220,1325 245,1327 271,1328 297,1329 323,1330 349,1331 374,1331 400,1332 426,1332 452,1333 478,1333 503,1334 529,1334 555,1334 581,1335 607,1335 632,1336 658,1337 684,1337 710,1339 736,1340 736,1306 710,1305 684,1303 658,1303 632,1302 607,1301 581,1301 555,1300 529,1300 503,1300 478,1299 452,1299 426,1298 400,1298 374,1297 349,1297 323,1296 297,1295 271,1294 245,1293 220,1291"/>
                <Baseline points="220,1314 245,1316 271,1317 297,1318 323,1319 349,1320 374,1320 400,1321 426,1321 452,1322 478,1322 503,1323 529,1323 555,1323 581,1324 607,1324 632,1325 658,1326 684,1326 710,1328 736,1329"/>
                <TextEquiv>
                    <Unicode>como un principe vestido,</Unicode>
                </TextEquiv>
            </TextLine>
            <TextLine id="r1l25" custom="readingOrder {index:24;}">
                <Coords points="220,1374 251,1375 283,1376 315,1377 347,1378 378,1379 410,1380 442,1381 474,1381 505,1382 537,1383 569,1383 601,1384 632,1385 664,1386 696,1386 728,1387 759,1388 791,1389 823,1390 855,1391 855,1357 823,1356 791,1355 759,1354 728,1353 696,1352 664,1352 632,1351 601,1350 569,1349 537,1349 505,1348 474,1347 442,1347 410,1346 378,1345 347,1344 315,1343 283,1342 251,1341 220,1340"/>
                <Baseline points="220,1363 251,1364 283,1365 315,1366 347,1367 378,1368 410,1369 442,1370 474,1370 505,1371 537,1372 569,1372 601,1373 632,1374 664,1375 696,1375 728,1376 759,1377 791,1378 823,1379 855,1380"/>
                <TextEquiv>
                    <Unicode>de esta suerte un mozo le habla:</Unicode>
                </TextEquiv>
            </TextLine>
            <TextLine id="r1l26" custom="readingOrder {index:25;}">
                <Coords points="216,1422 243,1423 271,1425 299,1426 327,1427 354,1427 382,1428 410,1429 438,1430 465,1430 493,1431 521,1432 549,1432 576,1433 604,1433 632,1434 660,1434 687,1435 715,1435 743,1436 771,1437 771,1403 743,1402 715,1401 687,1401 660,1400 632,1400 604,1399 576,1399 549,1398 521,1398 493,1397 465,1396 438,1396 410,1395 382,1394 354,1393 327,1393 299,1392 271,1391 243,1389 216,1388"/>
                <Baseline points="216,1411 243,1412 271,1414 299,1415 327,1416 354,1416 382,1417 410,1418 438,1419 465,1419 493,1420 521,1421 549,1421 576,1422 604,1422 632,1423 660,1423 687,1424 715,1424 743,1425 771,1426"/>
                <TextEquiv>
                    <Unicode>Fernando ¡que dicha es esta</Unicode>
                </TextEquiv>
            </TextLine>
            <TextLine id="r1l27" custom="readingOrder {index:26;}">
                <Coords points="216,1472 242,1473 268,1474 294,1474 320,1475 346,1476 372,1476 398,1477 424,1478 450,1478 476,1479 502,1480 528,1480 554,1481 580,1481 606,1482 632,1483 658,1484 684,1485 711,1487 711,1454 684,1452 658,1451 632,1450 606,1449 580,1448 554,1448 528,1447 502,1447 476,1446 450,1445 424,1445 398,1444 372,1443 346,1443 320,1442 294,1441 268,1441 242,1440 216,1439"/>
                <Baseline points="216,1461 242,1462 268,1463 294,1463 320,1464 346,1465 372,1465 398,1466 424,1467 450,1467 476,1468 502,1469 528,1469 554,1470 580,1470 606,1471 632,1472 658,1473 684,1474 711,1476"/>
                <TextEquiv>
                    <Unicode>que por tu persona pasa!</Unicode>
                </TextEquiv>
            </TextLine>
            <TextLine id="r1l28" custom="readingOrder {index:27;}">
                <Coords points="218,1520 244,1521 270,1522 296,1523 322,1523 348,1524 374,1525 400,1526 426,1526 452,1527 478,1527 504,1528 530,1528 556,1529 582,1529 608,1530 634,1530 660,1531 686,1531 712,1532 738,1532 738,1499 712,1499 686,1498 660,1498 634,1497 608,1497 582,1496 556,1496 530,1495 504,1495 478,1494 452,1494 426,1493 400,1493 374,1492 348,1491 322,1490 296,1490 270,1489 244,1488 218,1487"/>
                <Baseline points="218,1509 244,1510 270,1511 296,1512 322,1512 348,1513 374,1514 400,1515 426,1515 452,1516 478,1516 504,1517 530,1517 556,1518 582,1518 608,1519 634,1519 660,1520 686,1520 712,1521 738,1521"/>
                <TextEquiv>
                    <Unicode>me alegro mucho de verte</Unicode>
                </TextEquiv>
            </TextLine>
            <TextLine id="r1l29" custom="readingOrder {index:28;}">
                <Coords points="215,1569 243,1570 272,1571 300,1572 329,1573 357,1573 386,1574 414,1575 443,1575 471,1576 500,1576 529,1577 557,1577 586,1578 614,1579 643,1579 671,1580 700,1581 728,1582 757,1583 786,1584 786,1550 757,1549 728,1548 700,1547 671,1546 643,1545 614,1545 586,1544 557,1543 529,1543 500,1542 471,1542 443,1541 414,1541 386,1540 357,1539 329,1539 300,1538 272,1537 243,1536 215,1535"/>
                <Baseline points="215,1558 243,1559 272,1560 300,1561 329,1562 357,1562 386,1563 414,1564 443,1564 471,1565 500,1565 529,1566 557,1566 586,1567 614,1568 643,1568 671,1569 700,1570 728,1571 757,1572 786,1573"/>
                <TextEquiv>
                    <Unicode>tan portado en tierra estraña.</Unicode>
                </TextEquiv>
            </TextLine>
            <TextLine id="r1l30" custom="readingOrder {index:29;}">
                <Coords points="206,1616 232,1617 259,1618 286,1619 313,1620 340,1621 367,1622 393,1622 420,1623 447,1624 474,1624 501,1625 528,1626 555,1626 581,1627 608,1627 635,1628 662,1629 689,1629 716,1630 743,1631 743,1597 716,1596 689,1595 662,1595 635,1594 608,1593 581,1593 555,1592 528,1592 501,1591 474,1590 447,1590 420,1589 393,1588 367,1588 340,1587 313,1586 286,1585 259,1584 232,1583 206,1582"/>
                <Baseline points="206,1605 232,1606 259,1607 286,1608 313,1609 340,1610 367,1611 393,1611 420,1612 447,1613 474,1613 501,1614 528,1615 555,1615 581,1616 608,1616 635,1617 662,1618 689,1618 716,1619 743,1620"/>
                <TextEquiv>
                    <Unicode>Don Fernando le responde:</Unicode>
                </TextEquiv>
            </TextLine>
            <TextLine id="r1l31" custom="readingOrder {index:30;}">
                <Coords points="216,1666 244,1667 273,1668 301,1668 330,1669 358,1670 387,1671 415,1671 444,1672 472,1673 501,1673 529,1674 558,1675 586,1676 615,1677 643,1677 672,1678 700,1679 729,1680 757,1681 786,1682 786,1648 757,1647 729,1646 700,1645 672,1644 643,1643 615,1643 586,1642 558,1641 529,1640 501,1639 472,1639 444,1638 415,1637 387,1637 358,1636 330,1635 301,1634 273,1634 244,1633 216,1632"/>
                <Baseline points="216,1655 244,1656 273,1657 301,1657 330,1658 358,1659 387,1660 415,1660 444,1661 472,1662 501,1662 529,1663 558,1664 586,1665 615,1666 643,1666 672,1667 700,1668 729,1669 757,1670 786,1671"/>
                <TextEquiv>
                    <Unicode>no sé lo que usted me habla;</Unicode>
                </TextEquiv>
            </TextLine>
            <TextLine id="r1l32" custom="readingOrder {index:31;}">
                <Coords points="208,1715 234,1715 260,1716 287,1717 313,1718 339,1718 366,1719 392,1720 418,1720 445,1721 471,1722 497,1722 524,1723 550,1724 576,1725 603,1726 629,1727 655,1727 682,1729 682,1695 655,1693 629,1693 603,1692 576,1691 550,1690 524,1689 497,1688 471,1688 445,1687 418,1686 392,1686 366,1685 339,1684 313,1684 287,1683 260,1682 234,1681 208,1681"/>
                <Baseline points="208,1704 234,1704 260,1705 287,1706 313,1707 339,1707 366,1708 392,1709 418,1709 445,1710 471,1711 497,1711 524,1712 550,1713 576,1714 603,1715 629,1716 655,1716 682,1718"/>
                <TextEquiv>
                    <Unicode>usted me tiene por otro,</Unicode>
                </TextEquiv>
            </TextLine>
            <TextLine id="r1l33" custom="readingOrder {index:32;}">
                <Coords points="208,1765 237,1766 267,1766 297,1767 327,1767 357,1768 386,1768 416,1769 446,1770 476,1771 506,1771 535,1772 565,1773 595,1773 625,1774 655,1775 684,1776 714,1776 744,1777 774,1777 804,1778 804,1744 774,1743 744,1743 714,1742 684,1742 655,1741 625,1740 595,1739 565,1739 535,1738 506,1737 476,1737 446,1736 416,1735 386,1734 357,1734 327,1733 297,1733 267,1732 237,1732 208,1731"/>
                <Baseline points="208,1754 237,1755 267,1755 297,1756 327,1756 357,1757 386,1757 416,1758 446,1759 476,1760 506,1760 535,1761 565,1762 595,1762 625,1763 655,1764 684,1765 714,1765 744,1766 774,1766 804,1767"/>
                <TextEquiv>
                    <Unicode>y es muy cierto que se engaña</Unicode>
                </TextEquiv>
            </TextLine>
            <TextLine id="r1l34" custom="readingOrder {index:33;}">
                <Coords points="204,1811 231,1812 259,1813 287,1814 315,1815 343,1816 371,1817 399,1818 427,1818 455,1819 483,1819 510,1820 538,1821 566,1821 594,1821 622,1822 650,1823 678,1823 706,1824 734,1825 762,1825 762,1791 734,1791 706,1790 678,1789 650,1789 622,1788 594,1787 566,1787 538,1787 510,1786 483,1785 455,1785 427,1784 399,1784 371,1783 343,1782 315,1781 287,1780 259,1779 231,1778 204,1777"/>
                <Baseline points="204,1800 231,1801 259,1802 287,1803 315,1804 343,1805 371,1806 399,1807 427,1807 455,1808 483,1808 510,1809 538,1810 566,1810 594,1810 622,1811 650,1812 678,1812 706,1813 734,1814 762,1814"/>
                <TextEquiv>
                    <Unicode>No me engaño, le responde,</Unicode>
                </TextEquiv>
            </TextLine>
            <TextLine id="r1l35" custom="readingOrder {index:34;}">
                <Coords points="212,1859 239,1860 267,1862 295,1863 323,1864 351,1865 379,1865 406,1866 434,1867 462,1868 490,1868 518,1869 546,1870 574,1870 601,1871 629,1872 657,1872 685,1873 713,1874 741,1876 769,1877 769,1843 741,1842 713,1840 685,1839 657,1838 629,1838 601,1837 574,1836 546,1836 518,1835 490,1834 462,1834 434,1833 406,1832 379,1831 351,1831 323,1830 295,1829 267,1828 239,1826 212,1825"/>
                <Baseline points="212,1848 239,1849 267,1851 295,1852 323,1853 351,1854 379,1854 406,1855 434,1856 462,1857 490,1857 518,1858 546,1859 574,1859 601,1860 629,1861 657,1861 685,1862 713,1863 741,1865 769,1866"/>
                <TextEquiv>
                    <Unicode>ni te niegues que en España</Unicode>
                </TextEquiv>
            </TextLine>
            <TextLine id="r1l36" custom="readingOrder {index:35;}">
                <Coords points="208,1910 233,1911 258,1911 283,1912 308,1913 333,1913 359,1914 384,1914 409,1915 434,1915 459,1916 484,1916 510,1917 535,1917 560,1918 585,1918 610,1919 635,1920 661,1921 661,1887 635,1886 610,1885 585,1884 560,1884 535,1883 510,1883 484,1882 459,1882 434,1881 409,1881 384,1880 359,1880 333,1879 308,1879 283,1878 258,1877 233,1877 208,1876"/>
                <Baseline points="208,1899 233,1900 258,1900 283,1901 308,1902 333,1902 359,1903 384,1903 409,1904 434,1904 459,1905 484,1905 510,1906 535,1906 560,1907 585,1907 610,1908 635,1909 661,1910"/>
                <TextEquiv>
                    <Unicode>he conocido á tu padre</Unicode>
                </TextEquiv>
            </TextLine>
            <TextLine id="r1l37" custom="readingOrder {index:36;}">
                <Coords points="206,1962 235,1961 265,1962 295,1962 324,1962 354,1963 384,1963 413,1964 443,1965 473,1966 503,1966 532,1967 562,1968 592,1969 621,1970 651,1971 681,1972 710,1973 740,1974 770,1975 800,1975 800,1942 770,1942 740,1941 710,1940 681,1939 651,1938 621,1937 592,1936 562,1935 532,1934 503,1933 473,1933 443,1932 413,1931 384,1930 354,1930 324,1929 295,1929 265,1929 235,1928 206,1929"/>
                <Baseline points="206,1951 235,1950 265,1951 295,1951 324,1951 354,1952 384,1952 413,1953 443,1954 473,1955 503,1955 532,1956 562,1957 592,1958 621,1959 651,1960 681,1961 710,1962 740,1963 770,1964 800,1964"/>
                <TextEquiv>
                    <Unicode>y á tu madre allá en mi pátria,</Unicode>
                </TextEquiv>
            </TextLine>
            <TextLine id="r1l38" custom="readingOrder {index:37;}">
                <Coords points="202,2007 227,2008 253,2009 279,2010 305,2010 331,2011 357,2012 383,2012 409,2013 435,2013 460,2014 486,2014 512,2015 538,2016 564,2017 590,2018 616,2019 642,2020 668,2021 668,1988 642,1987 616,1986 590,1985 564,1984 538,1983 512,1982 486,1981 460,1981 435,1980 409,1980 383,1979 357,1979 331,1978 305,1977 279,1977 253,1976 227,1975 202,1974"/>
                <Baseline points="202,1996 227,1997 253,1998 279,1999 305,1999 331,2000 357,2001 383,2001 409,2002 435,2002 460,2003 486,2003 512,2004 538,2005 564,2006 590,2007 616,2008 642,2009 668,2010"/>
                <TextEquiv>
                    <Unicode>y conozco á tu persona;</Unicode>
                </TextEquiv>
            </TextLine>
            <TextLine id="r1l39" custom="readingOrder {index:38;}">
                <Coords points="212,2054 242,2055 272,2056 302,2057 333,2058 363,2059 393,2060 424,2061 454,2062 484,2063 515,2064 545,2065 575,2066 605,2067 636,2068 666,2068 696,2069 727,2070 757,2071 787,2073 818,2074 818,2040 787,2039 757,2037 727,2036 696,2035 666,2034 636,2034 605,2033 575,2032 545,2031 515,2030 484,2029 454,2028 424,2027 393,2026 363,2025 333,2024 302,2023 272,2022 242,2021 212,2020"/>
                <Baseline points="212,2043 242,2044 272,2045 302,2046 333,2047 363,2048 393,2049 424,2050 454,2051 484,2052 515,2053 545,2054 575,2055 605,2056 636,2057 666,2057 696,2058 727,2059 757,2060 787,2062 818,2063"/>
                <TextEquiv>
                    <Unicode>Fernando, en vano te estrañas.</Unicode>
                </TextEquiv>
            </TextLine>
            <TextLine id="r1l40" custom="readingOrder {index:39;}">
                <Coords points="206,2102 231,2104 256,2105 281,2106 306,2107 331,2108 356,2109 382,2110 407,2110 432,2111 457,2111 482,2111 507,2112 533,2113 558,2114 583,2114 608,2115 633,2117 658,2118 684,2120 684,2086 658,2084 633,2083 608,2081 583,2080 558,2080 533,2079 507,2078 482,2077 457,2077 432,2077 407,2076 382,2076 356,2075 331,2074 306,2073 281,2072 256,2071 231,2070 206,2068"/>
                <Baseline points="206,2091 231,2093 256,2094 281,2095 306,2096 331,2097 356,2098 382,2099 407,2099 432,2100 457,2100 482,2100 507,2101 533,2102 558,2103 583,2103 608,2104 633,2106 658,2107 684,2109"/>
                <TextEquiv>
                    <Unicode>Y don Fernando le dice;</Unicode>
                </TextEquiv>
            </TextLine>
            <TextLine id="r1l41" custom="readingOrder {index:40;}">
                <Coords points="200,2157 231,2158 263,2158 295,2159 327,2160 359,2161 391,2161 422,2162 454,2163 486,2165 518,2165 550,2166 582,2167 614,2168 645,2169 677,2170 709,2171 741,2171 773,2172 805,2172 837,2173 837,2139 805,2138 773,2138 741,2137 709,2137 677,2136 645,2135 614,2134 582,2133 550,2132 518,2131 486,2131 454,2129 422,2128 391,2127 359,2127 327,2126 295,2125 263,2124 231,2124 200,2123"/>
                <Baseline points="200,2146 231,2147 263,2147 295,2148 327,2149 359,2150 391,2150 422,2151 454,2152 486,2154 518,2154 550,2155 582,2156 614,2157 645,2158 677,2159 709,2160 741,2160 773,2161 805,2161 837,2162"/>
                <TextEquiv>
                    <Unicode>si es que el secreto me guardas.</Unicode>
                </TextEquiv>
            </TextLine>
            <TextEquiv>
                <Unicode>4
de mi hija ha sido aquesta,
con él intento casarla;
ya que no hay otro remedio
contra mi gusto se haga.
El mercader le responde:
señor D. Jacinto, basta,
mucho merece la niña,
él no desmerece nada;
obre usted como quien es,
véase la sangre hidalga.
Dispusiéronse las bodas,
y el tiempo todo lo acaba,
que es como dice el refran;
bondades señales tapan:
le dió ochenta mil ducados
y muchas prendas y alhajas.
Vivian con grande gusto,
agradeciendo las altas
finezas del mercader
como su amigo del alma.
Y á dos años de casado,
estando un dia en la plaza
como un principe vestido,
de esta suerte un mozo le habla:
Fernando ¡que dicha es esta
que por tu persona pasa!
me alegro mucho de verte
tan portado en tierra estraña.
Don Fernando le responde:
no sé lo que usted me habla;
usted me tiene por otro,
y es muy cierto que se engaña
No me engaño, le responde,
ni te niegues que en España
he conocido á tu padre
y á tu madre allá en mi pátria,
y conozco á tu persona;
Fernando, en vano te estrañas.
Y don Fernando le dice;
si es que el secreto me guardas.</Unicode>
            </TextEquiv>
        </TextRegion>
        <TextRegion orientation="0.0" id="r2" custom="readingOrder {index:1;}">
            <Coords points="908,244 908,2184 1582,2184 1582,244"/>
            <TextLine id="r2l1" custom="readingOrder {index:0;}">
                <Coords points="954,277 979,277 1005,278 1030,278 1056,278 1081,279 1107,279 1133,280 1158,281 1184,281 1209,282 1235,282 1260,283 1286,284 1312,284 1337,285 1363,286 1388,286 1414,288 1440,288 1440,255 1414,255 1388,253 1363,253 1337,252 1312,251 1286,251 1260,250 1235,249 1209,249 1184,248 1158,248 1133,247 1107,246 1081,246 1056,245 1030,245 1005,245 979,244 954,244"/>
                <Baseline points="954,266 979,266 1005,267 1030,267 1056,267 1081,268 1107,268 1133,269 1158,270 1184,270 1209,271 1235,271 1260,272 1286,273 1312,273 1337,274 1363,275 1388,275 1414,277 1440,277"/>
                <TextEquiv>
                    <Unicode>yo soy pero esta fortuna</Unicode>
                </TextEquiv>
            </TextLine>
            <TextLine id="r2l2" custom="readingOrder {index:1;}">
                <Coords points="958,322 983,323 1009,324 1034,325 1060,326 1086,327 1111,328 1137,329 1162,330 1188,331 1214,331 1239,332 1265,333 1290,333 1316,334 1342,334 1367,335 1393,336 1418,336 1444,337 1470,337 1470,304 1444,304 1418,303 1393,303 1367,302 1342,301 1316,301 1290,300 1265,300 1239,299 1214,298 1188,298 1162,297 1137,296 1111,295 1086,294 1060,293 1034,292 1009,291 983,290 958,289"/>
                <Baseline points="958,311 983,312 1009,313 1034,314 1060,315 1086,316 1111,317 1137,318 1162,319 1188,320 1214,320 1239,321 1265,322 1290,322 1316,323 1342,323 1367,324 1393,325 1418,325 1444,326 1470,326"/>
                <TextEquiv>
                    <Unicode>Dios me la tuvo guardada,</Unicode>
                </TextEquiv>
            </TextLine>
            <TextLine id="r2l3" custom="readingOrder {index:2;}">
                <Coords points="960,371 986,372 1012,373 1038,374 1065,375 1091,376 1117,376 1144,377 1170,378 1196,379 1223,379 1249,380 1275,381 1301,382 1328,383 1354,384 1380,385 1407,386 1433,387 1459,388 1486,390 1486,356 1459,354 1433,353 1407,352 1380,351 1354,350 1328,349 1301,348 1275,347 1249,346 1223,345 1196,345 1170,344 1144,343 1117,342 1091,342 1065,341 1038,340 1012,339 986,338 960,337"/>
                <Baseline points="960,360 986,361 1012,362 1038,363 1065,364 1091,365 1117,365 1144,366 1170,367 1196,368 1223,368 1249,369 1275,370 1301,371 1328,372 1354,373 1380,374 1407,375 1433,376 1459,377 1486,379"/>
                <TextEquiv>
                    <Unicode>Y supuesto que eres pobre,</Unicode>
                </TextEquiv>
            </TextLine>
            <TextLine id="r2l4" custom="readingOrder {index:3;}">
                <Coords points="956,420 982,421 1008,422 1034,423 1060,423 1086,424 1112,424 1138,425 1164,426 1190,426 1216,427 1242,428 1268,428 1294,430 1320,431 1346,432 1372,434 1398,436 1398,403 1372,401 1346,399 1320,398 1294,397 1268,395 1242,395 1216,394 1190,393 1164,393 1138,392 1112,391 1086,391 1060,390 1034,390 1008,389 982,388 956,387"/>
                <Baseline points="956,409 982,410 1008,411 1034,412 1060,412 1086,413 1112,413 1138,414 1164,415 1190,415 1216,416 1242,417 1268,417 1294,419 1320,420 1346,421 1372,423 1398,425"/>
                <TextEquiv>
                    <Unicode>yo te daré si me tapas,</Unicode>
                </TextEquiv>
            </TextLine>
            <TextLine id="r2l5" custom="readingOrder {index:4;}">
                <Coords points="958,467 984,469 1010,470 1037,471 1063,472 1089,473 1116,474 1142,475 1168,475 1195,476 1221,476 1247,477 1274,477 1300,478 1326,478 1353,479 1379,480 1405,481 1432,482 1432,449 1405,448 1379,447 1353,446 1326,445 1300,445 1274,444 1247,444 1221,443 1195,443 1168,442 1142,442 1116,441 1089,440 1063,439 1037,438 1010,437 984,436 958,434"/>
                <Baseline points="958,456 984,458 1010,459 1037,460 1063,461 1089,462 1116,463 1142,464 1168,464 1195,465 1221,465 1247,466 1274,466 1300,467 1326,467 1353,468 1379,469 1405,470 1432,471"/>
                <TextEquiv>
                    <Unicode>con que puedas adquirir</Unicode>
                </TextEquiv>
            </TextLine>
            <TextLine id="r2l6" custom="readingOrder {index:5;}">
                <Coords points="952,516 978,517 1004,518 1030,519 1056,520 1082,521 1108,521 1134,522 1160,523 1186,524 1212,524 1238,525 1264,525 1290,526 1316,527 1342,528 1368,529 1394,530 1420,532 1446,533 1446,499 1420,498 1394,496 1368,495 1342,494 1316,493 1290,492 1264,491 1238,491 1212,490 1186,490 1160,489 1134,488 1108,487 1082,487 1056,486 1030,485 1004,484 978,483 952,482"/>
                <Baseline points="952,505 978,506 1004,507 1030,508 1056,509 1082,510 1108,510 1134,511 1160,512 1186,513 1212,513 1238,514 1264,514 1290,515 1316,516 1342,517 1368,518 1394,519 1420,521 1446,522"/>
                <TextEquiv>
                    <Unicode>candal si tu te das trazas,</Unicode>
                </TextEquiv>
            </TextLine>
            <TextLine id="r2l7" custom="readingOrder {index:6;}">
                <Coords points="954,565 979,566 1004,567 1029,568 1055,569 1080,569 1105,570 1130,571 1156,571 1181,572 1206,573 1231,573 1257,574 1282,575 1307,575 1332,576 1358,577 1383,578 1408,579 1433,580 1459,581 1459,547 1433,546 1408,545 1383,544 1358,543 1332,542 1307,541 1282,541 1257,540 1231,539 1206,539 1181,538 1156,537 1130,537 1105,536 1080,535 1055,535 1029,534 1004,533 979,532 954,531"/>
                <Baseline points="954,554 979,555 1004,556 1029,557 1055,558 1080,558 1105,559 1130,560 1156,560 1181,561 1206,562 1231,562 1257,563 1282,564 1307,564 1332,565 1358,566 1383,567 1408,568 1433,569 1459,570"/>
                <TextEquiv>
                    <Unicode>y estaré siempre obligado</Unicode>
                </TextEquiv>
            </TextLine>
            <TextLine id="r2l8" custom="readingOrder {index:7;}">
                <Coords points="953,613 978,614 1003,615 1029,616 1054,617 1080,618 1105,619 1131,619 1156,620 1182,620 1207,621 1233,621 1258,622 1284,623 1309,624 1335,624 1360,625 1386,626 1411,628 1437,630 1437,596 1411,594 1386,592 1360,591 1335,590 1309,590 1284,589 1258,588 1233,587 1207,587 1182,586 1156,586 1131,585 1105,585 1080,584 1054,583 1029,582 1003,581 978,580 953,579"/>
                <Baseline points="953,602 978,603 1003,604 1029,605 1054,606 1080,607 1105,608 1131,608 1156,609 1182,609 1207,610 1233,610 1258,611 1284,612 1309,613 1335,613 1360,614 1386,615 1411,617 1437,619"/>
                <TextEquiv>
                    <Unicode>vente conmigo á mi casa</Unicode>
                </TextEquiv>
            </TextLine>
            <TextLine id="r2l9" custom="readingOrder {index:8;}">
                <Coords points="948,662 973,663 999,664 1025,665 1050,666 1076,667 1102,668 1128,668 1153,668 1179,669 1205,669 1231,670 1256,670 1282,671 1308,672 1334,673 1334,639 1308,638 1282,637 1256,636 1231,636 1205,635 1179,635 1153,634 1128,634 1102,634 1076,633 1050,632 1025,631 999,630 973,629 948,628"/>
                <Baseline points="948,651 973,652 999,653 1025,654 1050,655 1076,656 1102,657 1128,657 1153,657 1179,658 1205,658 1231,659 1256,659 1282,660 1308,661 1334,662"/>
                <TextEquiv>
                    <Unicode>Lo regocijó y le dió</Unicode>
                </TextEquiv>
            </TextLine>
            <TextLine id="r2l10" custom="readingOrder {index:9;}">
                <Coords points="941,711 967,712 993,712 1019,713 1045,714 1072,714 1098,716 1124,716 1150,717 1176,718 1203,719 1229,720 1255,721 1281,722 1307,723 1334,723 1360,724 1386,725 1412,725 1439,726 1439,692 1412,691 1386,691 1360,690 1334,689 1307,689 1281,688 1255,687 1229,686 1203,685 1176,684 1150,683 1124,682 1098,682 1072,680 1045,680 1019,679 993,678 967,678 941,677"/>
                <Baseline points="941,700 967,701 993,701 1019,702 1045,703 1072,703 1098,705 1124,705 1150,706 1176,707 1203,708 1229,709 1255,710 1281,711 1307,712 1334,712 1360,713 1386,714 1412,714 1439,715"/>
                <TextEquiv>
                    <Unicode>cien pesos en oro y plata:</Unicode>
                </TextEquiv>
            </TextLine>
            <TextLine id="r2l11" custom="readingOrder {index:10;}">
                <Coords points="944,760 970,760 997,761 1024,761 1050,762 1077,763 1104,764 1130,764 1157,765 1184,767 1211,768 1237,769 1264,770 1291,771 1317,772 1344,772 1371,773 1397,773 1424,773 1451,773 1478,773 1478,739 1451,739 1424,739 1397,739 1371,739 1344,738 1317,738 1291,737 1264,736 1237,735 1211,734 1184,733 1157,731 1130,730 1104,730 1077,729 1050,728 1024,727 997,727 970,726 944,726"/>
                <Baseline points="944,749 970,749 997,750 1024,750 1050,751 1077,752 1104,753 1130,753 1157,754 1184,756 1211,757 1237,758 1264,759 1291,760 1317,761 1344,761 1371,762 1397,762 1424,762 1451,762 1478,762"/>
                <TextEquiv>
                    <Unicode>fuese el mozuelo y gastólos</Unicode>
                </TextEquiv>
            </TextLine>
            <TextLine id="r2l12" custom="readingOrder {index:11;}">
                <Coords points="944,808 970,809 996,810 1022,811 1048,812 1075,813 1101,813 1127,814 1153,814 1180,815 1206,815 1232,816 1258,816 1285,817 1311,818 1337,819 1363,820 1390,822 1390,789 1363,787 1337,786 1311,785 1285,784 1258,783 1232,783 1206,782 1180,782 1153,781 1127,781 1101,780 1075,780 1048,779 1022,778 996,777 970,776 944,775"/>
                <Baseline points="944,797 970,798 996,799 1022,800 1048,801 1075,802 1101,802 1127,803 1153,803 1180,804 1206,804 1232,805 1258,805 1285,806 1311,807 1337,808 1363,809 1390,811"/>
                <TextEquiv>
                    <Unicode>en cosas desordenadas;</Unicode>
                </TextEquiv>
            </TextLine>
            <TextLine id="r2l13" custom="readingOrder {index:12;}">
                <Coords points="939,855 964,856 989,857 1014,858 1039,859 1064,860 1089,860 1115,861 1140,861 1165,862 1190,863 1215,863 1240,864 1266,864 1291,865 1316,866 1341,866 1366,867 1391,868 1417,869 1417,836 1391,835 1366,834 1341,833 1316,833 1291,832 1266,831 1240,831 1215,830 1190,830 1165,829 1140,828 1115,828 1089,827 1064,827 1039,826 1014,825 989,824 964,823 939,822"/>
                <Baseline points="939,844 964,845 989,846 1014,847 1039,848 1064,849 1089,849 1115,850 1140,850 1165,851 1190,852 1215,852 1240,853 1266,853 1291,854 1316,855 1341,855 1366,856 1391,857 1417,858"/>
                <TextEquiv>
                    <Unicode>volvíó á pedirle otro dia</Unicode>
                </TextEquiv>
            </TextLine>
            <TextLine id="r2l14" custom="readingOrder {index:13;}">
                <Coords points="946,905 972,906 998,906 1024,907 1050,908 1077,908 1103,909 1129,910 1155,911 1182,911 1208,912 1234,913 1260,914 1286,914 1313,915 1339,916 1365,917 1391,917 1418,918 1418,884 1391,883 1365,883 1339,882 1313,881 1286,880 1260,880 1234,879 1208,878 1182,877 1155,877 1129,876 1103,875 1077,874 1050,874 1024,873 998,872 972,872 946,871"/>
                <Baseline points="946,894 972,895 998,895 1024,896 1050,897 1077,897 1103,898 1129,899 1155,900 1182,900 1208,901 1234,902 1260,903 1286,903 1313,904 1339,905 1365,906 1391,906 1418,907"/>
                <TextEquiv>
                    <Unicode>con imperio y amenazas</Unicode>
                </TextEquiv>
            </TextLine>
            <TextLine id="r2l15" custom="readingOrder {index:14;}">
                <Coords points="940,952 967,954 994,955 1021,956 1048,957 1075,957 1102,958 1129,959 1156,959 1183,960 1210,960 1237,961 1264,962 1291,963 1318,964 1345,964 1372,966 1399,967 1426,968 1453,970 1480,972 1480,938 1453,936 1426,934 1399,933 1372,932 1345,930 1318,930 1291,929 1264,928 1237,927 1210,926 1183,926 1156,925 1129,925 1102,924 1075,923 1048,923 1021,922 994,921 967,920 940,918"/>
                <Baseline points="940,941 967,943 994,944 1021,945 1048,946 1075,946 1102,947 1129,948 1156,948 1183,949 1210,949 1237,950 1264,951 1291,952 1318,953 1345,953 1372,955 1399,956 1426,957 1453,959 1480,961"/>
                <TextEquiv>
                    <Unicode>doscientos pesos de pronto,</Unicode>
                </TextEquiv>
            </TextLine>
            <TextLine id="r2l16" custom="readingOrder {index:15;}">
                <Coords points="940,1006 965,1005 990,1005 1016,1005 1041,1005 1066,1005 1092,1006 1117,1006 1143,1007 1168,1007 1193,1008 1219,1009 1244,1010 1270,1010 1295,1011 1320,1012 1346,1013 1371,1013 1397,1014 1397,983 1371,982 1346,982 1320,981 1295,980 1270,979 1244,979 1219,978 1193,977 1168,976 1143,976 1117,975 1092,975 1066,974 1041,974 1016,974 990,974 965,974 940,975"/>
                <Baseline points="940,996 965,995 990,995 1016,995 1041,995 1066,995 1092,996 1117,996 1143,997 1168,997 1193,998 1219,999 1244,1000 1270,1000 1295,1001 1320,1002 1346,1003 1371,1003 1397,1004"/>
                <TextEquiv>
                    <Unicode>y que si no se los daba</Unicode>
                </TextEquiv>
            </TextLine>
            <TextLine id="r2l17" custom="readingOrder {index:16;}">
                <Coords points="932,1049 958,1050 984,1051 1010,1052 1037,1053 1063,1053 1089,1054 1115,1054 1142,1055 1168,1056 1194,1056 1220,1057 1247,1058 1273,1059 1299,1060 1326,1061 1326,1030 1299,1029 1273,1028 1247,1027 1220,1026 1194,1025 1168,1025 1142,1024 1115,1023 1089,1023 1063,1022 1037,1022 1010,1021 984,1020 958,1019 932,1018"/>
                <Baseline points="932,1039 958,1040 984,1041 1010,1042 1037,1043 1063,1043 1089,1044 1115,1044 1142,1045 1168,1046 1194,1046 1220,1047 1247,1048 1273,1049 1299,1050 1326,1051"/>
                <TextEquiv>
                    <Unicode>á su suegro le diria</Unicode>
                </TextEquiv>
            </TextLine>
            <TextLine id="r2l18" custom="readingOrder {index:17;}">
                <Coords points="941,1101 966,1101 991,1101 1016,1102 1041,1102 1066,1103 1091,1103 1116,1104 1141,1105 1166,1105 1191,1106 1216,1107 1241,1108 1266,1108 1291,1109 1316,1110 1341,1111 1366,1111 1391,1112 1416,1112 1442,1112 1442,1078 1416,1078 1391,1078 1366,1077 1341,1077 1316,1076 1291,1075 1266,1074 1241,1074 1216,1073 1191,1072 1166,1071 1141,1071 1116,1070 1091,1069 1066,1069 1041,1068 1016,1068 991,1067 966,1067 941,1067"/>
                <Baseline points="941,1090 966,1090 991,1090 1016,1091 1041,1091 1066,1092 1091,1092 1116,1093 1141,1094 1166,1094 1191,1095 1216,1096 1241,1097 1266,1097 1291,1098 1316,1099 1341,1100 1366,1100 1391,1101 1416,1101 1442,1101"/>
                <TextEquiv>
                    <Unicode>lo que del caso ignoraba.</Unicode>
                </TextEquiv>
            </TextLine>
            <TextLine id="r2l19" custom="readingOrder {index:18;}">
                <Coords points="928,1146 960,1148 993,1149 1026,1150 1058,1152 1091,1153 1124,1154 1156,1155 1189,1155 1222,1156 1255,1157 1287,1157 1320,1158 1353,1159 1385,1159 1418,1160 1451,1161 1483,1162 1516,1163 1549,1165 1582,1166 1582,1132 1549,1131 1516,1129 1483,1128 1451,1127 1418,1126 1385,1125 1353,1125 1320,1124 1287,1123 1255,1123 1222,1122 1189,1121 1156,1121 1124,1120 1091,1119 1058,1118 1026,1116 993,1115 960,1114 928,1112"/>
                <Baseline points="928,1135 960,1137 993,1138 1026,1139 1058,1141 1091,1142 1124,1143 1156,1144 1189,1144 1222,1145 1255,1146 1287,1146 1320,1147 1353,1148 1385,1148 1418,1149 1451,1150 1483,1151 1516,1152 1549,1154 1582,1155"/>
                <TextEquiv>
                    <Unicode>Don Fernando que esto escucha,</Unicode>
                </TextEquiv>
            </TextLine>
            <TextLine id="r2l20" custom="readingOrder {index:19;}">
                <Coords points="938,1196 964,1197 990,1198 1016,1198 1042,1199 1068,1200 1094,1200 1120,1201 1146,1202 1172,1202 1199,1203 1225,1204 1251,1205 1277,1205 1303,1206 1329,1207 1355,1208 1381,1209 1407,1210 1433,1211 1460,1212 1460,1178 1433,1177 1407,1176 1381,1175 1355,1174 1329,1173 1303,1172 1277,1171 1251,1171 1225,1170 1199,1169 1172,1168 1146,1168 1120,1167 1094,1166 1068,1166 1042,1165 1016,1164 990,1164 964,1163 938,1162"/>
                <Baseline points="938,1185 964,1186 990,1187 1016,1187 1042,1188 1068,1189 1094,1189 1120,1190 1146,1191 1172,1191 1199,1192 1225,1193 1251,1194 1277,1194 1303,1195 1329,1196 1355,1197 1381,1198 1407,1199 1433,1200 1460,1201"/>
                <TextEquiv>
                    <Unicode>metió la mano á su espada</Unicode>
                </TextEquiv>
            </TextLine>
            <TextLine id="r2l21" custom="readingOrder {index:20;}">
                <Coords points="935,1247 961,1247 987,1248 1013,1248 1040,1248 1066,1249 1092,1250 1119,1250 1145,1251 1171,1252 1197,1252 1224,1253 1250,1254 1276,1255 1303,1256 1329,1257 1355,1259 1382,1260 1382,1227 1355,1226 1329,1224 1303,1223 1276,1222 1250,1221 1224,1220 1197,1219 1171,1219 1145,1218 1119,1217 1092,1217 1066,1216 1040,1215 1013,1215 987,1215 961,1214 935,1214"/>
                <Baseline points="935,1236 961,1236 987,1237 1013,1237 1040,1237 1066,1238 1092,1239 1119,1239 1145,1240 1171,1241 1197,1241 1224,1242 1250,1243 1276,1244 1303,1245 1329,1246 1355,1248 1382,1249"/>
                <TextEquiv>
                    <Unicode>para darle la repuesta;</Unicode>
                </TextEquiv>
            </TextLine>
            <TextLine id="r2l22" custom="readingOrder {index:21;}">
                <Coords points="931,1294 957,1294 984,1295 1010,1296 1037,1297 1063,1298 1090,1298 1116,1299 1143,1300 1169,1300 1196,1301 1222,1301 1249,1302 1275,1302 1302,1303 1328,1304 1355,1305 1381,1305 1408,1306 1434,1308 1461,1309 1461,1276 1434,1275 1408,1273 1381,1272 1355,1272 1328,1271 1302,1270 1275,1269 1249,1269 1222,1268 1196,1268 1169,1267 1143,1267 1116,1266 1090,1265 1063,1265 1037,1264 1010,1263 984,1262 957,1261 931,1261"/>
                <Baseline points="931,1283 957,1283 984,1284 1010,1285 1037,1286 1063,1287 1090,1287 1116,1288 1143,1289 1169,1289 1196,1290 1222,1290 1249,1291 1275,1291 1302,1292 1328,1293 1355,1294 1381,1294 1408,1295 1434,1297 1461,1298"/>
                <TextEquiv>
                    <Unicode>mas él huyendo se escapa.</Unicode>
                </TextEquiv>
            </TextLine>
            <TextLine id="r2l23" custom="readingOrder {index:22;}">
                <Coords points="930,1342 957,1343 985,1343 1013,1344 1040,1345 1068,1346 1096,1347 1123,1347 1151,1348 1179,1349 1207,1350 1234,1350 1262,1351 1290,1352 1317,1352 1345,1353 1373,1354 1400,1355 1428,1356 1456,1357 1484,1358 1484,1324 1456,1323 1428,1322 1400,1321 1373,1320 1345,1319 1317,1318 1290,1318 1262,1317 1234,1316 1207,1316 1179,1315 1151,1314 1123,1313 1096,1313 1068,1312 1040,1311 1013,1310 985,1309 957,1309 930,1308"/>
                <Baseline points="930,1331 957,1332 985,1332 1013,1333 1040,1334 1068,1335 1096,1336 1123,1336 1151,1337 1179,1338 1207,1339 1234,1339 1262,1340 1290,1341 1317,1341 1345,1342 1373,1343 1400,1344 1428,1345 1456,1346 1484,1347"/>
                <TextEquiv>
                    <Unicode>Fué al caballero y le cuenta</Unicode>
                </TextEquiv>
            </TextLine>
            <TextLine id="r2l24" custom="readingOrder {index:23;}">
                <Coords points="932,1390 957,1391 983,1392 1009,1392 1034,1393 1060,1394 1086,1395 1112,1395 1137,1396 1163,1396 1189,1397 1214,1398 1240,1398 1266,1399 1292,1400 1317,1401 1343,1402 1369,1404 1395,1405 1395,1371 1369,1370 1343,1368 1317,1367 1292,1366 1266,1365 1240,1364 1214,1364 1189,1363 1163,1362 1137,1362 1112,1361 1086,1361 1060,1360 1034,1359 1009,1358 983,1358 957,1357 932,1356"/>
                <Baseline points="932,1379 957,1380 983,1381 1009,1381 1034,1382 1060,1383 1086,1384 1112,1384 1137,1385 1163,1385 1189,1386 1214,1387 1240,1387 1266,1388 1292,1389 1317,1390 1343,1391 1369,1393 1395,1394"/>
                <TextEquiv>
                    <Unicode>esta afrentosa desgracía</Unicode>
                </TextEquiv>
            </TextLine>
            <TextLine id="r2l25" custom="readingOrder {index:24;}">
                <Coords points="928,1440 953,1441 978,1441 1003,1442 1028,1442 1053,1443 1078,1443 1103,1444 1128,1444 1154,1445 1179,1445 1204,1446 1229,1447 1254,1448 1279,1448 1304,1450 1329,1452 1354,1453 1380,1454 1380,1420 1354,1419 1329,1418 1304,1416 1279,1414 1254,1414 1229,1413 1204,1412 1179,1411 1154,1411 1128,1410 1103,1410 1078,1409 1053,1409 1028,1408 1003,1408 978,1407 953,1407 928,1406"/>
                <Baseline points="928,1429 953,1430 978,1430 1003,1431 1028,1431 1053,1432 1078,1432 1103,1433 1128,1433 1154,1434 1179,1434 1204,1435 1229,1436 1254,1437 1279,1437 1304,1439 1329,1441 1354,1442 1380,1443"/>
                <TextEquiv>
                    <Unicode>del empleo de su hija,</Unicode>
                </TextEquiv>
            </TextLine>
            <TextLine id="r2l26" custom="readingOrder {index:25;}">
                <Coords points="925,1489 950,1489 975,1490 1000,1490 1025,1491 1051,1492 1076,1492 1101,1493 1126,1493 1152,1494 1177,1495 1202,1495 1227,1496 1252,1496 1278,1497 1303,1498 1328,1499 1353,1500 1379,1501 1379,1467 1353,1466 1328,1465 1303,1464 1278,1463 1252,1462 1227,1462 1202,1461 1177,1461 1152,1460 1126,1459 1101,1459 1076,1458 1051,1458 1025,1457 1000,1456 975,1456 950,1455 925,1455"/>
                <Baseline points="925,1478 950,1478 975,1479 1000,1479 1025,1480 1051,1481 1076,1481 1101,1482 1126,1482 1152,1483 1177,1484 1202,1484 1227,1485 1252,1485 1278,1486 1303,1487 1328,1488 1353,1489 1379,1490"/>
                <TextEquiv>
                    <Unicode>como estaba desposada</Unicode>
                </TextEquiv>
            </TextLine>
            <TextLine id="r2l27" custom="readingOrder {index:26;}">
                <Coords points="928,1538 953,1538 978,1538 1004,1539 1029,1539 1054,1540 1080,1540 1105,1541 1131,1541 1156,1541 1181,1542 1207,1543 1232,1544 1258,1544 1283,1545 1308,1546 1334,1547 1359,1548 1385,1549 1385,1515 1359,1514 1334,1513 1308,1512 1283,1511 1258,1510 1232,1510 1207,1509 1181,1508 1156,1507 1131,1507 1105,1507 1080,1506 1054,1506 1029,1505 1004,1505 978,1504 953,1504 928,1504"/>
                <Baseline points="928,1527 953,1527 978,1527 1004,1528 1029,1528 1054,1529 1080,1529 1105,1530 1131,1530 1156,1530 1181,1531 1207,1532 1232,1533 1258,1533 1283,1534 1308,1535 1334,1536 1359,1537 1385,1538"/>
                <TextEquiv>
                    <Unicode>con el hijo del verdugo</Unicode>
                </TextEquiv>
            </TextLine>
            <TextLine id="r2l28" custom="readingOrder {index:27;}">
                <Coords points="928,1586 953,1586 979,1587 1004,1587 1030,1587 1055,1588 1081,1588 1106,1589 1132,1589 1157,1590 1183,1591 1208,1592 1234,1592 1259,1593 1285,1594 1310,1595 1336,1596 1361,1596 1387,1597 1413,1599 1413,1565 1387,1563 1361,1562 1336,1562 1310,1561 1285,1560 1259,1559 1234,1558 1208,1558 1183,1557 1157,1556 1132,1555 1106,1555 1081,1554 1055,1554 1030,1553 1004,1553 979,1553 953,1552 928,1552"/>
                <Baseline points="928,1575 953,1575 979,1576 1004,1576 1030,1576 1055,1577 1081,1577 1106,1578 1132,1578 1157,1579 1183,1580 1208,1581 1234,1581 1259,1582 1285,1583 1310,1584 1336,1585 1361,1585 1387,1586 1413,1588"/>
                <TextEquiv>
                    <Unicode>de Córdoba la nombrada</Unicode>
                </TextEquiv>
            </TextLine>
            <TextLine id="r2l29" custom="readingOrder {index:28;}">
                <Coords points="928,1633 953,1635 979,1636 1005,1637 1031,1638 1057,1639 1083,1639 1109,1640 1135,1640 1161,1640 1187,1641 1212,1641 1238,1641 1264,1642 1290,1643 1316,1644 1342,1644 1368,1646 1394,1647 1420,1649 1446,1651 1446,1617 1420,1615 1394,1613 1368,1612 1342,1610 1316,1610 1290,1609 1264,1608 1238,1607 1212,1607 1187,1607 1161,1606 1135,1606 1109,1606 1083,1605 1057,1605 1031,1604 1005,1603 979,1602 953,1601 928,1599"/>
                <Baseline points="928,1622 953,1624 979,1625 1005,1626 1031,1627 1057,1628 1083,1628 1109,1629 1135,1629 1161,1629 1187,1630 1212,1630 1238,1630 1264,1631 1290,1632 1316,1633 1342,1633 1368,1635 1394,1636 1420,1638 1446,1640"/>
                <TextEquiv>
                    <Unicode>Esto que oyó el caballero,</Unicode>
                </TextEquiv>
            </TextLine>
            <TextLine id="r2l30" custom="readingOrder {index:29;}">
                <Coords points="924,1683 949,1684 974,1684 999,1685 1024,1685 1049,1686 1074,1686 1099,1686 1124,1687 1149,1687 1174,1688 1199,1688 1224,1689 1249,1690 1274,1690 1299,1691 1324,1692 1349,1694 1374,1695 1399,1697 1424,1699 1424,1665 1399,1663 1374,1661 1349,1660 1324,1658 1299,1657 1274,1656 1249,1656 1224,1655 1199,1654 1174,1654 1149,1653 1124,1653 1099,1652 1074,1652 1049,1652 1024,1651 999,1651 974,1650 949,1650 924,1649"/>
                <Baseline points="924,1672 949,1673 974,1673 999,1674 1024,1674 1049,1675 1074,1675 1099,1675 1124,1676 1149,1676 1174,1677 1199,1677 1224,1678 1249,1679 1274,1679 1299,1680 1324,1681 1349,1683 1374,1684 1399,1686 1424,1688"/>
                <TextEquiv>
                    <Unicode>como toro herido brama,</Unicode>
                </TextEquiv>
            </TextLine>
            <TextLine id="r2l31" custom="readingOrder {index:30;}">
                <Coords points="920,1732 945,1732 970,1733 995,1733 1021,1733 1046,1734 1071,1734 1097,1735 1122,1735 1147,1736 1172,1737 1198,1737 1223,1738 1248,1739 1274,1740 1299,1740 1324,1741 1350,1741 1350,1707 1324,1707 1299,1706 1274,1706 1248,1705 1223,1704 1198,1703 1172,1703 1147,1702 1122,1701 1097,1701 1071,1700 1046,1700 1021,1699 995,1699 970,1699 945,1698 920,1698"/>
                <Baseline points="920,1721 945,1721 970,1722 995,1722 1021,1722 1046,1723 1071,1723 1097,1724 1122,1724 1147,1725 1172,1726 1198,1726 1223,1727 1248,1728 1274,1729 1299,1729 1324,1730 1350,1730"/>
                <TextEquiv>
                    <Unicode>escupiendo basiliscos</Unicode>
                </TextEquiv>
            </TextLine>
            <TextLine id="r2l32" custom="readingOrder {index:31;}">
                <Coords points="924,1780 949,1781 974,1781 999,1782 1024,1783 1050,1783 1075,1783 1100,1784 1125,1784 1151,1785 1176,1786 1201,1787 1226,1787 1251,1788 1277,1789 1302,1790 1327,1791 1352,1793 1378,1795 1378,1761 1352,1759 1327,1757 1302,1756 1277,1755 1251,1754 1226,1753 1201,1753 1176,1752 1151,1751 1125,1750 1100,1750 1075,1749 1050,1749 1024,1749 999,1748 974,1747 949,1747 924,1746"/>
                <Baseline points="924,1769 949,1770 974,1770 999,1771 1024,1772 1050,1772 1075,1772 1100,1773 1125,1773 1151,1774 1176,1775 1201,1776 1226,1776 1251,1777 1277,1778 1302,1779 1327,1780 1352,1782 1378,1784"/>
                <TextEquiv>
                    <Unicode>quiso á la hija matarla,</Unicode>
                </TextEquiv>
            </TextLine>
            <TextLine id="r2l33" custom="readingOrder {index:32;}">
                <Coords points="924,1830 949,1830 974,1831 999,1831 1024,1832 1049,1832 1074,1832 1099,1833 1125,1833 1150,1833 1175,1834 1200,1834 1225,1835 1250,1836 1275,1837 1300,1838 1326,1839 1326,1805 1300,1804 1275,1803 1250,1802 1225,1801 1200,1800 1175,1800 1150,1799 1125,1799 1099,1799 1074,1798 1049,1798 1024,1798 999,1797 974,1797 949,1796 924,1796"/>
                <Baseline points="924,1819 949,1819 974,1820 999,1820 1024,1821 1049,1821 1074,1821 1099,1822 1125,1822 1150,1822 1175,1823 1200,1823 1225,1824 1250,1825 1275,1826 1300,1827 1326,1828"/>
                <TextEquiv>
                    <Unicode>y jura que si le coje</Unicode>
                </TextEquiv>
            </TextLine>
            <TextLine id="r2l34" custom="readingOrder {index:33;}">
                <Coords points="923,1877 948,1878 973,1879 998,1880 1024,1880 1049,1881 1074,1881 1100,1882 1125,1882 1150,1883 1176,1883 1201,1884 1226,1884 1251,1885 1277,1885 1302,1886 1327,1887 1353,1888 1378,1889 1403,1890 1429,1891 1429,1857 1403,1856 1378,1855 1353,1854 1327,1853 1302,1852 1277,1851 1251,1851 1226,1850 1201,1850 1176,1849 1150,1849 1125,1848 1100,1848 1074,1847 1049,1847 1024,1846 998,1846 973,1845 948,1844 923,1843"/>
                <Baseline points="923,1866 948,1867 973,1868 998,1869 1024,1869 1049,1870 1074,1870 1100,1871 1125,1871 1150,1872 1176,1872 1201,1873 1226,1873 1251,1874 1277,1874 1302,1875 1327,1876 1353,1877 1378,1878 1403,1879 1429,1880"/>
                <TextEquiv>
                    <Unicode>ha de hacerle mil tajadas.</Unicode>
                </TextEquiv>
            </TextLine>
            <TextLine id="r2l35" custom="readingOrder {index:34;}">
                <Coords points="920,1926 946,1927 972,1928 998,1928 1024,1929 1050,1929 1076,1929 1102,1930 1129,1930 1155,1931 1181,1931 1207,1932 1233,1932 1259,1933 1285,1934 1311,1936 1338,1938 1338,1904 1311,1902 1285,1900 1259,1899 1233,1898 1207,1898 1181,1897 1155,1897 1129,1896 1102,1896 1076,1895 1050,1895 1024,1895 998,1894 972,1894 946,1893 920,1892"/>
                <Baseline points="920,1915 946,1916 972,1917 998,1917 1024,1918 1050,1918 1076,1918 1102,1919 1129,1919 1155,1920 1181,1920 1207,1921 1233,1921 1259,1922 1285,1923 1311,1925 1338,1927"/>
                <TextEquiv>
                    <Unicode>Receloso de lo dicho,</Unicode>
                </TextEquiv>
            </TextLine>
            <TextLine id="r2l36" custom="readingOrder {index:35;}">
                <Coords points="921,1975 946,1975 972,1976 997,1977 1023,1978 1048,1978 1074,1978 1099,1979 1125,1979 1150,1979 1176,1980 1202,1980 1227,1981 1253,1981 1278,1982 1304,1983 1329,1984 1355,1985 1380,1987 1406,1989 1432,1990 1432,1956 1406,1955 1380,1953 1355,1951 1329,1950 1304,1949 1278,1948 1253,1947 1227,1947 1202,1946 1176,1946 1150,1945 1125,1945 1099,1945 1074,1944 1048,1944 1023,1944 997,1943 972,1942 946,1941 921,1941"/>
                <Baseline points="921,1964 946,1964 972,1965 997,1966 1023,1967 1048,1967 1074,1967 1099,1968 1125,1968 1150,1968 1176,1969 1202,1969 1227,1970 1253,1970 1278,1971 1304,1972 1329,1973 1355,1974 1380,1976 1406,1978 1432,1979"/>
                <TextEquiv>
                    <Unicode>don Fernando se ocultaba;</Unicode>
                </TextEquiv>
            </TextLine>
            <TextLine id="r2l37" custom="readingOrder {index:36;}">
                <Coords points="916,2024 941,2025 967,2026 993,2026 1019,2027 1045,2027 1071,2027 1097,2027 1123,2027 1148,2027 1174,2027 1200,2027 1226,2028 1252,2029 1278,2030 1304,2031 1330,2033 1330,1999 1304,1997 1278,1996 1252,1995 1226,1994 1200,1993 1174,1993 1148,1993 1123,1993 1097,1993 1071,1993 1045,1993 1019,1993 993,1992 967,1992 941,1991 916,1990"/>
                <Baseline points="916,2013 941,2014 967,2015 993,2015 1019,2016 1045,2016 1071,2016 1097,2016 1123,2016 1148,2016 1174,2016 1200,2016 1226,2017 1252,2018 1278,2019 1304,2020 1330,2022"/>
                <TextEquiv>
                    <Unicode>el caballero lo busca</Unicode>
                </TextEquiv>
            </TextLine>
            <TextLine id="r2l38" custom="readingOrder {index:37;}">
                <Coords points="913,2076 939,2076 965,2075 991,2075 1018,2075 1044,2075 1070,2075 1096,2076 1123,2076 1149,2077 1175,2077 1201,2078 1228,2078 1254,2079 1280,2080 1306,2081 1333,2082 1359,2082 1385,2083 1412,2084 1412,2050 1385,2049 1359,2048 1333,2048 1306,2047 1280,2046 1254,2045 1228,2044 1201,2044 1175,2043 1149,2043 1123,2042 1096,2042 1070,2041 1044,2041 1018,2041 991,2041 965,2041 939,2042 913,2042"/>
                <Baseline points="913,2065 939,2065 965,2064 991,2064 1018,2064 1044,2064 1070,2064 1096,2065 1123,2065 1149,2066 1175,2066 1201,2067 1228,2067 1254,2068 1280,2069 1306,2070 1333,2071 1359,2071 1385,2072 1412,2073"/>
                <TextEquiv>
                    <Unicode>y viendo que no le hallan</Unicode>
                </TextEquiv>
            </TextLine>
            <TextLine id="r2l39" custom="readingOrder {index:38;}">
                <Coords points="920,2124 946,2125 972,2125 998,2125 1024,2125 1050,2125 1077,2125 1103,2125 1129,2125 1155,2125 1181,2125 1207,2126 1234,2126 1260,2127 1286,2128 1312,2129 1338,2131 1364,2132 1391,2135 1391,2101 1364,2098 1338,2097 1312,2095 1286,2094 1260,2093 1234,2092 1207,2092 1181,2091 1155,2091 1129,2091 1103,2091 1077,2091 1050,2091 1024,2091 998,2091 972,2091 946,2091 920,2090"/>
                <Baseline points="920,2113 946,2114 972,2114 998,2114 1024,2114 1050,2114 1077,2114 1103,2114 1129,2114 1155,2114 1181,2114 1207,2115 1234,2115 1260,2116 1286,2117 1312,2118 1338,2120 1364,2121 1391,2124"/>
                <TextEquiv>
                    <Unicode>prendieron al mercader,</Unicode>
                </TextEquiv>
            </TextLine>
            <TextLine id="r2l40" custom="readingOrder {index:39;}">
                <Coords points="908,2178 936,2177 965,2176 993,2176 1022,2176 1050,2176 1079,2176 1107,2176 1136,2177 1164,2177 1193,2178 1221,2179 1250,2179 1278,2180 1307,2181 1335,2181 1364,2182 1392,2183 1421,2183 1449,2184 1478,2184 1478,2150 1449,2150 1421,2149 1392,2149 1364,2148 1335,2147 1307,2147 1278,2146 1250,2145 1221,2145 1193,2144 1164,2143 1136,2143 1107,2142 1079,2142 1050,2142 1022,2142 993,2142 965,2142 936,2143 908,2144"/>
                <Baseline points="908,2167 936,2166 965,2165 993,2165 1022,2165 1050,2165 1079,2165 1107,2165 1136,2166 1164,2166 1193,2167 1221,2168 1250,2168 1278,2169 1307,2170 1335,2170 1364,2171 1392,2172 1421,2172 1449,2173 1478,2173"/>
                <TextEquiv>
                    <Unicode>y la hacienda le embargaban</Unicode>
                </TextEquiv>
            </TextLine>
            <TextEquiv>
                <Unicode>yo soy pero esta fortuna
Dios me la tuvo guardada,
Y supuesto que eres pobre,
yo te daré si me tapas,
con que puedas adquirir
candal si tu te das trazas,
y estaré siempre obligado
vente conmigo á mi casa
Lo regocijó y le dió
cien pesos en oro y plata:
fuese el mozuelo y gastólos
en cosas desordenadas;
volvíó á pedirle otro dia
con imperio y amenazas
doscientos pesos de pronto,
y que si no se los daba
á su suegro le diria
lo que del caso ignoraba.
Don Fernando que esto escucha,
metió la mano á su espada
para darle la repuesta;
mas él huyendo se escapa.
Fué al caballero y le cuenta
esta afrentosa desgracía
del empleo de su hija,
como estaba desposada
con el hijo del verdugo
de Córdoba la nombrada
Esto que oyó el caballero,
como toro herido brama,
escupiendo basiliscos
quiso á la hija matarla,
y jura que si le coje
ha de hacerle mil tajadas.
Receloso de lo dicho,
don Fernando se ocultaba;
el caballero lo busca
y viendo que no le hallan
prendieron al mercader,
y la hacienda le embargaban</Unicode>
            </TextEquiv>
        </TextRegion>
    </Page>
</PcGts>
