1737 2508
120 233 644 282 súpolo el padre y prudente
121 283 605 330 fue donde la hija estaba;
126 332 570 379 duda lo mismo que vé,
124 379 669 428 y antes de hablarle palabra,
128 427 582 477 consideró como cuerdo
133 477 576 524 el deshonor de su casa
130 525 616 573 y reportándose ha dicho:
131 573 679 625 ¡que hayan visto tal infamia
140 623 646 668 mis ojos, y esto consienta
137 671 626 718 á pesar de ello mi fama!
148 719 642 767 ¡cómo tanto atrevimiento!
141 769 631 815 ¡En las principales casas,
144 818 598 863 se usa aquesta villanía!
147 867 595 910 El mancebo se levanta,
150 915 564 959 y arrodillado le dice.
152 962 655 1009 el firme amor es la causa
151 1010 685 1056 de estos mis atrevimientos;
158 1062 579 1105 mira, señor y repara,
158 1103 817 1156 que en lo hecho no hay remedio;
153 1159 610 1202 este sagrado me valga,
154 1207 647 1251 sino, tu eres el cuchillo;
158 1257 574 1299 yo la carne delicada,
165 1305 627 1347 corta, señor, á tu gusto
170 1354 638 1397 tu rigor sobre mi caiga.
163 1404 533 1445 Al ruido la señora,
171 1450 569 1493 los criados y criadas
171 1497 602 1542 acuden, y el caballero
171 1546 639 1590 mandó que se retiráran,
180 1594 655 1638 y al mancebo y á la niña
174 1641 632 1687 enciérralo en dos salas
175 1692 663 1736 con cargo de juramento,
183 1737 729 1784 que si á su sangre no iguala
182 1786 722 1833 sin remedio ha de matarlos
178 1836 695 1882 antes de que lo afrentaran.
184 1887 689 1931 Pasó sin dormir la noche,
188 1935 637 1980 y luego por la mañana
190 1984 699 2029 fué en casa del mercader,
183 2035 663 2080 por el mozo preguntaba,
192 2082 639 2129 brujuleando pesquisas,
193 2133 717 2179 como quien no sabe nada,
1343 143 1377 185 3
823 201 1441 255 y el mercader que no es lerdo,
830 249 1421 307 le ha dicho aquestas palabras:
836 301 1381 353 señor don Jacinto, el mozo,
831 349 1327 402 sin quitarle á nadie nada
839 395 1342 450 es tan bueno como el rey
838 449 1268 498 y no desmerece nada.
835 493 1362 548 Es un primo hermano mio
844 543 1397 597 que se ha venido de España,
847 591 1390 641 y es noble que aquí le tengo
849 644 1263 693 su ejecutoria ganada;
850 689 1377 740 y no porque es deudo mio,
855 736 1397 790 que si usted esperimentara,
859 785 1429 838 viera en él prendas de garbo,
852 835 1384 886 y un hombre de confianza,
861 880 1411 934 No tiene mas de un defecto:
859 930 1397 985 que ser pobre, y es la falta
861 976 1533 1034 mas comun que hay en el mundo,
865 1028 1399 1084 pues hacemos de ello gala:
867 1077 1407 1132 pero en cuanto á lo demás,
866 1125 1415 1181 nadíe puede hablar palabra.
870 1178 1315 1229 El caballero responde:
873 1225 1367 1278 si esto que usted declara,
872 1271 1395 1327 es verdad, quiero contarle
880 1321 1364 1376 como amigo lo que pasa.
880 1373 1320 1425 A deshora de la noche
877 1418 1409 1474 lo encontré dentro mi casa
885 1469 1376 1522 conversando con mi hija,
880 1514 1429 1569 y esto es una accion villana,
884 1563 1406 1619 no sé lo que entre los dos
882 1616 1373 1667 sobre este misterio pasa.
887 1666 1369 1716 Reportáronme los cielos,
890 1713 1378 1763 volví el acero á la vaina,
898 1760 1421 1813 pensando que con matarlos
890 1814 1327 1861 el daño no remediaba;
898 1857 1458 1911 demás que él no tiene culpa
899 1913 1276 1958 sino mi hija liviana
904 1953 1465 2008 que él no habia de arrojarse
904 2006 1425 2055 si ella no le diera entrada.
904 2054 1389 2105 Supuesto que su fortuna
903 2104 1428 2154 lo quiso así y la desgracia
