1737 2508
141 233 626 273 cuyos granos son rubies,
145 281 629 322 en diamantes engastadas
147 332 577 369 con la corteza de oro,
147 380 595 418 y las hojas esmaltadas;
143 428 585 466 mas el honrado señor,
152 476 682 514 que riquezas no le ensalzan,
155 525 712 562 vuelve el caudal al mancebo,
143 574 666 610 diciéndole muchas gracias,
151 622 639 659 El almirante al momento
149 671 578 707 de la mano le levanta,
147 720 699 756 mandando á su mayordomo,
149 768 622 807 que dispusiese una sala,
148 816 614 853 y cuide de su asistencia
152 865 580 901 con criados y criadas.
153 913 614 950 Y al cabo de pocos días
151 963 640 999 mandó que la mejor gala
154 1010 642 1047 que tuviese, se la ponga,
151 1059 696 1096 y en su carroza lo embarca.
145 1108 649 1143 Fueron los dos al Palacio
151 1156 691 1193 de nuestro invicto monarca:
150 1205 622 1242 su lado siniestro ocupa,
149 1254 698 1292 y en llegando á la real sala,
158 1302 603 1338 delante del régio sólio
159 1352 657 1387 de la magestad lo ensalza.
156 1400 650 1436 Habla el almirante al rey,
155 1449 672 1486 el cual dijo estas palabras;
154 1496 621 1536 ¡quien es ese de tu lado
156 1546 674 1583 que tu persona acompaña?
153 1594 589 1632 Es mi pariente, señor,
155 1642 650 1681 que á ver esta córte pasa,
158 1691 622 1730 y aldeas de sus estados;
156 1739 601 1778 y su persona inclinada
151 1789 614 1826 á las Indias siempre ha sido.
158 1839 606 1875 Si su magestad gustára
161 1886 627 1923 de darle un gobierno en ellas,
152 1936 638 1974 y juntamente lo honrára
153 1985 595 2020 con un hábito, porque
159 2032 590 2068 su persona veneráran,
160 2079 633 2117 y un decreto juntamente
158 2130 638 2168 con sello y reales armas
1375 179 1400 214 7
856 229 1432 268 para un sugeto que en Lima,
859 279 1368 314 donde mi pariente estaba,
862 327 1274 363 difamó sin conocerlo
860 374 1395 413 porque el tal no se ocupaba
860 421 1406 461 sino en deshonrar á buenos
859 472 1357 508 y deslucir muchas casas.
862 520 1448 558 Si, almirante, (el rey le dice,
865 568 1414 606 soy gustoso en que se haga.
902 616 1345 653 —Beso las reales manos,
859 665 1362 703 y estimo merced tan alta.
863 713 1366 752 Pasa al Consejo de estado
858 764 1282 801 y sin aprobacion saca
864 814 1293 851 el hábito de Santiago.
864 862 1278 897 veas si hay, ó si vaca
865 909 1343 947 un gobíerno, y suyo sea.
861 959 1293 995 El decreto luego saca,
861 1006 1327 1044 y acabado, se volvieron
868 1056 1326 1092 en la carroza á su casa.
867 1104 1357 1141 Don Fernando se despide
867 1151 1383 1190 con muy urbanas palabras
870 1201 1348 1239 dándole agradecimientos
872 1249 1460 1286 por lo mucho que le honraba.
876 1296 1399 1335 Váyase en paz dle responde
865 1346 1364 1384 y mire antes que se vaya,
864 1395 1492 1433 que le advierto que me escriba
867 1446 1313 1481 sin que se dilate nada,
865 1494 1404 1528 y en lo que se le ofreciere,
870 1542 1299 1579 avice porque se haga.
866 1589 1429 1627 Partió don Fernando á Cadiz
867 1638 1379 1675 llevándase en su compaña
866 1687 1358 1726 criados que á su persona
867 1736 1315 1773 fausto y aparato daban.
881 1784 1415 1821 Volvió en placer los pesares
876 1833 1346 1871 que tanto le molestaban:
872 1882 1257 1921 cada hora le parece
875 1931 1350 1969 que un siglo se dilataba.
869 1978 1361 2018 Allí tuvo un buen amigo
869 2028 1395 2065 para quien trajo una carta
869 2078 1372 2113 del mercader su padrino,
873 2126 1367 2165 que le tuvo mesa franca,
