1765 2512
317 170 379 224 8
195 237 732 278 aparato y mucho obsequio,
200 284 734 326 en tanto que se emharcaba:
200 332 670 373 lo que en breve ejecutó
199 385 637 422 y para las Indias pasa.
200 433 785 474 Sopló el viento en su fortuna,
198 480 713 519 y en Lima se desembarca:
194 527 672 567 puso la venera al pecho
206 576 728 617 y al lado la cruz de grana.
192 624 688 662 Hechas ya las diligencias
202 672 688 711 del que de arribar acaba
197 721 792 763 á un puerto como el de Lima,
189 773 693 810 y procediendo de España
196 821 696 859 llegó á su casa orgulloso,
189 869 767 906 y al punto á su suegro llama:
200 916 634 956 el cual así que le vió,
195 964 662 1005 la sangre se le alteraba,
198 1012 633 1051 renovándose la herida
202 1060 669 1101 de la consabida infamia.
202 1108 660 1149 Ya es tiempo, señor, le dice,
202 1160 662 1196 que veais si está casada
207 1206 710 1245 vuestra hija, como os dijo
196 1254 716 1297 el hombre de vil prosapia,
200 1304 664 1343 que infamó de mi linaje
194 1352 658 1391 los honores de mi casa;
194 1402 664 1440 ya está claro lo dudoso,
198 1450 725 1489 mi esposa pido que traigas.
196 1496 634 1535 Yo te la concedo, dice
192 1546 749 1587 el suegro, y al yerno abraza.
184 1594 638 1633 Divulgóse esta noticia,
196 1642 690 1684 todo es placer en la casa,
196 1690 634 1731 todo es gozo y alegria,
195 1739 654 1779 y tal novedad estrañan.
189 1789 717 1827 Fueron pues, por la señora
194 1836 662 1875 que infinito se alegraba:
189 1886 662 1926 sacáronla del convento,
192 1934 681 1973 tierna los brazos le daba.
187 1983 640 2026 Las fiestas y regocijos,
918 241 1394 283 toros y juegos de cañas,
912 291 1514 331 que mandó hacer don Jacinto,
911 337 1380 378 diganlo por mí la fama.
913 385 1350 425 Presentaron el decreto
918 434 1346 477 á la justicia ordinaria;
911 483 1310 521 alzaron al mercader
914 531 1364 573 el embargo de su casa,
907 582 1363 618 y á la de don Fesnando
909 629 1398 669 con desencia lo llevaban,
914 676 1352 719 venerando su persona,
908 726 1310 765 y á los dos afiliaban
920 775 1416 814 por deudos del almirante,
913 823 1383 861 descendiente de su casa.
911 873 1373 909 Y para que sus honores
916 920 1366 961 por todo se divulgáran,
916 968 1308 1007 el Obispo y el Virrey
905 1016 1408 1056 y señores de importancia,
915 1066 1362 1102 empeñaban su persona
917 1114 1430 1152 en los negocios de España
916 1162 1414 1199 del Consejo y de la Corte,
911 1211 1321 1250 y él se los facilitaba.
909 1262 1370 1296 Así pagó don Fernando
908 1308 1454 1346 á su amigo que le honraba,
903 1356 1368 1395 los favores que le hizo,
912 1405 1330 1442 declarándole la causa
912 1453 1336 1491 de verse como se via.
918 1502 1385 1539 Y con su esposa adorada
918 1549 1293 1589 vivió pacíficamente,
912 1600 1520 1637 que aunque se miró engañada,
909 1647 1452 1685 la bondad de don Fernando
907 1696 1330 1735 resarció toda su falta;
902 1746 1385 1781 y con los nuevos favores
914 1792 1340 1832 revivió honor y fama,
906 1843 1436 1878 gozando en tiernos cariños
907 1891 1441 1927 correspondoncia dos almas.
908 1939 1408 1976 Y el autor pide y suplica,
907 1990 1431 2027 que le perdonen sus faltas.
238 2128 1526 2176 CARMONA:—Imp. y lib. de D. José María Moreno, Madre de Dios, 1.
