1765 2512
344 224 354 258 2
195 267 723 308 ni ponerle que estos dones
195 316 761 356 los dá Dios con mano franca
195 365 657 405 á quien es su voluntad,
208 413 697 455 que es infinita su gracia.
205 460 733 502 Nadie se admire ni espante
208 509 744 551 de que los troncos y ramas
203 558 727 600 que tienen un árbol inútil,
211 608 777 648 den un fruto de importancia,
211 656 707 698 como lo fué el contenído,
210 704 782 747 aunque del borron ó mancha
208 754 692 797 de los padres participan
211 802 704 843 los hijos sin tener causa.
209 849 770 892 No obstante, doraba el fruto
212 898 751 941 lo que el tronco desdoraba;
211 949 639 993 y con gran sagacidad
216 998 650 1038 reconociendo su falta,
213 1045 735 1089 que es parte de discrecion
215 1094 711 1136 conocerse en sí la tacha,
213 1142 689 1188 y no hay mas ejecutoria
215 1186 851 1234 que obrar bien, y aquesto basta.
220 1241 621 1283 Apenas llegó á tener
228 1291 701 1331 edad de ceñir la espada,
228 1339 608 1377 viéndose tan infeliz
218 1387 693 1427 de no poder empuñarla,
223 1435 675 1480 y que de él no se hace caso,
225 1484 709 1524 no ignorante de la causa
228 1531 723 1573 tuvo un dia con su padre
228 1581 677 1621 unas sentidas palabras,
235 1627 711 1669 donde en público le dijo
227 1677 785 1720 que de su afrenta era causa,
227 1728 699 1773 y por si acaso algun dia
229 1778 634 1815 alguno lo baldonára,
231 1825 707 1864 se querelló de su padre,
232 1872 709 1911 y se ausentó de su casa.
236 1921 691 1961 Embarcóse para Indias
236 1970 737 2011 donde su suerte lo llama:
236 2019 757 2062 llegó á la ciudad de Lima,
233 2066 735 2111 y al cabo de una semana
240 2116 907 2154 vió una noche que unos hombres,
232 2164 763 2205 á un mercader lo robaban
917 260 1361 298 chocó con ellos brioso,
917 308 1349 347 y á palos y cuchilladas
922 357 1377 395 hizo que desamparasen
916 405 1459 443 la calle, la hacienda y casa.
912 452 1309 491 Al ruido los vecinos
921 501 1453 542 y el mercader despertaban;
922 548 1283 589 agradecido de ver
920 599 1302 636 esta fineza tan alta,
923 646 1367 685 con empeño le suplica,
921 695 1325 734 ofreciéndole su casa,
923 743 1411 782 su amistad, porque desea
919 792 1371 832 en algo recompensarla.
924 841 1412 879 Despidióse por ser tarde,
925 889 1387 930 y á otro dia de mañana
931 937 1483 978 le fué á ver, dándole cuenta
928 986 1423 1027 como solo se encontraba,
921 1034 1401 1074 sin arrimo en la ciudad,
927 1083 1453 1124 forastero en tierra estraña.
931 1131 1359 1172 Entónces el mercader
932 1181 1431 1220 le hizo dueño de su casa,
931 1228 1377 1269 y visto sus procederes;
935 1276 1404 1316 con mas cariño lo trata.
932 1325 1354 1365 Pared en medio vivía
937 1374 1405 1414 un don Jacinto de Salas
943 1423 1377 1462 caballero noble y rico,
939 1472 1397 1510 del Orden de Calatrava,
943 1521 1379 1560 el cual tenia una hija,
939 1569 1413 1608 de todos muy envidiada,
938 1617 1401 1659 y enamorada del mozo,
947 1664 1467 1708 le ha dado mano y palabra
953 1714 1461 1755 que se ha de casar con él,
949 1762 1495 1804 aunque pese á quien pesára
947 1810 1462 1852 siendo el mercader testigo
944 1859 1403 1901 de todo cuanto pasaba.
947 1906 1426 1950 Prosiguieron sus amores
953 1957 1433 1998 con los papeles y cartas,
945 2006 1393 2052 y el amor no dió lugar
951 2056 1473 2095 que mucho tiempo pasára;
958 2101 1449 2144 entrada le dió una noche
955 2151 1523 2194 dentro de su cuarto la dama;
