1765 2512
325 243 371 290 6
202 299 681 351 Ensayándose á sí mismo
200 347 625 400 se puso una rica gala
207 393 781 448 previniendo un buen bolsillo,
205 441 789 497 y las prendas de importancia,
207 490 731 544 Fué en casa del almirante
214 538 705 591 de Castilla, y preguntaba
214 587 785 641 si está en casa su escelencia,
219 635 719 690 que le permita lá entrada
220 684 739 739 que un criado suyo quiere,
215 731 850 789 puesto á sus pies, dos palabras
217 781 721 836 Entró un paje, se lo dijo,
223 830 745 883 y dió licencia que entrára.
227 880 709 932 Tan cortés como bizarro
232 927 778 980 entró el mancebo en la sala
232 984 583 1031 hízole su cortesia,
235 1024 757 1080 y á sus pies se arrodillaba.
237 1081 595 1126 Invictísimo señor.
239 1125 751 1175 le dice con mucha pausa,
239 1170 795 1224 mostrando gran sentimiento
239 1218 753 1273 yo soy la mas desgraciada
250 1269 721 1323 criatura de este mundo,
247 1317 767 1370 mas de serlo no soy causa,
250 1367 729 1421 que si yo eligiera padre,
252 1412 813 1467 ni aun el rey me contentára.
258 1461 819 1515 Fuime á las Indias y en ellas
258 1512 753 1565 de mí se pagó una dama,
264 1558 789 1614 que es hija de un caballero
268 1608 719 1661 del Orden de Calatrava
260 1660 708 1710 Apadrinóme un amigo
266 1706 751 1758 diciendo que le constaba
268 1756 721 1807 ser noble y deudo suyo
259 1803 795 1859 y dando las circunstancias,
272 1851 757 1905 con su misma ejecutoria
271 1904 701 1952 de hidalgo pasé plaza
267 1952 717 2001 sin serlo á cuya fineza
278 1998 773 2051 mi persona está obligada.
276 2043 890 2099 Caséme y me honró mi suegro
283 2096 797 2148 con liberal mano y franca,
277 2144 845 2198 gran señor y estando un dia
279 2197 689 2247 alegre fuera de casa
916 268 1393 321 me reconoció un sugeto
920 317 1413 369 que era hijo de mi pátria.
922 363 1417 417 Neguéme al conocimiento
919 414 1397 466 mas no aprovechó nada:
930 463 1461 515 fué forzoso el descubrirme,
924 514 1331 564 y soborné su dañada
927 555 1474 612 intencion. Con que otro dia
928 610 1355 660 dijo que si nó le daba
938 657 1465 710 doscientos pesos de pronto,
938 704 1421 758 daria cuenta en mi casa.
941 753 1417 807 Quise matarlo, y huyóse;
939 800 1489 853 fuè á mi suegro y le declara
938 849 1447 903 la verdad de mi desdicha,
943 898 1477 951 que aquí no puedo negarla.
951 949 1379 1000 Considere vueselencia
943 992 1528 1053 ¿qué disgusto habria en casa?
947 1047 1403 1098 Supe con todo secreto,
955 1094 1411 1146 que mi suegro deseaba
961 1140 1485 1194 matarme; mas no le culpo,
962 1186 1555 1245 que si en su lugar mo hallára,
963 1241 1461 1292 hiciera, señor, lo mismo,
963 1290 1387 1338 y satisfaccion tomára.
969 1334 1459 1389 Esta es, señor, la verdad
969 1384 1437 1438 de todo lo que me pasa:
969 1435 1461 1486 mi fortuna me he traido,
973 1482 1417 1534 tu patrocinio me valga:
971 1530 1477 1582 honrad, señor, este triste,
979 1579 1419 1632 que desvalido se halla,
979 1621 1551 1683 por ser propio en los señores
983 1678 1453 1727 favorecer, si en su casa,
980 1724 1417 1778 toman asilo los pobres
988 1768 1533 1824 y dar honra á quien le falta.
987 1821 1449 1874 Reciba ahora vuecencia
988 1871 1469 1925 aquesta memoria escasa,
986 1918 1455 1973 que quisiera dar en ella
991 1968 1469 2022 el valor de toda España,
995 2016 1457 2070 los tesoros de las Indias
993 2065 1417 2122 y las arcas soberanas:
995 2108 1577 2169 dióle el bolsíllo y las prendas,
997 2164 1525 2220 y entre ellas una granada,
