1765 2512
396 78 819 110 osté sabe que soy neto
396 124 930 161 y en metiendome en jarana,
395 165 895 202 dobla al punto la campana
386 210 948 247 por el arma de algun muerto:
394 254 774 288 el dia que estoy varí
388 300 914 336 y comienzo á dar moquetes,
388 341 814 376 lo mesmo que rejiletes
384 386 854 420 uyen los hombres de mi.
347 430 991 467 Tio C. ¿Pero al fin que te graznó
387 473 760 509 ese moso pinturero?
336 518 915 556 Pepe. Cuanto me dicó ligero
389 563 770 599 de mi vista se quitó;
387 607 742 642 estava mal enterao
384 652 854 688 como oste dijo tio Curro,
388 696 838 732 y yo tambien lo diseurró
384 741 867 778 porque se fué avergonsao:
381 787 792 819 llegó sin poerme jablá
371 832 867 865 y se queó como un difunto
376 875 806 906 á si que yo le pregpnto
376 918 810 951 el que quioste camará?
377 964 903 997 se esmalló en aquel instante
379 1009 877 1042 y oyendo mi voz tan fuerte
380 1053 824 1086 los colores de la muerte
383 1097 862 1130 le asomaron al semblante,
379 1141 864 1172 Yo entonses con espalpajo
371 1187 804 1220 por no dalle que contá
375 1231 751 1262 le dije: lla pué toma
370 1274 858 1306 calle arriba ú dalle abajo.
366 1318 902 1354 No quiso asperá otra chanza
367 1364 793 1399 y tomó jacia ay arriba,
376 1408 736 1440 dando seña positiva
366 1450 623 1485 de tené buena crianza
372 1494 594 1528 Por no tener mas quimera
373 1539 551 1572 al instante se najó.
367 1584 531 1618 Tio Curro y me respetó
367 1630 506 1662 como si su padre fuera.
364 1675 595 1712 ¿Y hosté qué busca po aqui
362 1720 602 1753 á estas horas digasté?
323 1762 871 1798 Tio C. Ando tras una, gaché
371 1807 739 1842 que me tiene muerto ami
324 1851 856 1890 Pepe. Tio Currito de verda,
375 1897 811 1930 tan viejo y enamorando,
364 1941 964 1991 balla que osté esta ensoñando,
363 1984 819 2019 yo no lo creo en su edá.
319 2031 965 2066 Tio C. Hombre pasó lo siguiente:
368 2121 784 2152 ayer la vie en los toro
363 2167 1015 2221 y me gustó ciertamente.
1123 84 1547 122 Mientras duró la corria
1123 128 1576 166 estuve como una gacha,
1114 173 1634 211 porque estuvo la muchacha
1120 219 1484 250 senta á la vera mia.
1120 262 1457 295 Es una mosa lachó
1117 308 1636 341 que tiene dos mil primores,
1102 349 1558 385 rubia con unas colores,
1076 392 1544 429 viva el cielo, de mistó.
1077 436 1518 476 Eya es blanca, colorá,
1109 482 1526 521 mu graciosa, delgaita,
1111 526 1517 562 con mu poca cinturita
1116 570 1504 606 y de aquí mu abulta.
1111 614 1546 653 Con su ropa mu airosa,
1107 660 1660 701 que cada vez que dá un paso,
1108 705 1476 738 a mi me jaciá peaso
1108 747 1558 786 al verla tan linga mosa.
1056 790 1626 829 Pepe. Vaya si me paese á mi
1111 837 1588 871 que osté sa puesto chalao.
1069 878 1720 918 Tio C.  Mia Pepe, que ma gustao.
1063 921 1637 963 Pepe. Y si oste es ya un puri.
1108 966 1533 1004 Pa que quiosté ese ruio
1106 1010 1587 1050 si es tan viejo como Adan
1063 1057 1700 1097 Tio C. Pues Pepe soy un bolcán
1075 1104 1485 1137 en amores encendio.
1057 1146 1681 1185 Pepé. Usté ya no tendrá muelas
1025 1191 1594 1229 ni quisas dientes tampoco,
1109 1236 1568 1271 luego espues está V. loco
995 1278 1618 1316 con querer á las mosuelas.
1060 1324 1676 1364 Tio C. Es verdad lo que tú dice
1097 1368 1568 1403 pero estoy tan vivaracho
1107 1413 1625 1447 como cualquiera muchacho
1106 1458 1747 1514 que tenga caterge ò quince,
1105 1499 1703 1560 Este movimiento mio,
1100 1545 1598 1587 esta facha, esta soltura....
1050 1588 1736 1639 Pepe. ¿Tio Currito y la entaura?
1055 1635 1711 1693 Tio C. Otaviá no ma nacio.
1055 1680 1575 1737 Pepe. Pos entónces...
1520 1734 1740 1774 Tio C. Caya tú,
1100 1766 1547 1802 que otabia nó me tarda.
1046 1811 1736 1862 Pepe. Vaya, osté ño se acobarda
1120 1857 1456 1893 y ya es una senetú.
1054 1899 1701 1959 Tio c. Pepe, no digas tú eso,
1097 1944 1578 1980 mirame á mi bien mirao;
1096 1989 1632 2025 ¿no soy majo y bien plántao?
1096 2033 1742 2088 no es verdad que soy mu tieso?
363 2076 975 2131 esa mosa que yo adoro
1092 2077 1695 2138 La mosa que a mi me vea
1099 2122 1703 2180 cuanto yo le jaga un giñe,
1092 2170 1695 2227 hasta con su padre riñe
