1752 2480
875 219 1379 273 Número 202.
98 1201 1394 1260 PASILLO NUEVO ANDALUZ,
171 1266 899 1303 EJECUTADO ENTRE
115 1347 1423 1393 Tio Curro el enamorado y Pepe el valenton.
216 1506 478 1539 Salén los dos.
16 1552 667 1609 Pepe. Cólo mé rió ja... ja...
65 1595 483 1631 estuvo el lancé bóñito.
21 1637 578 1675 Tio. C. Pero que pasó Pepito?
18 1685 586 1721 Pepe: Una broma no asi ná...
64 1729 435 1764 tio Curfíto verasté;
64 1773 554 1811 llegó á mi un mozó cosio
68 1821 476 1854 conísu bigote torsio...
194 1863 427 1900 Tio C. A pintarlá....
460 1904 689 1937 Pepe. Pos á qué....
27 1950 697 1989 Tio C. Ay que igñoranciá, Josú....
67 1996 677 2054 eso fuédha tonteria, :1
64 2041 683 2103 y que tal vez lo járía
74 2085 516 2119 sin saber quien eras tu.
28 2105 675 2168 Pepe. Esó mesmo pense yo
71 2174 673 2229 y viendo su bañiá,
75 2219 395 2253 lo miré con cariá.
75 2261 565 2297 Tio Curro porque si hó....
23 2306 703 2348 Tio C. Nó ha menester que igas mas.
787 1500 1401 1558 que yo sé tus proceeres
789 1543 1207 1579 y lo valiente que eres;
788 1587 1322 1622 nadie chistá á onde tú esás:
746 1632 1395 1689 Pepe. Tio Curro lo sabósté
793 1675 1259 1713 pos yo mé ajegro infinito.
754 1720 1397 1782 Tio C. No te sofoques Pepito
788 1763 1207 1804 que tienes Hiucho poé.
747 1808 1441 1847 Pepe. Me pongo como una hoguera
795 1851 1273 1891 y no quieo pensá eh esto:
799 1893 1349 1933 tio Curro, soy yó algun tiesto?
751 1941 1377 1980 Tio C. Un moso é los é primera.
756 1986 1347 2026 Pepe. Valla ese puro compare
797 2029 1177 2072 y no tengaste cudiao
803 2073 1251 2114 que esta noche sa juntao
797 2121 1250 2156 con úño é los doce pare.
799 2164 1249 2199 Como buelva ésé chávó,
799 2208 1316 2244 tio Curro no tiemblosté....
762 2244 1436 2290 Tio C. Estandó tú aquí porqué .
751 2300 1414 2337 Pepe. Bien sabosté quien soy yo,
