1752 2480
146 175 623 211 todo el reparo se le quita.
148 221 694 259 Me an dicho que un balenton
148 263 646 301 la camela y á mi qué
143 307 651 344 si él tiene mucho poé
141 351 644 389 mas tiene un napaleon.
96 396 718 439 Pepe. Tio Curro, esa mocetona
147 442 658 481 que osté á mi está pintando
144 485 634 522 manque la está camelando
144 531 656 569 y eya quiere á esta parsona.
97 571 703 614 Toi C. Jesucristo!!! que suor...
93 616 717 660 Pepe. ¿Le á dao á osté perlecia?
100 658 683 704 Tio C. Ay Pepe, yo no sábia...
92 705 709 747 Pepe. Y aqué biene ese tembló?
132 751 718 788 Me está dundo una benate
132 793 728 834 de volverle asi la mano.
90 836 752 882 Tio. C. Pepe que soy un anciano..
84 882 751 926 Pepe. Un mantés, charrán, petate.
92 926 755 969 Tio C. Pos bueno lo que tú digas
92 971 626 1012 Pepe. Si lo veo y no lo veo.
90 1016 734 1065 Tio C. Ay que ma dao un mareo,
128 1062 726 1098 un temblor y una fatiga,
125 1108 716 1143 si yo hubiera sabio algo
124 1150 720 1187 Hi mirarla....
72 1192 172 1227 Pepe. Por supuesto.
76 1238 760 1284 Tio C. No bes que friome he puesto
75 1284 716 1327 Pepe. Osté es un tuno mu largo;
72 1329 722 1368 Tio C. Perdóname por tu via
111 1376 717 1411 y ten lastima de mi,
117 1421 614 1458 que esa muger no entendi
118 1463 534 1500 que á ti te pertenecia.
113 1509 598 1544 Que si lo hubiera sabio
118 1551 482 1588 te digo en formáliá.
108 1598 718 1633 que me echaba de verdá
108 1641 722 1677 por respetarle en el rio.
108 1686 692 1720 Algun diablo me tentó
106 1732 720 1765 pa mirar yo esa muger;
112 1775 712 1809 pero como abia de ser,
105 1818 716 1856 la erré, Pepé, anda condió.
103 1864 708 1901 Por mi lengua me perdí
875 188 1455 228 sin saber con quien jablába,
868 234 1293 269 y la pacion me cegaba
873 276 1261 314 al yerro que cometí.
868 318 1251 358 Pero, Pepe, la razon
864 364 1372 409 no tiene mas de un camíno,
868 408 1315 450 aun ángel tan perigrino
868 451 1342 495 quien no le dá el corazon?
867 498 1282 539 Tú quieres á la muger
869 541 1314 585 mas hermosa y mas salá,
868 588 1295 626 y nunca te hán de faltá
872 629 1262 671 ostáculos que vencer.
865 673 1267 716 Dichoso mil veces mil
861 719 1396 769 aquel que duerme al sereno,
854 766 1262 804 y se paga de lo bueno
860 809 1276 851 y no de ningun mandil.
820 852 1376 892 Pepe. Se acabó esá tonteria:
852 896 1351 941 á mareharse prontamente
856 941 1302 985 y á quitarsé dél rélente.
819 987 1466 1034 Tio C. Siempre soy tu amigo yá;
851 1027 1297 1065 dame la maño.
798 1076 906 1109 Pepe. Corriente
856 1123 1334 1166 y que tengasté presénté...
806 1162 1486 1208 Tio C. Valla, Pepe, no qué no. (Vase)
814 1209 1474 1255 Pepe. Buen susto llevá él pobrete;
856 1255 1330 1294 como que sabé mi humó:
853 1296 1447 1334 pero al fin sé disculpó
854 1339 1454 1380 y me ha gustaó el dicheto.
851 1386 1198 1424 Una mosa tan bari
847 1432 1443 1473 no se encuentra donde quiera
847 1476 1257 1516 como la tubo á la vera
848 1519 1452 1556 se ensendio viejó puri.
839 1561 1451 1602 Si un cuerpo casi difunto
848 1607 1244 1647 de ese modo resucita,
845 1651 1242 1691 que será mí personita
843 1696 1304 1739 cuando sede siente juntó.
835 1743 1294 1782 Bamos no quiero pensar
839 1777 1455 1824 estas cosas, que me errito,
841 1825 1447 1867 voy á versu cielecito
836 1879 1358 1919 con Diós, Señores, mandar.
295 2024 813 2073 FIN.
273 2210 1440 2261 CARMONA:1861
167 2263 1344 2315 Imp. de D. José María Moreno, calle de Madre de Dios.
