1737 2508
275 86 705 128 y cual jorno se caldea.
284 135 869 179 En dandole una gromita
281 180 869 222 á cualquier mosa, Pepito,
281 226 880 262 lo mesmo que un madroñito
284 268 879 311 se pone de encarnaita
279 314 881 356 Asi es como se camela
275 357 882 399 y en siendo un hombre saláo
279 401 873 443 aun cuerpo que esté apagao
283 447 875 489 le jace brotar candela
231 486 870 529 Pepe. Teniendo oste esa fortuna
273 535 837 578 se puede llamar dichoso:
271 578 869 623 y espues de ser tan baboso
277 624 870 661 tio Curro, lo quiere alguna?
234 663 869 708 Tio C. Pepe, si ubiera querio,
279 711 844 751 no igo ná, mas de docientas
274 754 841 797 an sio las pretendientas
280 799 773 842 que mi persona á tenio
225 845 918 882 Pepe. Sehasté á espachar con buya
277 888 833 931 Tio Currito, de esta ves
268 935 916 975 y esa fortunilla és
274 978 877 1020 para osté no mas que suya.
264 1022 724 1057 Esa gachi que lo quiere
273 1066 755 1108 tampoco será malita.
232 1110 912 1149 Tio C. No Pepe que es mú bonita
261 1156 919 1195 donde se pongan mugere.
274 1197 871 1240 Es tan graciosa esta chica,
274 1243 867 1285 que no la pueo olvidá,
268 1287 865 1332 me ha puesto é conformiá
269 1332 860 1371 que toito el cuerpo me pica
267 1375 878 1419 Tiene dos ojos, salero
269 1421 871 1462 que con un mirá me mata,
267 1464 872 1503 y se merecen mas plata
271 1507 867 1551 que el pais del estrangeno
278 1551 867 1595 Tiene una nariz filena
267 1596 865 1638 hecha con tanto primó
267 1640 867 1683 que allí la gracia, paró
268 1683 871 1730 dibujando, esta azucena.
273 1727 871 1775 Y tiene dos rosetonas
268 1770 867 1822 en sus mejillas bariles;
268 1816 790 1858 que valen, Pepe, mas miles
265 1861 796 1899 que él orbe con sus coronas.
268 1904 751 1942 Tiene en su cara un lúna
263 1947 830 1990 que el mesmo Dios se lo puso,
269 1993 784 2031 pa que yo esté mas confuso
268 2036 718 2077 y eya mas netá y juncá.
217 2079 894 2123 Pepe. ¿Y donde vive esa criatura!
220 2125 894 2171 Tio C. No es criatura, es querubin;
257 2173 666 2210 y abita en un camirin
1012 98 1452 132 heche con arquitectura.
972 140 1596 176 Pepe. Jablosté con mas sentio,
1012 187 1602 220 tio Curro que estoy quemao
1015 231 1608 267 y si yo le he preguntao
1017 275 1601 310 con su cuentecita ha sio
1011 321 1605 354 Digamoste la verdà,
1016 362 1498 398 respandame sin demora
1016 406 1514 441 dóndé vive esa señora
1010 450 1605 488 que de osté está enamoná?
964 492 1600 531 Tio C. En esa  calle que vés
1007 541 1483 575 tiene su casa la mosa.
964 584 1492 618 Pepe.. Bueno, bamos á otra cosa
1016 629 1486 661 que es de mayor interes:
1016 676 1458 708 ¿Esa muger admitió
1018 717 1600 752 las bromas que osté le daba
1013 762 1607 797 á su casa lo llamaba
1004 807 1464 839 ó en algo lo concintó?
966 851 1648 885 Tio C... Esas son muchas jonduras.
968 895 1524 931 Pepe.  Aunque sean, jablosté.
970 939 1654 977 To C. Yo de eya enamoré
1002 982 1484 1018 por toas mis coyunturas.
1008 1029 1609 1066 cuando la ví, me gustó,
1001 1076 1608 1110 y las pisas le sigó
1008 1119 1556 1155 y en esa calle que digo
994 1163 1374 1196 en una casita entró.
965 1208 1523 1241 La busco como un chiquillo
1004 1253 1494 1287 y como la llegue á ver,
996 1293 1482 1330 tambien le quiero poner
1003 1338 1601 1376 en las manos un borcillo.
956 1382 1606 1418 Pepe, Tio Currito, y á esa jembra
1004 1429 1605 1467 pa que es esa regalia?
955 1472 1612 1507 Tio C. Porque aqui en Andalucia
1000 1517 1616 1555 para recojer se siembra.
996 1561 1609 1602 Con la monea, bien vés,
1000 1605 1600 1643 se hace el hombre apetecible
991 1649 1612 1689 y no se encuentra imposible
995 1693 1611 1735 que no ayane el interés.
996 1737 1599 1776 Todo hombre que no estila
1006 1782 1452 1818 cuando quiere camelá
998 1825 1461 1866 á cualquier mosa le dá
991 1870 1455 1906 pa un pañuelo de Manila.
992 1915 1478 1951 Y el que ronda de sequero
982 1957 1392 1997 aunque Jerineldo sea,
990 2004 1414 2041 lo desprecia la mas fea
987 2049 1390 2085 si no le siente dinero.
991 2093 1444 2129 Cuando le di mi bromita
989 2139 1401 2174 algo suspensa se quea
988 2185 1460 2220 pero en biendo la monea
