1737 2508
1085 211 1546 279 Número 162.
224 297 1568 383 D. ANTONIO BENAVIDES DE LA CERDA.
196 1277 1635 1338 Nueva relacion en la cual se refiere como un caballero andaluz se
208 1326 1635 1387 enamoró de una señora natural de Palermo, por la cual tuvo una
204 1375 1634 1435 reñida pendencia, y habiéndose embarcado para España, fueron
278 1423 1551 1483 cautivos de moros, con todo lo demás que verá el curioso lector.
731 1523 1083 1679 PRIMERA PARTE.
247 1729 691 1769 A vos reina Soberana,
210 1773 743 1814 madre de Dios pura y bella,
211 1815 767 1856 pido alumbreis mis sentidos,
220 1860 699 1900 para que mi torpe lengua
219 1903 683 1942 pueda referir la historia
210 1945 682 1988 mas peregrina y adversa
212 1989 745 2030 que en las humanas edades
222 2033 683 2074 por esquisita se cuenta..
215 2077 675 2119 En el pensíl mas florido
222 2122 602 2162 que rica naturaleza
219 2162 703 2205 puede producir primores
219 2210 771 2249 de hermosura y de grandeza,
218 2253 672 2291 donde mostró su poder
227 2297 694 2337 el autor de Cielo y tierra
949 1710 1484 1752 (que con decir, es Palermo
939 1756 1356 1795 se dijo toda belleza)
947 1800 1481 1838 se crió una hermosa dama,
945 1841 1528 1882 tan preciosa que en si mesma
943 1885 1528 1925 lleva el abono de linda
952 1929 1547 1968 con desgracias que le esperan.
945 1972 1392 2012 Es su nombre y apellido
957 2017 1354 2055 doña María Teresa
952 2060 1395 2098 de Faro Leon y Torres,
955 2100 1523 2143 casa tan noble, que cuentan:
960 2144 1495 2188 que muy pocas en Palermo
959 2190 1469 2231 la igualan en la nobleza.
968 2235 1406 2274 Con ostentacion y gala.
964 2280 1401 2319 creció esta dama bella,
