1676 2444
253 170 1344 328 SEGUNDA PARTE.
150 534 1526 599 En la que se refiere lo que pasaron en su cau--.
94 612 1494 665 tiverio don Antonio Benavides y doña María Te:
99 681 1519 733 resa; como llegaron con felicidad á España y se.
95 752 1511 805 casaron; con lo demás que verá el curioso lector,
131 963 654 996 Ya que en la primera parte
81 1008 449 1039 afrecí daria cuenta
83 1052 626 1082 del fin que tuvo esta historia
79 1095 558 1126 de don Antonio Lacerda
81 1138 593 1169 quedamos en que cautivos
81 1181 607 1212 los dos amantes se quedan,
82 1225 622 1256 dentro de Argél don Antonid
88 1269 541 1300 arrastrando una cadena,
84 1309 545 1343 y á Túnez fué de regalo
84 1355 451 1388 doña María Teresa.
83 1398 607 1430 Llegó pues con ei presente
83 1439 650 1473 un turco que es quien lo lleva
86 1486 643 1518 à un gran señor á quien iba
79 1527 438 1560 remitida la belleza
81 1572 583 1608 de dama tan desgraciada;
83 1613 588 1648 y apenas el pliego entrega
81 1659 510 1690 con el regalo yá dicho,
86 1703 655 1738 cuando el noble turco queda
83 1746 555 1778 absorto de la hermosura
83 1790 586 1825 que la magestad suprema
87 1833 483 1864 epilogó en esta dama
80 1875 547 1911 ostentando su grandeza.
84 1919 567 1953 Y viendo que sus dos sol
89 1963 550 1997 estaban vertiendo perlás
88 2007 540 2042 lamentando su desdicha,
86 2051 568 2085 le dijo el turco, no temas
88 2093 575 2128 cristiana, pues te aseguro
83 2137 550 2171 vienes á tu casa mesma;
87 2181 651 2218 no pienses que como esclava
84 2225 552 2262 estarás en mi presencia.
826 951 1413 993 Respondió doña María;
829 1004 1414 1037 yo, señor, que piense es fuerza,
821 1047 1365 1080 soy tu esclava, pues fortuna
831 1089 1413 1123 con un vuelco de su rueda
829 1124 1416 1166 me redujo á este estado
825 1173 1413 1211 dichoso porque en él pueda
823 1223 1311 1254 servirte con mucho gusto
825 1259 1388 1298 obediente á tu grandeza
827 1309 1386 1342 Dijo el turco: sobre hermosa,
830 1353 1348 1385 sois cristiana muy discreta.
826 1395 1332 1427 Despachó luego al instante
829 1428 1414 1471 al enviado con treinta
823 1483 1185 1515 cequíes de gratitud
823 1527 1362 1558 para él solo, y otros treinta
831 1570 1250 1602 valones de rica grana
825 1612 1303 1648 y hermosas ropas de seda
826 1656 1218 1689 para su corresponsal
832 1700 1274 1734 como grata recompensa
831 1742 1187 1775 del regalo recibido
823 1778 1419 1820 que estima sobre manera.
830 1822 1417 1862 Al cabo de algunos dias
827 1871 1421 1908 el turco como se encuentra
828 1917 1224 1952 tan herido del amor,
823 1961 1279 1994 pues sus crueles saetas
829 2005 1328 2039 penetraron hasta el alma,
826 2048 1304 2085 discurria alla en su idea
824 2092 1236 2125 una ocasion oportuná
825 2137 1299 2172 con que hablarla pudiera
828 2179 1242 2213 á su adorada cautiva,
822 2225 1307 2262 á aquel cielo que venera
