1676 2444
1458 27 1470 177 3
162 160 691 194 Reconociendo esta accion
155 203 690 238 don Antonio de Lacerda,
153 247 760 282 le dice: quién eres, hombre,
160 291 754 324 que tan bizarro te muestras?
154 330 644 366 Dijo el esclavo: yo soy
154 376 793 411 un turco, á quien las tragedias
164 420 694 454 de mi fortuna inconstante
156 463 630 498 redujo á tanta miseria
153 507 702 541 de ser esclavo en Sicilia;
157 550 706 584 pero noble en tal manera,
160 594 748 628 que si volviera á mi pátria,
166 636 665 670 vasallos me obedecieran.
159 678 618 715 Este he sido y este soy,
164 724 718 759 perdonad mi osada empresa,
164 767 648 802 que solo quise serviros
159 811 689 845 en accion tan baja y fea
164 855 794 888 como en la que los contrarios
156 899 632 932 ejercitaron sus fuerzas.
162 941 690 976 No respondió don Antonio
165 985 705 1019 mas que decirle que fuera
159 1028 627 1062 á acompañarle gustoso,
161 1072 699 1106 advirtiendo que era fuerza
162 1114 674 1150 el que los dos á sagrado
155 1159 697 1192 se retiraran, porque hecha
159 1202 697 1236 una muerte en el fracaso
160 1245 673 1279 quedaba por cosa cierta.
162 1290 710 1323 Retiráronse á un convento,
164 1333 678 1366 y á otro dia con presteza
168 1375 780 1410 supo el dueño del esclavo
167 1420 679 1452 que se valió con cautela
167 1463 718 1502 de un amigo confidente
165 1507 707 1540 para hacer la diligencia
172 1551 672 1585 del rescate y con dinero,
163 1593 641 1629 que la libertad tragera
167 1637 659 1671 como en efecto asi fué
163 1681 649 1713 y túvola sin resistencia.
168 1724 738 1757 Llamó al turco don Antonio
163 1767 697 1805 y hablóle de esta manera:
169 1811 737 1845 ya estás libre noble turco,
166 1855 678 1888 que si anoche tu nobleza
171 1899 792 1932 amparo me dió en el campo,
171 1942 591 1975 agradeciendo finezas,
165 1986 654 2018 hoy te doy la libertad;
161 2029 733 2061 este es el auto que expresa
159 2071 687 2107 tu rescate, ahí le tienes:
167 2117 746 2149 y porque mas bien lo creas,
165 2159 753 2198 ya queda en el puerto nave
176 2205 761 2240 que te conduzca á tu tierra.
894 158 1356 190 El turco de agradecido
898 201 1354 233 vertia lágrimas tiernas;
896 245 1438 276 y le dijo: ¡oh! quiera Alá,
896 288 1460 319 que algun dia pagar pueda
893 331 1442 364 beneficio tan supremo;
895 373 1449 405 y que la inconstante rueda
895 417 1442 451 de la fortuna se fije
895 461 1491 492 solo en dichas de tu esfera.
891 503 1375 535 Despidiéronse amorosos
895 547 1488 580 partiendo el turco á su tierra,
893 590 1440 627 y el famoso don Antonio
889 633 1315 665 escribióle la tragedia
895 678 1494 709 que aconteció, á la hermosa
895 721 1289 753 doña María Teresa.
888 764 1380 795 La escribió por estenso
893 808 1448 840 todo el caso, y que si era
887 850 1265 884 gustosa, la sacaria
896 894 1402 926 en aquella noche mesma
898 937 1380 970 por seguro de su casa,
895 981 1345 1015 y puesto con ligereza
897 1024 1343 1056 en una nave española
899 1068 1471 1100 que estaba ya de su cuenta
901 1110 1504 1146 para hacer viaje á España
901 1154 1475 1191 que enviase la respuesta
893 1198 1444 1233 pues la justicia en Palermo
902 1241 1448 1274 que le buscase era fuerza:
899 1284 1405 1316 y de esta suerte cesaban
895 1328 1384 1360 tanta multitud de penas
899 1371 1357 1403 como el corazon tenia
903 1415 1342 1446 temeroso de perderla.
899 1459 1306 1490 Recibió doña María
897 1502 1414 1535 esta carta, y con presteza
896 1545 1448 1579 respondióle: camante mio,
892 1588 1508 1625 dulce iman de mis potencias,
901 1632 1364 1665 ya reconoces mi afecto
893 1676 1435 1708 el riesgo que con cautela
894 1719 1453 1752 te ha buscado un alevoso;
899 1760 1461 1795 y así respondo, que queda,
902 1806 1498 1838 mi amor constanste esperando
899 1849 1480 1882 el seguirte en tus tragedias.
900 1893 1454 1926 Dios te guarde dueño mio,
904 1936 1442 1969 Soy tuya María Teresa.»
904 1980 1460 2013 Cerró el pliego y remitióle,
906 2023 1390 2056 el cual al instante llega
904 2068 1410 2100 á manos de don Antonio,
905 2111 1432 2144 y en leyéndolo se apresta
898 2155 1407 2188 para el caso, disponiendo
904 2201 1413 2234 que se pusiese á la vela
