1672 2416
250 151 287 193 6
188 207 647 242 por imán de su alvedrío
181 252 672 284 y norte de sus potencias,
184 294 714 330 á aquel prodigio humanado,
183 339 552 372 doña María Teresa,
183 382 649 414 que triste y desconsolada
188 424 642 458 en sus oraciones tiernas
181 468 663 501 clamaba á la virgen pura
175 510 679 545 diciendo de esta manera:
174 554 656 588 madre de desamparados,
181 597 768 635 vírgen pura, hermosa y bella,
179 640 653 675 alcanzad de vuestro hijo
177 685 736 718 señor nuestro, me defienda
181 727 645 763 de tantas persecuciones
182 772 752 806 con que este turco me cerca.
174 814 678 850 No permitais, madre mia,
187 858 625 894 ya que cautiva me vea
188 901 758 938 el que ofenda á vuestro hijo,
181 945 727 979 sed mi amparo y mi defensa.
188 990 657 1030 Así suspiraba triste
195 1032 700 1067 pero su amo que observa
190 1075 643 1110 sus aflicciones, la dice:
195 1120 685 1154 es posible, ingrata bella,
196 1164 717 1198 que la tristeza en tu pecho
195 1207 668 1240 tan de firme se aposenta?
187 1251 641 1284 tú eres señora absoluta
192 1295 715 1328 de mi alvedrío, y si fueras
189 1339 642 1372 agradecida á mi amor,
190 1381 710 1415 lo fueras de mis riquezas;
189 1423 669 1459 pero si ingrata prosigues
189 1468 715 1501 con el menosprecio, piensa
185 1512 710 1546 que quien te estima soy yo,
179 1555 575 1591 y si cruel tu belleza
180 1599 696 1632 no corres ponde á mi amor
179 1643 736 1682 y desprecias mis finezas,
180 1685 768 1725 lo que no hagan mis cariños
174 1729 668 1764 ha de lograrlo la fuerza,
180 1773 732 1808 Mas viéndola tan constante,
179 1816 679 1852 y firme hacer resistencia,
180 1860 645 1900 obstinado se arrojó
180 1902 730 1939 con acciones descompuestas,
190 1947 732 1984 que fué preciso á la dama
181 1990 763 2032 le dijese: aguarda, espera
190 2034 764 2070 que si piensas que estoy sola,
188 2078 763 2119 no estoy sola, no lo creas,
188 2121 736 2157 que tengo amante presente,
190 2165 743 2201 que se pondrá en mi defensa,
179 2208 590 2250 y que sabrá castigar
188 2254 590 2288 demasías desatentas.
923 205 1467 237 Dijo el turco: ¿cómo es eso?
925 249 1473 282 ¿pues quién en mi casa fuera
924 293 1432 328 capaz para ser tu amante,
922 335 1413 368 que tan solo yo no fuera?
924 379 1386 412 Respondióle muy briosa
926 423 1302 455 doña María Teresa:
924 467 1394 501 quien mi corazon ocupa
927 509 1484 542 cual dueño de mis potencias
920 552 1522 584 aunque ausente, con su imágen
928 596 1409 628 haciéndome esta defensa.
924 639 1404 671 Replicóle: no es posible
922 682 1440 715 si mas claro no lo muestra.
924 726 1344 758 Entonces doña María
931 770 1433 802 le respondió: porque veas
928 813 1520 849 que es muy cierto lo que digo,
928 856 1396 889 esta caridad lo muestra.
923 901 1545 933 ¿No has visto un pomposo árbol
932 943 1408 976 arraigado en fértil tierra,
923 987 1415 1020 que el labrador ingenioso
926 1030 1435 1064 queriendo que el fruto sea
929 1073 1356 1108 á medida de su gusto,
924 1119 1544 1152 le acora en parte, y conciencia
931 1162 1394 1195 le introduce cierta rama
924 1205 1422 1238 de otro árbol, de manera
931 1251 1415 1283 que queda con él unida,
925 1294 1376 1325 y se vé por esperiencia,
925 1336 1483 1369 que echa el fruto introducido
927 1380 1393 1411 y el de su naturaleza.
923 1421 1446 1454 siendo tan firme esta union
930 1467 1454 1500 qué inseparable se muestra?
920 1510 1460 1546 Pues de esta suerte yo fuí,
927 1555 1355 1586 producida de la tierra,
926 1597 1366 1630 llegó el amor ingenioso
920 1641 1312 1674 con una aguda saeta
924 1684 1413 1717 que me pasó el corazon
927 1729 1352 1760 é introducida la deja,
927 1770 1411 1804 con cuya especie ingirió
928 1815 1285 1848 distinta naturaleza
922 1859 1342 1891 á la mia, la cual vive
926 1903 1538 1945 tan patente en mis potencias
925 1947 1543 1989 que sin que pierda yo el ser
928 1991 1381 2023 el suyo unido se queda:
927 2033 1389 2067 y tambien de la amorosa
920 2076 1543 2126 de don Antonio Lacerda;
928 2121 1376 2155 mira si estará presente
926 2163 1454 2199 donde estoy yo de manera
925 2207 1449 2243 que no puede el uno al otro
933 2251 1462 2288 lesasirse aunque tu quieras.
