1680 2444
214 177 261 214 2
115 234 617 267 y siendo de catorce años
124 279 506 311 disparóle una saéta
128 321 565 354 el vendado niño ciego
126 366 626 398 (que mas su poder ostenta
128 409 720 443 en lo humilde, tierno y débil,
127 452 724 486 que en el que fuerte desprecia
117 495 560 526 sus amorozos arpones,
116 539 670 576 resistiéndose á sus flechas,)
123 583 565 614 é inclinó su voluntad
116 626 700 662 á un andaluz de Antequera,
117 669 659 701 que le llaman don Antonio
125 712 578 747 Benavides de Lacerda,
120 757 700 790 tan singular, que en España
124 800 568 832 es notoria su nobleza.
118 843 596 875 Estos dos finos amantes
120 887 690 921 se estiman con tantas veras,
123 931 762 966 que en los dos cuerpos un alma
116 973 676 1008 con el amor se alimentan.
132 1015 626 1051 Viviendo con esta union
128 1061 666 1097 en que el amor los sujeta,
115 1103 636 1140 quiso don Juan Piñateli,
120 1147 579 1180 napolitano en inquietas
113 1191 522 1223 sediciones deshacer
117 1235 641 1270 tanta union con violencia.
114 1277 625 1312 Escribióle à don Antonio
125 1322 609 1356 un papel en que le reta
123 1366 732 1401 para el campo, y luego en él
115 1408 586 1443 le dirá la causa cierta,
115 1452 625 1486 que le mueve al desafio
122 1495 684 1532 de aquella campal empresa.
115 1539 605 1572 Admitióle luego al punto
119 1582 625 1618 su valor no dando treguas
111 1625 545 1658 hasta saber el motivo
116 1668 602 1704 que al napolitano mueva.
119 1713 584 1746 Llegaron los dos al sitio
115 1757 545 1790 señalado y sin espera
111 1800 537 1834 así dijo don Antonio
119 1844 591 1878 á Piñateli; ya es fuerza
121 1888 674 1924 que aquí me digas la causa
111 1932 632 1966 que me trae á la palestra.
117 1974 517 2008 Y Piñateli nesponde
120 2019 674 2057 con muy pronta diligencia;
119 2062 613 2096 sí la diré, pues es justo
114 2103 585 2142 que mi dolor os refiera.
121 2149 688 2185 Esa deidad que en el pecho
113 2191 587 2226 colocastes por diadema
119 2236 695 2272 de tu amor firme y dichoso
116 2279 734 2319 es quien mueve mis empresas;
862 235 1406 271 ese cielo á que yo aspiro,
857 279 1242 313 doña María Teresa
854 323 1346 356 de Faro Leon y Torres,
860 365 1410 399 es causa de mis dolencias:
860 410 1379 442 y así suspende el impulso
851 451 1323 488 que llevas en poseerla,
864 497 1364 530 o los filos de mi espada
861 541 1271 574 castigarán tus ideas.
863 583 1344 617 El valiente don Antonio
852 626 1392 661 al escuchar tal respuesta,
851 671 1460 703 no hay tígre fiero de Albania
860 715 1450 748 que á su enojo igualar pueda,
857 759 1255 790 y le dice: fementido
855 803 1330 834 Piñateli ¿cómo intentas
853 845 1431 877 quitarme el alma que tengo
854 888 1424 921 dando vida á mis potencias?
859 933 1469 964 ¿no sabes que es corto orgullo
860 977 1362 1008 el tuyo para la empresa,
853 1018 1323 1051 y que es imposible eso
859 1063 1347 1094 aunque Nápoles viniera?
855 1106 1324 1138 Se arroja con valentía
848 1151 1406 1183 con tan no vista destreza,
853 1194 1430 1227 que le alcanzó con un tajo,
852 1237 1321 1270 rompiéndole la cabeza.
851 1280 1320 1313 En cuyo trabado lance
860 1323 1217 1359 dijo Piñateli: ea,
849 1370 1340 1401 favor aquí de los mios,
853 1412 1359 1449 y seis ó siete le cercan
855 1457 1360 1491 que en emboscada tenia,
848 1501 1317 1534 los cuales con ligereza
835 1544 1409 1575 sembisten con don Antonio
857 1587 1448 1622 quien esgrimiendo su diestra,
856 1630 1334 1667 á los primeros embistes
849 1675 1444 1708 uno muerto quedò en tierra.
851 1717 1373 1751 En este fuerte intermedio
849 1763 1417 1795 de accion tan infame y fea,
860 1807 1316 1839 un turco acaso pasaba,
850 1850 1304 1883 y mirando la tragedia,
854 1894 1422 1927 tomó la espada del muerto,
852 1938 1368 1970 y con invencibles fuerzas
847 1980 1334 2017 al lado de don Antonio
852 2026 1339 2058 se puso diciendo, perra,
851 2068 1334 2102 canalla traidora, ¿cómo
853 2112 1420 2146 con tan no vista insolencia
851 2156 1372 2191 batallais tantos con uno?
847 2200 1372 2233 Y partiendo con destreza,
849 2244 1369 2277 no quedò traidor alguno
854 2290 1456 2323 en el campo que no huyera.
