1737 2508
214 300 545 333 entera satisfacion
215 344 590 381 para no verla cruel,
260 388 718 427 Dila que estoy esperando
210 433 732 473 en este mal que me abrasa,
210 477 654 512 que me vaya recetando
204 520 703 560 algun cordial de esperanza
210 565 693 604 porque ya estoy espirando.
252 610 713 650 Si en su furía tan notoriá
204 652 663 692 te niega un alago tierno,
213 697 674 736 dila que tenga memoria,
203 741 724 784 que si ahora soy su infierno,
212 786 632 823 algun dia fuí su gloria.
245 830 727 871 Dila que en mi sepultura
202 874 637 912 escriba de esta suerte:
209 918 663 958 «aquí yace y se asegura
203 964 785 1004 un amante a quien dió muerte
945 309 1377 348 una cruel hermosura.»
979 353 1456 395 Dila.... mas! ¿qué has de decirla?
944 396 1466 439 que en vista de lo espresado
941 441 1354 482 solo quieres referirla,
944 484 1418 528 que si vivo á su mandodo,
938 530 1388 571 muero por solo servirla:
988 574 1523 618 Vete vuela, y en paz llegues
940 618 1334 657 á los ojos de mi vida,
936 663 1418 706 nada que pida le niegues,
943 702 1368 749 y si estuviere rendida,
939 751 1406 793 suplícote que la ruegues.
980 796 1408 838 A Dios: centro de idea,
936 840 1394 882 si consiguieres la palma,
943 885 1414 925 ven, canta, trina y gorjea
936 931 1459 972 para que te escuche el alma
932 974 1405 1014 aun antes de que te vea.
205 1052 862 1092 Respuesta discreta á la amorosa carta del galan, manifestándole la
205 1096 810 1137 dama su esquivez y de su amor quejándose airada de su infiel trato; y
201 1141 808 1181 diciendole que la olvide para siempre porque ella detesta su amor:
531 1190 1275 1232 con lo demás gue vera el curioso lector.
247 1273 667 1312 Pajarillo que enseñado
208 1317 654 1358 de otro pájaro maestro,
207 1360 746 1401 vienes á implorar mi agrado;
203 1405 794 1445 mira que aunque cantas diestro,
203 1449 649 1488 no me gusta tu trinado.
247 1494 657 1532 Este papel sin cuidado
199 1538 621 1577 has de llevar en el pico
191 1582 766 1625 al mismo que te ha mandado;
195 1625 647 1666 y advierte que te suplico
194 1671 593 1708 no lo des disimulado.
234 1710 678 1758 No lo intentes consolar,
196 1758 541 1794 sino con irritacion
194 1802 610 1842 procúralo atormentar;
200 1846 626 1885 dile que mi inclinacion
192 1890 693 1932 se ha mudado á otro lugar:
248 1937 726 1977 Que con su nueva querida
189 1979 674 2021 se divierta y se consuele,
193 2023 691 2066 que la cante y que la pida,
187 2068 660 2109 y á mi tribunal no apele;
186 2114 700 2153 porque estoy muy ofendida.
246 2156 712 2197 Si le encontrares dormido
199 2201 686 2241 procura quitarle el sueño,
198 2244 696 2288 y dile aunque esté rendido,
196 2291 694 2330 que si tiene ya otro dueño
195 2337 664 2374 yo ya tengo otro querido.
231 2380 586 2416 Este recado le des
932 1284 1484 1329 aunque le inquietes y asustes,
936 1330 1387 1366 porque lo que quiero es
939 1374 1424 1414 que le ofendas y disgustes,
925 1415 1389 1456 y no te mande otra vez.
970 1462 1479 1504 Si tu quieres ser mi amigo
927 1506 1400 1547 nada suyo tú me abones,
932 1548 1358 1586 y pues eres fiel testigo,
935 1594 1358 1631 dile todas mis razones
932 1637 1371 1676 conforme yo te las digo.
974 1682 1476 1723 Si pone triste el semblante
929 1727 1346 1765 cuando sepa mi rigor;
934 1770 1408 1814 dile que sufra y aguante,
929 1813 1366 1855 y espere muerte mayor
930 1858 1348 1899 si se me pone delante,
974 1903 1447 1946 Dile que vivo y no muero,
928 1947 1554 1998 y aunque mas tierno me arguya,
923 1992 1396 2035 que ya ni mirarle espero;
927 2034 1459 2081 y en fin; para que se escluya
930 2080 1424 2125 dile que ya no le quiero,
972 2124 1598 2176 Dile que sin que de él te apiades,
927 2168 1388 2211 que el tratar á su placer
930 2212 1416 2256 con unas y otras deidades
931 2257 1392 2300 no quiera hacerme creer
928 2302 1394 2344 de que son casualidades.
976 2346 1396 2388 El con mucha libertad
928 2392 1373 2432 con todas quiere ligarse
