1765 2512
119 241 536 284 ofendiendo mí bondad,
112 289 586 329 y luego quiere escusarse,
118 331 557 370 con que fué casualidad.
158 374 600 414 El que con toda maldad
111 419 670 460 ha estado entrando y saliendo
112 462 530 501 en casa de una deidad
112 506 610 548 á quien está manteniendo,
112 552 488 590 ¿es esto casualidad?
157 595 700 636 El que enfrente de un balcon
116 637 700 681 se esta en pie mas de una hora
116 682 538 724 en larga conversacion
113 727 544 768 con una cierta señora.
112 774 556 813 ¿es esto mera atencion?
157 817 550 857 Al que sin necesidad
114 860 680 904 todas las noches se encuentra
113 905 646 948 como alcalde de hermandad.
114 950 502 989 aquí sale y allí entra,
108 996 482 1033 ¿es esto casualidad?
158 1037 636 1081 En tomando el su baston,
108 1085 618 1127 y con la que vive enfrente,
110 1126 592 1169 se marcha por San Anton,
106 1171 578 1213 y sale con ella al puente,
108 1217 560 1254 ¿es esto mera atencion?
156 1259 602 1303 El que con su autoridad,
106 1302 528 1343 remite escritos suaves
103 1347 618 1390 á una hermana de un abad,
111 1391 640 1437 dime tu que de amor sabes;
110 1437 468 1475 ¿es esto casualidad?
152 1480 528 1523 El ir con profanidad
104 1523 558 1569 á comprar un buen reloj
104 1568 530 1611 á su dama ó su deidad,
104 1616 566 1657 y dárselo, y no por Dios,
104 1660 474 1696 ¿es esto casualidad?
144 1702 592 1744 El sentir la enfermedad
112 1749 502 1789 que tiene su fulanita,
104 1792 476 1829 y el ir con facilidad
98 1834 508 1876 á verla estando solita.
99 1882 457 1916 ¿es esto casaulidad?
144 1923 562 1966 En fin, tener falsedad,
100 1970 566 2010 gastar segunda intencion,
104 2014 488 2051 y no guardar lealtad,
100 2058 542 2097 ¿es esto mera atencion?
95 2102 457 2138 ¿es esto casualidad?
142 2148 658 2189 Que no espere de mi alivio,
102 2188 482 2231 ni aun un leve favor,
97 2235 642 2277 que con razon dijo un sabio:
98 2278 544 2321 donde se acaba el amor
840 254 1332 294 allí se empieza el agravio,
890 300 1294 337 Dile que ya para nada
848 343 1330 383 tiene que darme disculpa,
851 389 1325 426 que ya estoy desengañada
844 433 1282 470 y que yo tengo la culpa
845 477 1333 515 por haberle dado entrada.
892 523 1394 559 Que prosiga en sus manias
836 566 1416 607 y en sus perversas costumbres,
852 609 1343 646 que no quiero entre porfias
852 652 1343 692 pasar ya mas pesadumbres
849 697 1342 735 ni aguantar mas picardias.
889 741 1404 779 Ya sabes que yo me fundo
846 784 1306 823 en llegando á aborrecer,
842 830 1356 868 que me juzgue lo profundo,
886 873 1232 910 y como si tal muger
838 917 1443 958 no hubiese habido en el mundo,
882 960 1398 1001 Dile que se cansa en vano
838 1007 1316 1043 en pedirme y suplicarme,
836 1053 1418 1091 porque un hombre tan villano
838 1095 1414 1138 no ha de volver á engañarme,
838 1138 1349 1178 porque ya le doy de mano.
880 1182 1376 1224 Dile que pues lo ha qurido
842 1230 1354 1268 que no ponga aquí los pies,
837 1275 1332 1309 y que esté muy entendido
836 1317 1278 1353 que lo que fué y no es,
844 1361 1284 1397 como si no hnbiera sido.
876 1404 1311 1444 Dile que estoy enterada
832 1448 1270 1488 de lo falso de su amor,
834 1496 1312 1534 y que no le creo en nada;
837 1538 1316 1577 en fin, dile á ese traidor,
844 1582 1458 1621 que hasta su nombre me enfada.
880 1626 1376 1665 Dile que no me arerpiento
836 1670 1312 1711 de lo que estoy hablando,
835 1717 1308 1752 y pues con conocimiento
840 1759 1360 1798 confiesa que está espirando,
836 1805 1360 1841 que disponga el testamento.
875 1851 1425 1888 Que ya otro cordial no espere
835 1893 1280 1929 sino el veneno que vé:
832 1940 1358 1976 y pues que así se lo quiere,
832 1982 1394 2021 que gruña, que rabie y que....
832 2024 1272 2062 se muera como pudiere.
873 2069 1366 2110 En fin, dile en conclusion,
826 2116 1300 2153 que se rompió la cadena,
828 2160 1344 2197 y que no hay composicion,
821 2205 1347 2240 y que á su culpa es la pena
822 2250 1264 2284 el no tener compasion.
1122 2293 1208 2328 FIN.
151 2381 1454 2432 CARMONA:—Imprenta de D. J. M. Moreno, Descalzas núm 1.
