1765 2512
163 277 716 313 me encontró en conversacion
160 322 568 358 di que fué casualidad,
158 368 560 403 y una mera atencion,
204 412 586 445 Mas sino obstante te estrecha
153 455 593 490 aquel rostro perégrino:
164 500 616 536 con su fundada sospecha,
160 543 602 579 no te pongas en camino
156 587 562 623 sin dejarla satisfecha.
200 631 644 671 Dila que suspiro y lloro,
157 675 604 714 dila que vivo muriendo,
160 720 526 755 dila que no mejoro,
156 764 650 800 dila que estoy padéciendo,
160 809 651 844 porque la quiero y la adoro
196 852 662 893 Si niega el conocimiento,
148 897 576 934 porque no me despedí,
152 942 596 978 dila que mi sentimiento
155 985 544 1021 me puso fuera de mí
160 1030 654 1067 con la fuerza del tormento,
196 1074 675 1112 Dila que siendo tan bella
156 1119 628 1156 que me remita el perdon,
154 1162 630 1201 que se anubló mi estrella,
153 1206 481 1241 y no tuve corazon
152 1253 618 1287 para despedirme de ella.
198 1294 671 1332 Si porque yo estoy ausen te
150 1341 632 1376 piensa que la he olvidado,
153 1384 640 1421 dila que mi amor valiente:
148 1427 630 1467 aun cuando mas retirado.
144 1472 626 1512 la conservo mas presente,
194 1516 584 1551 Mas si de ti se desvia:
147 1561 656 1601 dila de cuando me hablaba,
141 1605 626 1644 se acuerde que me decia;
152 1650 574 1685 que si yo no la faltaba
149 1694 548 1729 ella no me olvidaria.
192 1737 596 1773 Si dice que me olvidó
148 1783 630 1821 por consejos que la daban,
141 1827 551 1865 ¿para que me aseguró
152 1870 665 1906 que los montes se mudahan
143 1915 519 1950 pero su firmeza no?
192 1959 776 1996 Qué se ha hecho aquel citarme,
146 2004 630 2041 aquel suspirar por verme,
144 2049 614 2084 aquel deseo de hablarme,
137 2093 633 2126 aquel morir por quererme
139 2138 723 2173 y aquel sentir por nombrarme?
184 2180 680 2217 Si acaso ya se ha cansado
140 2226 578 2261 de mi amistad cariñosa,
140 2272 699 2308 ¿por qué he de ser el culpabo?
144 2316 676 2350 por qué ha de estar rigurosa
147 2361 727 2396 con quien causa no le ha dado?
933 282 1372 318 Si contrarmi sus enojos
890 326 1300 364 rayos quieren espeler,
890 373 1386 409 para ser de ellos despojos,
894 416 1339 452 dila que no es menester
887 462 1405 496 mas rayos que sus dos ojos.
931 506 1342 540 Si dice que soy tirano
887 550 1301 585 porque no la fuí á ver
891 594 1354 630 aquel dia mas temprano,
885 639 1342 674 dila que tuve que hacer,
883 684 1429 721 y que no estuvo en mi mano.
933 728 1417 759 Si me niega sus piedades
889 772 1321 804 por una sola aprension,
891 814 1394 852 dila que no es de deidades,
890 859 1268 894 sin pedir satisfacion,
884 904 1337 938 castigar con crueldades.
928 947 1346 983 Dila que estoy abatido
886 992 1312 1026 á su hormosa bizarria;
881 1037 1305 1072 y pues me vé dolorido,
886 1081 1306 1114 dila que no es valentia
885 1126 1340 1159 dar golpes á un rendido.
930 1169 1334 1203 Dila que firme la amé,
880 1214 1284 1246 dila qne la dí la llave
878 1258 1306 1291 de mi amor y de mi fé,
879 1301 1386 1335 y en fin dila que bien sabe
889 1346 1267 1380 lo que por ella pasé.
920 1390 1368 1423 Dila qué me desengañe
873 1435 1387 1468 de aquesta pasion tan dura
880 1481 1378 1513 dila que soy yo su amante,
879 1525 1387 1557 y en fin que no tenga duda
878 1569 1496 1601 que siempre he de ser constante.
915 1613 1322 1646 Si con otro idolatraba
879 1658 1292 1692 lo que conmigo fingia,
886 1702 1322 1734 ¿como no me declaraba
883 1746 1346 1781 de que ya no me queria,
879 1790 1407 1823 y que el verme la enfadaba?
914 1835 1348 1867 Dila que yo no creyera
877 1879 1391 1911 que se cambiara mi suerte:
883 1925 1305 1958 ¡ojalá que así no fuera!
882 1967 1424 2001 la que fué vida ya es muerte,
875 2013 1271 2045 y la que paloma fiera.
919 2055 1396 2089 Dila que allá en su crisol
874 2098 1290 2133 ayer labre mi fortuna,
872 2145 1316 2178 y hoy con triste arrebol
875 2189 1335 2221 me quedo como la luna
876 2232 1369 2266 nunca encontrando su sol.
920 2276 1336 2311 Dila que en este papel
884 2322 1236 2356 va todo mi corazon,
870 2368 1367 2406 y que al fin es darla en el
