1737 2508
1211 77 1528 228 Núm. 229.
480 993 1414 1077 SATIRA NUEVA Y CURIOSA.
816 1092 1073 1162 QUE DECLARA
283 1217 1603 1308 ¡¡¡O CUANTO PUEDE EL DINEROR!!!
295 1462 688 1498 A nadie pido licencia
251 1504 724 1546 para haber de componer,
248 1550 744 1586 unas coplas que han de ser
252 1594 708 1630 cada una, una sentencia:
256 1636 838 1681 aunque es mucha mi inocencia,
251 1681 744 1723 escúcheme el que quisiere,
252 1725 736 1768 el que despacio estuviere,
248 1771 752 1809 oigan que cantarles quiero:
249 1817 757 1854 ¡O cuánto puede el dinero!
291 1858 769 1898 Y digo de que los Sastres
249 1901 801 1944 son hombres de gran sentido,
249 1945 820 1989 porque en cortando un vestido
255 1993 773 2032 van con el dueño á la parte:
249 2034 742 2079 y son hombres de tal arte,
254 2079 706 2119 que entomando la tijera,
250 2122 672 2162 antes de trazar la tela
245 2167 656 2206 sacan la sisa primero.
246 2212 752 2252 ¡O cuánro puede el dinero!
1011 1471 1486 1505 Zapateros de obra príma,
970 1515 1358 1547 bacuneros y de viejo
972 1559 1447 1593 habian de estar sin pellejo
971 1603 1451 1638 porque cosen por encima:
968 1647 1451 1682 con cuerda delgada y fina
971 1693 1480 1727 para que sean presto rotos.
967 1730 1464 1771 y vuelvan á comprar otros
970 1779 1361 1814 en casa del Zapatero.
975 1825 1469 1858 ¡O cuánto puede el dinero!
1011 1869 1464 1902 Digo que los Herradores
964 1913 1552 1950 son hombres de entendimienio,
971 1958 1495 1992 porque saben de un jumento
971 2002 1376 2035 los trabajos y dolores;
968 2045 1420 2083 y como sábios doctores,
963 2090 1500 2129 y hombres de gran discurso,
971 2137 1438 2169 toman al borrico el pulso
961 2178 1540 2217 por ver si está aguado ó huero
970 2224 1460 2259 ¡O cuánto puede el dinero!
