1765 2512
160 211 692 244 Viendome yu tan buenmoze,
114 254 595 288 muchachitti muy gallardi,
116 298 622 332 quise prenderme de amoris
119 341 520 374 de una señorita como
118 384 651 419 aquella que esta alli sentatí,
332 427 564 460 Lu si señor?
152 471 712 504 La vide un dia en lu iglesiu,
169 515 670 548 y empezando á requebrarle,
116 559 514 591 lé dije sierva de Diu,
113 602 561 633 sirvase usted de darme
107 646 612 681 manu y palabra desposu,
116 689 600 724 he yu su querido amante,
339 733 557 765 Lu si señor.
144 776 646 810 Me respondiu tan atenta,
116 820 548 852 tan cortes y tan ufaní
118 863 564 896 que estimabe lu favore
114 907 602 944 de cagalleritu tant grandi,
336 951 566 985 Lu si señor.
160 995 560 1029 Alegrómo lu noticie,
112 1038 562 1073 quise sacarle un regale,
116 1081 561 1114 fui á mi casa y busqué
113 1125 504 1158 lu lleve de la arque;
109 1168 669 1200 con que le furté á mi padre
115 1212 587 1244 treinta patates de plate.
339 1254 554 1286 Lu si señor,
155 1299 730 1332 Con que le compré á la novie
110 1342 634 1377 mierdus, papates pomade,
116 1386 602 1418 moníquis para lus puñus,
118 1429 582 1462 guantitis para lis manis,
120 1472 714 1507 tambien le compre un mondille
113 1516 647 1551 para que en el faga encaje,
339 1559 559 1590 Lu si señor.
156 1604 682 1639 Conoció mi padre el furtu,
109 1647 513 1682 y dándome puñetaci,
115 1691 533 1726 y tantu toli lu diaple,
116 1735 690 1769 que si no fuera por mi madrí,
116 1777 580 1810 las orejas me arrancabe,
119 1821 624 1855 como cambanu en el aire,
331 1864 562 1897 Lu si señor,
156 1908 692 1942 De alli me escape fuyendo,
111 1951 694 1986 me fui á casa de mi compadre,
120 1995 646 2029 donde habie cuatru amigus,
113 2038 636 2072 amigus, mas que del alme,
338 2081 566 2115 Lu si señor.
151 2126 656 2161 Entre lus catre me cojen,
167 2169 660 2205 me llevan á el hospitale,
119 2212 609 2247 que le llamen de Santane
116 2259 678 2292 finguiendo que estaba male.
1056 206 1276 239 Lu si señor
878 251 1462 284 Dunde me dejan en una came,
835 295 1453 328 cuando á el cabu de un gran rati,
833 338 1406 370 vinu un dimuñu de cagallerí
836 382 1292 414 tan vestiti, tan portati,
842 425 1242 458 él traia su espadinu,
842 469 1334 503 y su pellucon tan grande,
842 511 1364 545 un sumbreru de tres picus,
838 555 1234 588 una casacu tan largi,
839 598 1262 634 era el señor Mericuli.
1054 642 1284 675 Lu si señor.
872 685 1414 718 Hé me dice: Juan Ferlaque,
836 729 1374 763 cumu vá? Dime al instante,
841 773 1375 805 cuandu asi per lu muñecu?
841 816 1348 851 á fina empezó á sobarme.
1051 859 1280 892 Lu si señor.
870 903 1437 936 A este es menester sangrarle,
876 948 1376 980 y echarle prestu une ayude,
879 991 1312 1024 y estu que nu se dilate.
1062 1035 1284 1067 Lu si señor.
879 1075 1466 1110 Cuando al cabu de un gran rati
838 1121 1238 1156 vino utru cagalleriti,
836 1165 1438 1197 no tan ben bestiti, ní tan portati,
840 1208 1369 1242 cumo el que vinu primeru:
837 1252 1242 1287 dice: Juan Ferlaque,
840 1295 1306 1330 saca lu pie para levarti;
840 1339 1240 1373 saquelu y me lu lavó,
842 1383 1408 1415 cuandu al cabu de utru rati,
840 1427 1320 1461 sacú un demoñu de un per futite
838 1469 1278 1503 deste tamañu de largui,
840 1512 1434 1546 tan beniti, que parecie de plate:
842 1556 1334 1591 de alli saco un pichoniti,
836 1600 1262 1634 y mediu tal pichonati,
836 1643 1260 1680 que vive Cristi de duy,
841 1687 1306 1722 que alboroté lu hospitali.
1051 1730 1276 1764 Lu si señor.
882 1773 1380 1807 Pues no fue estu lu peore:
835 1818 1396 1852 porque á el cabu de otru ratí
843 1860 1259 1898 vinu el hermanu Fuse,
833 1906 1436 1939 con un demuño de un ferintgoti
842 1949 1256 1985 deste tamañu de largí,
832 1993 1370 2026 con un demoñi de un piqui,
842 2038 1378 2069 que pareci piqui de gavilani.
1068 2081 1278 2113 Lu si señor.
875 2122 1507 2156 Dice Juan Ferlaque, culi en pompi.
836 2166 1442 2200 hermanu Fuse, ¿quiere forsarmí?
847 2210 1326 2244 Vaya á forsar á su padre;
833 2255 1243 2289 ó á su querida madri;
