868 1233
696 73 710 89 3
110 95 361 127 En los brazos de una niña
77 120 364 152 náufrago soy que me ahogo:
88 143 351 178 Llevadme á puerto seguro,
86 168 318 199 Madre mia del Socorro.
102 217 374 250 El vicio es mar borrascoso,
81 241 323 273 la virtud, tranquilo lago;
86 264 308 297 este se cruza apacible,
80 291 375 322 y en aquel todos son náufrago.
104 336 331 370 El árbol está sin hojas,
77 362 368 395 las fuentes ya no murmuran,
81 386 361 418 nieves cubren las montañas,
80 411 399 444 ¡mi amor duerme en una tumba!
106 458 302 490 Vistiéndo sedas te ví
81 483 321 517 en la calle esta mañana,
81 508 379 542 y en cambio siempre de jerga,
82 532 299 564 vestida llevas el alma.
113 580 346 611 Me quisiera usted decir
84 604 346 636 qué clase de gente es esta.
78 628 322 661 que para decir verdades
78 654 315 684 necesita una careta.....!
101 702 358 735 Hombres, las hijas de hoy
81 726 337 758 serán las madres mañana:
87 751 360 783 pensad en que vuestras hijas
85 777 360 808 téndrán ellas que educarlas.
111 823 364 855 Con el dulce de tus lábios
78 848 341 881 se puede endulzar el mar,
77 872 336 905 y con la sal de tu cuerpo,
82 897 307 929 ¿qué no se puede salar?
98 944 373 976 Siempre que se pone el sol
81 968 335 1002 se ha de llevar mi alegría,
78 993 309 1024 y ya no me la devuelve
78 1019 315 1050 hasta que nace otro dia.
100 1066 379 1098 Cuando me dices «te quiero»
78 1092 293 1125 el aire triste suspira,
83 1116 341 1147 que al dueño de tu cariño
85 1140 341 1172 hasta el aire tiene envidia.
461 94 684 127 El talento una limosna
435 119 654 153 pide en oscuro rincon,
445 143 665 174 y la ignorancia le dice:
456 168 745 199 —Perdone, hermano, por Dios.
456 217 729 249 Al marcharse los franceses
437 240 661 273 una bala me encontré;
440 263 678 296 llorando estaba la pobre
437 290 714 321 porque no mató un francés.
460 336 691 369 Te ries cuando me vés,
437 362 750 393 y me han muerto tus desdenes;
436 386 713 418 las campanas son de bronce
433 411 729 444 y doblan por los que mueren.
465 459 737 494 Tus ojos me están matando,
437 484 716 517 me hacen vivir tus sonrisas;
439 508 688 539 desde que te quiero estoy
438 532 686 565 entre la muerte y la vida.
460 580 671 612 Con afeites y pinturas
434 604 665 637 se pone blanca la cara:
440 629 708 661 no hay pintura en el mundo
441 654 698 685 para poner blanca el alma.
454 702 745 735 Mi muerto amor de su tumba
439 726 712 760 salió al ver tus ojos negros,
441 751 679 785 porque tus ojos morena,
442 776 675 810 resucitan á los muertos,
459 823 733 858 Tras la noche vuelve el dia,
436 848 705 881 tras la tempestad la calma;
435 872 659 904 pero tras el desengaño
436 897 700 928 nunca vuelve la esperanza.
453 945 689 976 Hay un letrero que dice
435 969 687 1000 en la puerta del presidio:
435 994 648 1026 «Esta casa dá posada
434 1019 680 1050 á todos los malos hijos.»
459 1066 699 1099 En el jardin de su pecho
434 1092 673 1123 suspiros plantó mi niña:
439 1117 674 1147 con lágrimas de sus ojos
437 1140 671 1172 los riega todos los dias.
