893 1235
167 73 186 92 2
127 92 419 126 Si oyes doblar las campanas,
107 118 406 150 ne preguntes quién ha muerto:
110 141 336 175 que pronto te lo dirán,
108 166 357 198 niña tus remordimientos.
124 214 407 245 No llores, mi bien, no llores
98 237 393 271 del bien perdido la ausencia,
101 262 414 294 que para el bien nunca es tarde
102 287 378 318 cuando en la fé se alimenta.
121 334 356 366 Ayer despertaba alegre
108 359 391 392 y hoy me despierto llorando,
103 383 319 415 Aver soñaba ilusiones
100 408 351 441 y hoy recojo desengaños.
126 456 355 489 No te asomes, vecinita,
101 482 382 515 muy temprano á la ventana;
104 507 393 538 mira que á mí me despiertan
103 530 360 562 conforme el sol se levanta.
125 578 340 610 Ayer me dijo un loco
104 601 278 633 desde su encierro:
125 625 353 660 —¿Quieres tener juicio?...
100 651 283 682 deja á los cuerdos.
127 699 348 732 Gloria, poder y riqueza
97 723 354 757 vanos fantasmas los creo;
100 749 343 780 y poder, riqueza y gloria
97 773 385 806 siempre son mi pensamiento.
119 820 356 855 De la lisonja el incienso
95 844 351 880 ciega, turba y enloquece;
100 871 403 904 No hay una muerte mas dulce,
94 895 430 928 pero ¡ay, de aquellos que mueren!
119 940 339 975 No me vengas á decir
93 968 343 999 lo que yo debiera hacer:
94 992 359 1026 ¡que me tengo que morir,
97 1017 327 1049 ó la tengo que querer!
126 1066 398 1098 Siempre que miro tus lábios
97 1091 320 1122 envidio á la mariposa,
99 1114 386 1147 que vé la miel, para el vuelo
96 1138 372 1172 la bebe..... y el vuelo toma.
488 95 726 127 Es el Templo de la fama
463 121 726 152 para algunos ¡tan pequeño!
465 144 747 177 que dicen, que nadie cabe...
461 168 773 200 despues que están ellos dentro.
484 216 739 248 El pensamiento es el rayo
467 239 707 273 que lanza la inteligencia:
464 263 750 298 rayo que abrasa los mundos,
464 288 765 322 rayo que alumbra ó que ciega.
481 337 762 371 Arboles que estais sin hojas,
460 362 673 392 La primavera vendrá.
460 387 751 418 Lágrimas que un amor causa
461 410 653 443 otro amor enjugará.
480 459 755 492 Al hombre que mata á otro
457 483 683 516 van y le quitan la vída:
460 508 797 540 ¡Para la que engaña á un hombre
461 531 741 564 no hay en el mundo justicia!
482 579 720 611 Yo no sé si las mugeres
451 604 761 637 quieren tanto como el hombre;
455 629 696 660 pero que olvidan mejor,
461 653 674 685 ninguno lo desconoce.
475 699 755 734 Tu amor con la golondrina
452 727 674 759 lo tengo de comparar;
460 751 680 784 en la primavera viene,
458 776 679 809 y en el invierno se vá.
478 823 700 855 Género que vale poco
461 846 716 880 es el que mas se pregona:
451 873 729 904 Anda vé y dile á tu madre,
455 898 799 928 que no está el tiempo de compras.
481 945 754 976 Las gentes me llaman loco,
460 970 717 1001 porque digo lo que siento:
460 994 689 1026 Si soy loco por decirlo,
461 1019 756 1050 ¡Dios me libre de los cuerdos!
478 1067 729 1099 Los ojos de una morena,
463 1092 727 1123 dicen, que mirando matan:
462 1117 711 1148 ¡Mil vidas que yo tuviera,
460 1141 694 1172 mil en los tuyos dejára!
