1656 2432
214 240 766 277 Que tal te vá con tu esposa?
212 285 752 327 Mi muger es muy hónrada;
202 332 718 373 mas me veó en tal estado,
204 382 748 422 con tal pobreza en mi casa,
206 433 756 472 que cada año tengo un hijo,
204 478 686 518 y un pleito cada semana.
200 526 708 566 Por cierto estoy aburrido,
204 574 780 616 no sé por Dios, que me haga,
206 624 774 663 que esto es castigo del Cielo!
206 672 718 712 O! mal haya mi desgracia,
200 722 706 761 y el alma que me engañó,
203 770 653 806 para que yo ne casara:
200 818 754 859 pues ven acá, pobre simple;
197 868 653 902 pusieronte alguna daga
200 912 722 951 á los pechos para hacerlo?
200 963 787 1002 Pues padece hasta que salgas
199 1012 683 1047 de este miserable mundo
201 1059 810 1097 con la espuerta y con la azada.
196 1105 642 1145 Di tu, segundo casado.
198 1156 790 1193 que es lo que á ti te maltrata?
195 1203 726 1242 Por que lado á ti te duele?
198 1252 736 1292 Yo padezco muchas causas,
195 1301 698 1339 me responde, porque soy
199 1349 696 1388 destrozo de la desgracia.
205 1397 598 1438 Ven acá viudo, y tú,
193 1447 765 1485 que forma de hombre gastas?
198 1496 576 1534 Yo, señor, enviudé,
194 1544 646 1582 de la señora Doña Ana,
196 1592 708 1630 me quedaron cuatro hijos,
195 1640 755 1680 dos niños, y dos muchachas.
941 243 1402 286 Casé con Doña Jimena,
948 289 1438 336 de la Ciudad de Parcaya,
937 337 1380 377 ó Porcuna, que todo es
944 386 1430 427 en su pergeño, y su cara,
943 434 1460 476 con otros cuatro gaulares:
935 484 1546 526 mirad, pues, con ocho en casa,
940 532 1393 571 que caudal es menester
934 579 1445 619 para haber de sustentarla!
932 628 1452 668 Que apenas un hombre vé
938 676 1386 716 las luces de la mañana,
936 723 1490 767 cuando parece un enjambre,
934 772 1380 812 que á purisima picada
936 820 1526 861 le sacan á un hombre el zumo
935 868 1416 907 de lo profundo del alma.
936 914 1464 960 Yo maldiciendo, y jurando,
939 965 1452 1006 cual Vivora emponzoñada,
932 1012 1437 1054 voy caminando al infierno
935 1061 1398 1100 con abreviadas pisadas.
931 1109 1424 1148 Estás contento mancebo?
934 1158 1440 1198 Esto es lo que un hombre pasa
938 1208 1438 1246 con las mugeres pues son
926 1258 1384 1294 locas, faciles, y varias:
928 1306 1392 1345 y asi cuidado con ellas,
928 1354 1354 1392 abrid el ojo, dejadlas,
934 1404 1474 1442 que ellas nos quitan la vida,
930 1452 1382 1490 y nos hacen salir canas,
927 1500 1443 1538 y en el fin de nuestra vida,
936 1549 1406 1586 pagan con una mortaja,
930 1596 1368 1633 de redes, ó de parella,
927 1648 1480 1684 ó el peor lienzo, que hallan.
769 1960 1032 1997 FIN.
696 2218 1094 2255 CARMONA:—1859.
235 2270 1536 2310 Imprenta de D. José M.a Moreno, calle de Madre de Dios, núm. 1.
