1572 2412
118 192 605 233 de salió todo al contrario;
119 239 615 283 atencion á estas palabras.
112 291 679 333 Lo limpio se trocó en sucio,
113 336 597 381 y lo pulido en cascarrias,
109 385 694 431 lo honrado, Dios me perdone,
109 433 576 476 la gentileza en porcaya,
114 482 642 525 la que bordaba en destreza
114 530 614 574 se volvió en desmanotada,
113 582 622 622 ya el corpiño se le tuerce,
108 631 630 670 ya se le tuercen las faldas,
108 678 582 717 ya el zapato muy pulido
107 725 680 769 se le ha reducido en chanca,
109 775 541 813 y la media con la liga
108 820 664 866 se volvió en Monja Descalza,
111 869 619 911 ya el tabaco en las narizes
101 917 624 961 son dos nidos de burracas,
101 966 606 1008 y ya, en fin, la apetecida
107 1014 655 1061 se convierte en despreciada;
108 1062 533 1103 de forma, que todo es
106 1112 599 1155 contra lujuria templanza:
99 1165 575 1203 y por fin, lo qne puntea
97 1210 628 1254 son mil casquillos de baca.
100 1256 628 1303 Dime, pues, por vida tuya;
102 1304 574 1348 es esta la que te alaban?
104 1354 550 1395 Esta es aquella señora,
96 1404 544 1443 que tu cariño adoraba?
107 1449 596 1495 Vamos con otro Mancebo:
104 1499 616 1546 Ven acá el de las albarcas,
103 1549 663 1595 por que parte te derriengas?
96 1598 639 1641 Señor, yo quiero una Dama
100 1649 630 1693 de aquestas de los copetes,
99 1698 662 1740 que ellas le llaman montañas
95 1745 726 1792 Y qué es lo que quieres de ella?
106 1794 658 1837 Que esté siempre aderezada.
91 1842 624 1883 No ves que estos lazos son,
96 1890 657 1933 quien te aprieta la gargania?
94 1938 683 1983 No ves tu, que esos embustes,
91 1988 567 2027 todas aquesas patrañas,
85 2035 623 2079 son flores, que á las abejas
92 2084 552 2124 las acarician, y llaman,
91 2134 594 2176 y ellas se chupan la miel,
85 2178 643 2226 y á ti te dan lo que amarga?
92 2229 526 2271 Todos estos perifollos,
854 198 1304 237 esas cintas, esas galas,
851 249 1490 285 son las que os corta el pescuezo
849 297 1322 334 con sogas á la garganta.
846 344 1366 383 Si quieres vivir con honra,
843 395 1324 430 nunca consienta tu fama
849 442 1236 479 visita de Caballeros,
847 491 1372 526 cuando tu no estás en casa.
850 539 1330 575 Advierte, que tu muger,
847 586 1350 623 si es de condicion liviana,
850 637 1316 671 no ha de dejar la peluca
852 684 1281 721 por la rústica polama.
848 732 1342 768 Mejor es que no te cases:
847 780 1274 818 pero si acaso te casas,
840 830 1322 867 busca siempre labradora,
842 878 1310 915 que la lealtad la guarda.
856 924 1362 963 en acá tu, que pretendes,
831 975 1287 1011 el de la capa de grana?
839 1023 1356 1061 Con quien intentas casarte,
841 1072 1299 1107 con alguna muger baja?
840 1120 1380 1158 Señor, yo me hallo de forma
842 1168 1310 1206 que nobléza no me falta,
839 1220 1357 1254 pero estoy tan pobre, que
838 1266 1330 1303 conel pie nadie me daba.
838 1315 1406 1351 Pues que pensamiento tienes?
840 1364 1368 1402 Que: buscar una hortelana,
839 1413 1304 1449 o una hija de un Judio,
842 1462 1385 1498 que en llenandome la panza,
836 1510 1338 1546 trayendome bien portado,
839 1561 1384 1595 con cuatro prendas, y galas:
833 1608 1330 1643 nobleza de qué me sirve?
829 1657 1353 1694 Que ya en esto no reparan,
833 1706 1404 1742 ni el Mundo estima otra cosa,
832 1754 1398 1790 que el sombrero, y la casaca,
826 1801 1228 1839 el birulé, y el tacon,
828 1849 1310 1887 las vueltas, y la corbata,
827 1896 1227 1935 y llevar en el bolsillo
828 1946 1262 1983 mucha plata Mexicana.
823 1995 1475 2033 Ay, hombre, que mal te quieres!
825 2045 1338 2081 Qué poco estimas tu fama,
823 2093 1350 2130 que por vestido, y moneda
828 2140 1256 2177 se vé tu nobleza ajada!
823 2189 1368 2228 Dime tú, que es de tu vida
817 2241 1351 2281 hombre casado, y con casa?
