1596 2332
125 202 622 244 sabes, si acaso desciende
136 250 634 292 de alguna Mora ó Mulata?
129 299 640 342 No lo sé yo; mas por Dios,
134 348 676 391 que es una linda muchacha,
132 397 553 437 y tiene un garabatillo,
131 445 660 485 que me tiene presa el alma:
128 493 675 535 Ah simple como te quemas?
135 541 620 584 quiero darte por sentada,
136 588 774 632 que es hermosa, que es discreta,
135 637 741 681 que es garvosa, que es bizarra,
125 685 591 727 pero sabes si su Abuclo
131 733 497 773 decia cebolla clara?
119 781 646 826 No conocí yo á su Abuelo.
125 829 641 873 Pues dime, si tú no hallas
123 879 638 923 en ella mas que es bonita,
120 927 547 970 ni sabes otra palabra,
132 976 608 1018 para qué quieres casarte,
126 1024 684 1065 sin saber con quien te casas?
124 1071 728 1114 Porque es mucho de mi gusto.
121 1120 652 1162 Pues casate, y Dios te haga
120 1168 714 1211 bien, para que estés contento,
123 1217 658 1259 en union perfecta, y santa.
123 1265 632 1308 Yá se acabó este Mancebo,
119 1314 600 1355 ya sabe de mesa,y casa;
122 1364 632 1406 pero no ha pasado el año,
117 1411 653 1453 cuando empieza la Dorrasca
120 1458 572 1504 de porrazo, y puntapie,
116 1504 558 1550 y de lindas gaznatadas.
118 1556 564 1599 Divulganse los linages,
119 1606 648 1648 ya las sangres se declaran,
119 1652 562 1696 y sobre, si es, ó no es,
116 1702 686 1744 cosa que importa dos blancas,
116 1751 516 1791 se retira de con ella,
107 1799 629 1839 y ella se queda en su casa
119 1850 607 1886 Qué te dije yo, Mancebo?
112 1896 584 1936 Dije, que no te casaras?
104 1944 497 1983 No te estaria mejor
115 1994 567 2033 trabajar con una azada,
108 2042 660 2083 que no con el yugo ensima,
113 2089 623 2131 y con la coyunda echada?
113 2139 618 2179 Vamos por otro mancebo:
112 2187 648 2227 Dime tu, que tienes barbas,
105 2238 605 2279 para que quieres casarte?
861 209 1424 247 Qué codicia á ti te arrastra?
862 257 1392 295 Diras, yo soy un Mancebo,
862 304 1542 347 sin padre, hermanos, ni hermanas,
856 352 1438 395 no tengo quien me remiende,
864 400 1346 440 ni quien cuide la piñata,
863 449 1364 489 ni quien me lave la ropa,
862 496 1378 536 ni quien me haga la cama.
859 545 1376 586 Eso es lo que á ti te lleva,
854 592 1306 632 eso quien te desvarata.
860 642 1378 681 Pues diré, que quieres tú?
855 689 1422 729 Busco una Doncella honrada.
861 739 1365 777 Y la tienes? Cuatro tengo:
855 785 1376 828 y todas cuatro te agradan?
862 834 1270 874 En particular la una,
864 884 1461 925 que es la mas linda muchacha,
858 933 1478 974 que se halla en toda esta tierra,
858 979 1272 1018 y yo quisiera mañana
849 1027 1276 1068 estar casado con ella.
845 1075 1346 1117 Llegó, en fin, la deseada
856 1126 1342 1167 noche de novios, y sabe,
857 1176 1362 1214 que la novia tiene trampa.
857 1222 1328 1260 Tenemos ya reformados
848 1270 1434 1312 dos Mancebos de importancia.
855 1317 1308 1360 Vén aca tu, Mancebito,
842 1367 1276 1406 el de la melena larga.
854 1416 1356 1454 tú por que parte flaqueas?
850 1464 1388 1504 Señor mio, á mi me agrada
848 1514 1342 1550 una Moza de este Pueblo,
852 1562 1398 1601 que es de cintura quebrada,
849 1608 1370 1648 y me ha dicho cierta vieja,
856 1658 1390 1698 que es doncella de tal traza,
846 1708 1255 1745 de tales habilidades,
848 1756 1448 1793 que otra como ella no se halla,
847 1804 1486 1845 que es muger de gran gobierno,
839 1851 1354 1891 y toca muy bien el harpa,
850 1900 1334 1940 danza muy famosámente,
839 1950 1283 1987 y puntea una guitarra:
852 1997 1378 2036 es hermosa, tiene hacienda
843 2045 1338 2084 y sobre todo es honrada.
846 2092 1364 2131 Muy grande fortuna tienes,
848 2142 1364 2180 si eso es cierto, cosa clara.
842 2190 1320 2231 Casóse ya este mancobo,
828 2238 1292 2282 y de lo que él esperaba,
