1737 2508
255 211 920 262 Cris.No hay mas que papel de estraza
263 257 903 308 Sanc. ¡Habrá borrico mas grande!
263 296 881 376 Crisp. Si no hay en toda la casa
301 341 765 404 con que liar un cigarro
259 391 818 449 Sanc. Pues alargate á la plaza
302 431 816 494 y traeme un par de pliegos.
254 478 874 537 Crisp. Y si no tenga una blanca.
263 519 868 578 Sanc. ¿No te dí yo veinte reales?
259 561 916 631 Crisp. Eso hay mas de dos semanas
300 610 797 669 y hemos estado comiendo,
300 654 753 714 ¿queria V. que duraran?
253 692 885 770 Sanc. Este es un gran despilfarro,
300 748 699 801 y se acortará la tara.
262 776 872 850 Crisp. Si no cerrando el gasnate
302 831 893 894 no hay mas modo de acortarla.
253 876 812 932 Sanc. ¡Dineros y mas dineros!
294 925 828 982 ahora es menester que haya
297 964 828 1027 que tal fuera que no hubiera
294 1010 706 1069 y sin escribir quedára
308 1044 801 1116 Por fin hubo una moneda.
255 1097 820 1159 Crisp. Alabada sea Santa Ana.
257 1141 872 1205 Sanc. Pronto un pliego de papel.
252 1182 853 1258 Crisp. Si es una moneda mala,
298 1230 523 1287 y no pasará.
253 1270 510 1328 Sanc. Pasado
294 1308 794 1382 te veas tú como una pasa,
301 1359 826 1419 ven, que ya no es menester
294 1401 901 1469 ya hayaqui papel, so maula. (Esc?
254 1450 919 1515 Cisp. (Apar.) Bolsillo mas prevenido
298 1497 860 1552 que el de mi amo no se halla:
290 1544 833 1608 siempre con malas monedas,
293 1586 742 1657 con botones y medallas,
295 1632 831 1702 clavos viejos, sobre-escritos,
297 1674 724 1734 y cascaras de castáñas:
298 1717 763 1780 pero ya sino me engaño,
294 1760 741 1826 creo de escribir acaba:
293 1812 797 1864 vamos á ver lo que ordena,
294 1852 833 1915 siempre sera alguna trampa.
244 1892 917 1960 S. (Lee.)Sr.D. Fernando de Peralta.
252 1944 918 2009 Un estrecho lance en queme veo, sin
247 1986 921 2049 arbitrio de poder desempeñarle co-
246 2038 912 2087 mo noble, por hallarme en esta tris-
247 2074 919 2137 te ciudad, me ha precisado valerme
248 2114 914 2174 de V. que como caballero y paisano
250 2165 922 2221 se sirva mandarme 300 rs. que en
241 2208 926 2265 cuanto venga la libranza que por
250 2252 914 2315 instantes aguardo, serán pagados.
243 2297 893 2374 B. L. M. de V. su amigo Sancho.
974 206 1532 271 Crisp Está breve y compediosa
1013 252 1474 317 y nó pondrá repugnacia?
968 298 1461 357 Sanc. Al instante lo dará,
1010 343 1519 407 si es madrileño, que basta.
1017 392 1495 458 Ponte presto el peluquin,
1012 433 1359 489 y vete á la posada,
1017 473 1424 537 del sol y preguntarás
1015 517 1560 583 por don Fernandode Peralta,
1016 565 1380 628 entregale ese papel
1016 609 1507 673 toma el dinero y marcha,
1011 655 1392 716 y de camino te traes
1015 695 1516 760 aquello que haga mas falta.
969 744 1391 812 Crisp. Lo mas preciso.
972 787 1214 844 Sanc. Cabal,
1019 823 1527 882 cuenta con lo que se habla,
1006 876 1514 933 no me sueltes algun dicho
1014 920 1465 980 de bodegon ó chanfaína.
973 964 1589 1028 Crisp. Si pregunta que comemos,
1018 1012 1598 1073 diré que pansa de vaca. (Al irse.)
972 1053 1613 1124 Sanc. ¡Qué tierras tan miserables!
1014 1098 1556 1156 si allá en madridescucharan
1018 1142 1484 1200 esos términos, morcillas,
1015 1184 1485 1248 bodegon, menudo, panza,
1008 1233 1642 1302 ¡qué vergüenza! aunque tambien
1005 1274 1544 1330 sus terminachos se gastan:
1007 1318 1543 1371 pero que entiende ese bruto,
1012 1366 1534 1422 lo que interesa es que traiga
1006 1409 1537 1458 los quince duros, saldremos
1016 1452 1561 1511 con honor de esta entruchada
1014 1496 1528 1567 que para otra vez Dios sabe
1011 1536 1465 1601 si yo estaré ya en Italia.
1014 1585 1523 1639 ¡Ay Madrid! quien estuviera
1011 1635 1537 1702 en medio de aquellas plazas,
1011 1673 1499 1736 aquel prado tan hermoso;
1006 1715 1521 1778 aquellas calles tan anchas,
1006 1760 1483 1832 aquellas gentes tan nobles
1007 1807 1401 1866 y tan desinteresadas.
1002 1844 1439 1913 Algun angel me acordó
1004 1896 1433 1957 que don Fernando aqui estaba
1017 1939 1377 1997 ara pedirle dinero,
1010 1981 1466 2043 pues la gente de Granada
1009 2031 1479 2090 un real no dará ninguno,
1003 2074 1443 2136 aunque los azaetearan:
1008 2111 1462 2180 pero ya mi Crispin viene
1006 2170 1490 2221 en menos de lo que canta
1009 2206 1469 2262 un pollo le dio el dinero,
999 2248 1503 2314 si es madrileño que basta.
1012 2302 1598 2370 (Entra Crispin con mala cara.)
