1765 2512
230 187 783 263 en Madrid entra un forastero
235 240 779 304 tal como hoy por la mañana,
233 290 669 348 y al medio dia ya tiene
229 332 722 393 su habitacion pertrecháda
240 376 632 433 de todo lo necesario.
194 423 864 482 Cris. Puesqué enMadridno se gastan
234 464 644 521 dinero en esas cosas?
182 502 870 575 Sanc. ¿Pues piensas tú que reparan
233 552 689 621 en Madrid en intereses?
232 597 653 657 vaya, ves á eso, anda.
196 643 867 708 Crisp. Pues yo pensé que no habia
230 682 663 734 tierra mas interesada.
186 722 861 788 Sanc. Ve corriendo á la Puerta Real,
225 774 635 837 á casa de la Mariana,
234 819 729 884 que para esta noche avie
230 862 661 924 de dicz á doce garrafas
229 907 808 976 de mantecados, huevos moles,
226 953 718 1017 leche imperial ó avellana.
190 997 855 1058 Crisp. Y si allí se estan debiendo,
230 1039 737 1092 doce cuartillos de orchata
231 1081 705 1142 que V. se los ha tomado.
184 1126 857 1199 Sanc. Cargue el diablo con el alma
231 1174 676 1235 de tanto como se debe.
180 1226 790 1281 Crisp. Como que nunca se paga.
182 1262 817 1322 Sanc. ¡Qué calma tienes, hombref
225 1306 766 1366 despacha, menea esas patas,
228 1351 691 1409 que parece son de yeso.
178 1392 851 1455 Crisp. ¿Y que haré con menearlas
217 1439 706 1496 si el dinero no se mueve,
222 1482 706 1541 que es lo único que falta?
175 1519 746 1583 Sanc. Poco tardarás tú en ver
220 1567 761 1630 el dinero aquí á esportadas.
176 1613 813 1685 Crisp. ¿Cuando la libranza venga?
174 1663 845 1726 Snc. Sí; pues crees que es chanza?
179 1708 786 1772 Crisp. Ya, pero si nunca viene.
176 1748 796 1810 Sanc. Ella vendra: que no tarda,
215 1803 813 1857 ¡Que hombre de tan poco pecho!
214 1839 680 1901 Madrid de toda mi alma,
217 1882 670 1948 ¡qué tierra aquella; ¡qué
680 1873 819 1958 gentes!
209 1925 638 1983 Alli nadie se acobarda
215 1971 709 2030 aunque la córte se hunda.
170 2011 805 2085 Crisp. Pero lo que á mi me para
216 2068 692 2118 es, porqué se vino usted
214 2102 771 2176 siendo una tierra tan guapa.
164 2156 715 2216 Sanc. Eso en el día del juicio
210 2191 695 2251 se sabrá bien á las claras.
171 2233 735 2304 Crisp. Para ese dia pregunto:
210 2281 656 2348 ¿habrá venido la paga?
911 200 1516 271 Sanc. No hables mas tonterias,
953 254 1467 309 aunque se empeñe la capa
959 297 1474 356 busquense algunos dineros:
957 339 1465 391 hombre no seas tan maza,
954 386 1441 447 siquiera dos ó tres duros.
909 438 1588 480 Crisp. ¿Dos ó tres duros? noes nada:
952 474 1380 533 el capote, los calzones
950 516 1387 575 el sombrero, la casaca,
955 558 1403 622 el peluquin y espadines,
947 605 1455 662 no valen un real de plata.
910 658 1574 710 Sanc. ¡Valgame Dios! ¡que desdicha!
954 698 1492 756 Vende aunque sea las camas.
905 740 1273 802 Crisp. ¡Qué camas?
901 782 1310 841 Sanc. Las de dormir.
912 827 1493 881 Crisp. Si son un costal de paja,
951 872 1491 921 con muchisimos remiendos.
903 918 1530 975 Sanc. Es esto cosa que encanta.
952 963 1402 1026 ¡Qué me haya yo venido
939 1006 1412 1065 á esta tierra tan villana
949 1049 1476 1099 en donde nada se encuentra!
897 1093 1454 1152 Crisp. Aqui no hacia V. falta,
943 1136 1410 1193 y tal vez ni alli tampoco.
896 1177 1532 1243 Sánc. Vamos, menos patochadas,
946 1225 1406 1284 y mas hacer diligencias.
906 1270 1395 1323 Crisp. ¡Qué quiere V. que
1427 1261 1577 1337 yo haga
936 1313 1420 1380 que salga á pedir limosna
950 1358 1391 1419 para ayuda de la danza?
901 1403 1477 1458 Sanc. Todo esto será escusado
934 1446 1424 1508 poniéndole yo una carta
941 1483 1398 1556 á un paisano amigo mio
938 1543 1495 1596 que está aqui en una posada,
937 1586 1402 1640 pues por no manifestarle
941 1625 1422 1688 mi estrechez, lo reusaba.
895 1659 1570 1728 Crisp. ¿Pues si tiene V. ese arbitrio
939 1716 1494 1771 tan escelente, á que aguárda?
895 1761 1525 1815 Sanc. Traeme un poco de papel.
894 1806 1562 1866 Crisp. Voy volando aunque mecaiga.
1101 1847 1369 1908 (Vase despacio)
889 1888 1459 1957 Sanc. Le pediré quince duros
935 1938 1416 2000 que por ahora me vastan,
929 1977 1395 2046 y despues le ire pidiendo
937 2022 1429 2084 conforme las pesas caigan,
937 2069 1383 2134 y pagaré cuando tenga.
930 2120 1495 2178 ¿No es una grande ignorancia,
935 2157 1459 2221 que teniendo aquí paisanos,
932 2202 1459 2262 de estos miseros me valga?
931 2242 1402 2314 vamos, ya viene el papel.
891 2280 1544 2373 (Sale Crisp. con un papel de estraza.
