1765 2512
83 253 653 325 Crisp. Antes del dia del juicio
126 314 668 384 supe aquello que ignoraba.
81 363 665 424 Sanc. Me alegro que sepas tú
130 413 662 476 que mis paisanos no gastan
130 452 576 513 retrecherias con nadie:
129 485 717 561 ¿don Fernando como se halla?
86 538 764 613 Cisp. Aunque ya se hubiera muerto
133 587 602 650 muy poco nos importaba.
87 612 698 693 Sanc. ¿Pues que te ha sucedido?
99 667 730 745 Crisp. Cosas que á nadie le pasan:
127 715 569 781 pregunté, subi á la sala
137 735 671 818 de don Fernando, y al verme
134 804 706 876 dijo á un mozo que allí estaba,
136 850 622 909 ¿que trae ese perdulario?
133 890 697 960 Yo al punto entregué la carta
137 933 649 1003 leyóla hacíendo mil gestos,
131 978 578 1044 y mirándome á la cara,
130 1022 549 1088 me dijo: ¿es V. criado
132 1059 683 1128 de don Sancho? buena maula,
140 1114 673 1186 que despues de haber dejado
138 1155 621 1222 la corte llena de trampas;
134 1192 661 1264 viene aquí con sus enredos
136 1240 653 1318 á armar otras mil marañas:
137 1293 620 1354 tomó el amo un espadin,
138 1324 650 1407 y el moso tomó una tranca,
130 1375 585 1442 y si no aprieto á correr
138 1414 646 1490 entre los dos me rematan.
89 1462 744 1534 Sanc. ¿Pero dió los quince duros?
89 1512 742 1585 Crisp. Esta es otra que bien baila,
136 1552 583 1620 no señor no me los dió,
135 1581 686 1667 no lo entiende V.? ¡Caramba!
91 1638 704 1717 Sanc. Eres un gran mentecato;
132 1688 593 1751 en viéndole yo mañana
140 1731 599 1794 me dará cuanto le pida;
134 1786 632 1845 pero ahora Virgen santa,
130 1820 588 1885 ¿que hémos de hacer?
141 1848 747 1942 el sol puesto, la casa desaliñada,
138 1912 591 1970 y tu sin buscar arbitrio
140 1948 662 2018 por ser tan gran papanatas.
103 1983 788 2074 Crisp. Hay mas que cerrar la puerta
135 2041 578 2105 y si cualquiera llama,
139 2088 580 2166 le diré que la funcion
838 246 1395 331 se ha vuelto agua de cerrajas
846 310 1425 380 porque le dió a V. un desmayo,
848 354 1305 415 y se ha metido en cama.
801 389 1365 460 Sanc. Valiente bruto eres tú,
834 445 1317 506 ¿qué lo caballeros gastan
842 489 1306 548 esas chuladas con nadie?
845 528 1318 599 tú no entiendes de nada.
799 569 1392 630 Crisp. Conque V. es caballero?
804 619 1368 691 Sanc. Y de las primeras casas
846 665 1245 730 de Castilla y Aragon,
840 707 1329 782 primo del duque de Alva
844 750 1340 820 y pariente muy cercano....
805 789 1480 872 Crisp. Delseñordon Juan de Trampa.
804 841 1342 915 Sanc. Del mariscal de Viron
844 880 1291 955 y del conde de Saldaña.
849 909 1438 992 Soy mas de lo que tu piensas.
803 968 1407 1041 Crisp. Yo señor lo que pensaba
843 1019 1381 1088 que era V. Pedro la Eureda,
852 1064 1303 1118 o un embustero de fama.
810 1094 1389 1177 Sanc. Eres un desvergonzado,
850 1154 1385 1216 y no sabes con quien hablas.
809 1186 1488 1268 Crisp. Con un señor que la hambre
847 1238 1323 1295 nunca puede desecharla.
800 1277 1430 1355 Sanc. Hablame bien sino quieres
857 1331 1314 1392 que te dé de bofetadas.
806 1357 1405 1447 Crisp. Eso es bueno cuando yo
856 1411 1319 1479 que me las diera dejara.
810 1443 1484 1534 Sanc. ¿Pues que habias tú de hacer.
810 1501 1433 1581 Crisp. Si V. dos ó tres me daba,
850 1555 1335 1610 darle yo catorce ó quince.
809 1579 1461 1668 Sanc. Contra tu amo ¡qué infamía!
850 1637 1278 1702 te saltaré yo los sesos.
815 1659 1497 1741 Crisp.Yo le arañaré la cara. (Lo ace)
818 1730 1414 1779 Sanc. Pícaro, atrevido, infame.
816 1755 1493 1845 Crisp. Guiñaposo, hambron, canalla.
815 1816 1356 1878 Sanc. Vete pronto á la calle,
854 1856 1373 1926 ó te pondré en la Carraca.
815 1880 1502 1963 Los dos. Antes que álos dos nos echen
865 1947 1388 2018 pues la funcion no se arma,
865 1988 1252 2056 pidamos al auditorio
867 2021 1399 2117 el perdon de nuestras faltas.
764 2186 865 2266 FIN.
594 2286 825 2357 CARMONA:—1857.
121 2329 1488 2405 Imprenta de D. Jose Maria Moreno, calle Juan de la Cabra núm.
