1712 2464
148 144 672 185 con cadenas y con grillos,
146 187 674 229 llenos de piojos con rabo,
145 231 604 269 maldiciendo su fortuna
150 274 694 316 y al que los ha engendrado.
148 319 696 362 Otros perdiendo sus bienes,
158 365 654 402 sus haciendas y ganados;
148 407 598 445 rodando por hospitales
149 451 634 491 del caso todos baldados:
151 495 722 538 hoy se hallan por las mugeres
151 539 594 577 el mundo atemorizado.
146 582 668 626 El hablar tan deshonesto,
150 629 748 672 que no hay por donde tomarlo;
154 673 634 713 pero á los ojos de Dios,
150 716 650 756 que todo lo está mirando
156 760 664 801 tenemos que dar la cuenta
148 803 666 847 de lo bueno y de lo malo;
148 848 616 889 aquí mi pluma se para,
148 892 759 934 que no acierto á pronunciarlo
152 936 619 976 las potencias y sentidos
150 980 660 1025 parece tengo embargados,
152 1026 633 1068 el corazon se me anega
144 1068 548 1109 solo de considerarlo:
148 1112 654 1156 atencion, noble auditorio,
142 1159 630 1198 que ya voy á declararlo.
145 1201 646 1243 En la ciudad de Valencia
140 1244 652 1288 nació de padres honrados
140 1290 618 1334 una muger, una sierpe,
144 1333 578 1376 un demonio desatado,
146 1378 566 1420 criáronla con cariño,
148 1423 666 1466 y á los diez y nueve años,
144 1468 518 1505 tratáronla de casar
148 1511 624 1553 con un labrador honrado,
142 1557 662 1599 que tenia mucha hacienda,
142 1602 614 1640 galeras, mulas, ganados.
143 1644 570 1684 Desposaronlos alegres,
140 1689 678 1731 y al cabo de algunos años,
133 1731 682 1774 el demonio que no duerme,
140 1775 706 1820 porque siempre está velando,
144 1820 577 1860 hizo que se enamorase
137 1864 696 1909 de un mozo de malos tratos,
136 1912 642 1949 y cada vez que el marido
133 1953 642 1997 se iba á labrar el campo,
144 1996 654 2039 le daba entrada en su casa
132 2040 592 2083 sin temor ni sobresalto,
136 2084 627 2127 haciendo muchas ofensas
136 2130 582 2171 al Señor mas soberano,
133 2173 608 2217 y tambien á su marido,
138 2221 596 2258 que del caso descuidado
138 2263 568 2302 estaba: mas una tarde
132 2311 620 2348 que venia algo cansado;
878 155 1398 193 fué á su casa y se acostó
874 202 1352 239 para descansar un rato,
876 245 1352 281 y Ana María que estaba
878 289 1328 324 con su corazon dañado
880 333 1336 369 quiso lograr la ocasion
896 375 1374 417 or estar mas á su salvo.
880 421 1346 460 Así que le vió dormido,
875 464 1430 507 con un cuchillo en la mano,
879 508 1370 547 fue donde está su marido
880 553 1346 591 y la vida le ha quitado.
874 595 1370 636 No paró aqui su maldad,
884 640 1387 678 ¡Jesús, qué hecho tan raro!
886 685 1385 722 fue con el mismo cuchillo
872 727 1408 769 le abrió desde arriba á bajo,
876 772 1318 809 el higado y la asadura
870 819 1396 853 y el corazon le ha cortado
870 861 1394 899 recogiendolo en un cesto,
872 903 1404 943 en un clavo lo ha colgado.
879 950 1353 986 Luego con gran ligereza
874 992 1382 1031 trajo una hacha de mano,
872 1038 1316 1074 y la cara y la cabeza
872 1080 1350 1119 la hizo muchos pedazos,
870 1123 1344 1162 como si no hiciera nada
876 1168 1432 1209 tambien le cortóslos brazos,
870 1212 1384 1251 con que á su pobre marido
872 1257 1340 1297 todo le fué destrozando,
874 1303 1326 1339 y dentro de una tinaja
872 1346 1404 1385 las carnes las fue salando,
865 1393 1351 1427 y á dos niños que tenia,
872 1434 1362 1470 el mayor de cuatro años
868 1478 1382 1518 soberbia les dió la muerte,
870 1522 1360 1561 mil maldiciones echando,
868 1566 1388 1602 diciendo: no quede en casa
862 1610 1386 1649 rastro de aqueste malvado,
865 1658 1273 1690 y salándolas tambien
868 1700 1428 1737 con su padre los ha hechado,
864 1742 1408 1780 con que la tarde y la noche
860 1787 1348 1824 llevó en aqueste trabajo.
860 1833 1322 1869 Apenas que fue de dia,
864 1876 1338 1913 fué á la cocina volando,
866 1921 1436 1956 encendió una grande hoguera
860 1969 1346 2002 y una sarten alcanzando,
863 2010 1320 2045 el higado y la asadura
863 2052 1338 2089 lo hizo, muchos pedazos,
862 2097 1405 2133 con que dispuso el almuerzo
857 2145 1309 2177 y dentro de breve rato
864 2186 1386 2223 llamó el galan á la puerta,
855 2232 1299 2266 y cual rayo disparado
864 2275 1318 2312 bajó Ana María á abrir,
855 2323 1273 2356 y los dos regocijados
