1856 2564
264 190 690 228 Este quiso que Ginés
264 235 764 274 con unas cargas de paño
266 278 731 318 saliese á buscar la vida,
268 322 760 363 á cuyo tiempo ha llegado
266 366 690 406 un labrador á labrar
266 411 772 450 donde estaban enterrados
270 456 762 494 aquellos difuntos cuerpos,
268 500 796 541 el cual vido que una mano
266 543 751 582 sale de la misma tierra.
266 587 806 627 Aunque se quedó asustado:
270 630 756 670 tomó una azada y cabó:
268 675 776 714 y á pocos pasos que á dado
275 720 731 758 encontró con un seron,
276 765 782 801 y reparando que un brazo
275 808 734 845 y una mano sale de él,
268 851 701 890 á la ciudad ha llegado
274 897 781 934 buscando al señor álcalde,
276 941 787 980 le contó lo que ha pasado.
272 984 822 1024 Su merced mandó al instante
277 1030 770 1068 llamásen á un secretario,
272 1073 770 1110 y con todos sus ministros
276 1117 806 1156 con el labrador marcharon.
279 1162 814 1201 Al ver los difuntos cuerpos
273 1205 733 1243 se quedaron admirados
280 1250 740 1287 de ver caso semejante,
275 1294 775 1331 á la ciudad los llevaron.
280 1340 773 1376 al Vicario dieron cuenta,
277 1382 799 1422 y al punto los enterraron.
275 1426 797 1463 Así que corrió esta nueva,
282 1469 765 1507 vinieron sin ser llamados
278 1514 811 1552 muchos de la misma calle,
279 1559 724 1595 y al instante declararon
278 1602 734 1640 que Ginés y Ana María
284 1648 727 1684 andaban amancebados,
280 1690 818 1728 y que hace mas de cinco dias
284 1735 863 1774 que al marido no han hallado,
283 1779 800 1817 ni á sus dos hijos tampoco,
282 1823 835 1861 ni saben donde han parado;
284 1867 743 1904 por cuyas declaraciones
288 1911 743 1950 á la cárcel la llevaron.
294 1955 777 1992 Vamos buscando á Ginés,
286 2000 772 2038 que del caso descuidado
281 2045 805 2080 llegó á posar á úna venta,
283 2089 804 2127 y al ventero ha preguntado
287 2132 762 2169 si sabe algunas noticias;
287 2177 759 2215 el ventero ha replicado:
989 186 1428 218 aquí no sabemos mas
989 232 1507 263 que Ana María y su guapo
1001 275 1548 308 lieron muerte á Juan Martz.
1028 319 1568 352 y en el campo lo enterraron,
1035 363 1463 396 y á sus dos hijos con él,
1026 408 1531 439 y un hombre los ha hallado.
994 451 1375 486 Al oir estas razones
993 494 1514 527 quedó confuso y pasmado:
990 538 1506 572 sacó á la calle sus bestias,
999 582 1447 616 las cargas alli dejando,
995 626 1482 659 fingiendo iba á dar agua,
996 670 1577 704 tomó un camino entremanos!
995 714 1475 747 pero quiso Dios del cielo
1005 757 1424 792 qjue venia practicando
1001 801 1484 837 de aquella misma ciudad
1001 846 1533 880 dos ministros y un paisano.
999 890 1429 925 Así que lo conocieron
999 934 1529 968 entre los tres lo agarraron;
998 978 1399 1014 ataronle fuertemente
998 1023 1448 1059 y á la cárcel lo llevaron,
996 1067 1518 1102 donde lo cargan de hierro
1004 1109 1404 1146 para mas asegurarlo.
1004 1154 1467 1190 Por no querer confesar
1003 1199 1518 1234 al tormento los plantaron,
1049 1242 1500 1276 y apretando los cordeles,
1003 1287 1457 1321 al instante declararon,
1012 1331 1480 1366 Los metieron en capilla,
1043 1375 1474 1409 á los tres dias llegados,
1011 1418 1584 1454 por las calles de aquel pueblo
1011 1463 1475 1497 los sacaron árrastrando,
1018 1508 1522 1540 llegaron hasta el suplicio,
1011 1550 1424 1585 los subieron á lo alto
1010 1595 1532 1629 les mandan decir el Credo,
1009 1639 1497 1675 y contritos lo empezaron,
1010 1682 1518 1718 al decir creo en Jesucristo
1015 1728 1487 1762 el tornillo le apretaron.
1009 1772 1552 1805 De esto tomen escarmiento
1010 1816 1464 1850 todos los amancebados,
1011 1858 1505 1894 atendiendo que la muerte
1009 1902 1553 1937 siempre nos está llamando,
1011 1947 1604 1982 y que hemos de dar la cuenta
1013 1993 1491 2027 al Señor mas soberano.
1060 2038 1512 2070 Y aquí el poéta, señores,
1014 2080 1488 2115 á Dios quéda suplicando
1020 2124 1495 2159 que nos dé su bendicion,
1036 2168 1565 2204 despues la gloria en pago.
950 2260 1046 2292 FIN.
346 2348 1639 2396 CARMONA:—Imprenta de D. J. M. Moreno, Descalzas núm 1.
