1765 2512
178 249 219 306 8
127 317 551 357 y solo por alegrarla,
130 363 744 402 discurrieron cierto dia
132 411 562 449 unos torneos de gala
131 459 653 501 y con garvo, y gallardia,
135 506 655 545 el Principe salió en ellos;
130 554 624 593 mas á la primer corrida,
123 601 631 641 se le desbocó el caballo,
138 649 704 688 válgame Dios, qué desdicha!
127 699 605 738 Midió la tierra infelice,
129 748 568 785 y socoriéndole aprisa,
128 795 614 834 sin sentido lo llevaron
125 842 557 881 á Palacio, y la caida
127 891 707 930 tanto le atormentó el pecho,
138 939 648 977 que asi estuvo medio dia,
132 989 542 1026 de Fisicos rodeado,
139 1036 637 1075 y con nobles medicinas.
128 1084 688 1124 En esto al Rey le avisaron,
139 1133 575 1171 como á Palacio venia
132 1183 660 1220 el Conde con la Duquesa,
134 1231 725 1268 su sobrino, y su sobrina.
129 1279 643 1317 Salió el Rey á recibirlos,
133 1326 620 1365 y contando la desdicha
140 1375 700 1413 del Principe, dijo el Conde;
126 1423 728 1462 Pues gran Señor, mi venida;
128 1472 719 1511 solo es á pediros campo
136 1520 644 1557 contra quien me tiraniza
129 1568 641 1605 el honor con falsedades,
139 1617 662 1654 con promesas, y mentiras.
136 1665 674 1701 Contóse en fin, el suceso,
139 1713 735 1751 y el Rey suspenso se admira.
138 1760 681 1799 En esto el Príncipe vuelve
136 1810 617 1847 al poder de medicinas;
129 1859 689 1902 y cuando vió á la Duquesa,
854 308 1359 344 le dice: Prenda querida,
858 355 1515 396 tu eres Princesa de Albania
860 404 1376 440 aunque yo pierda la vida.
853 451 1450 488 En el otro mundo he estado,
863 500 1375 538 y aquella Imagen Divina,
864 549 1386 586 ante quien te di palabra,
860 597 1326 633 muy enojado me avisa,
868 644 1422 682 que te cumpla lo que debo,
858 692 1378 729 si no quiero ver sus iras:
862 740 1492 777 Con que mi Esposa has de ser,
863 788 1399 826 aunque me cueste la vida.
864 836 1414 873 El Rey replicó, pues como
859 884 1358 922 desairada queda mi hija?
868 934 1370 970 Y la Princesa responde,
861 982 1412 1018 mostrando grande alegria:
863 1030 1371 1066 Esposo tengo yo, Padre,
867 1076 1423 1115 tan bueno, y de tal estima.
863 1125 1495 1164 Quién es? le pregunta el Rey,
862 1174 1412 1211 el Conde hincó la rodilla,
863 1222 1467 1261 y en breve le ha dado cuenta
868 1271 1404 1308 de sus venturosas dichas,
868 1319 1386 1357 de su lealtad, y nobleza.
861 1368 1475 1405 y valor que le acredita.
859 1416 1458 1452 Con que toda Dinamarca
868 1463 1350 1502 con júbilos, y alegrias,
864 1511 1386 1549 celebraron las dos bodas,
863 1559 1427 1597 que se hicieron en un dia.
862 1609 1344 1645 De tan peregrino caso,
864 1656 1316 1694 tuvo Bermudo notica,
859 1704 1495 1748 y dio á la Prensa estos rasgos,
861 1755 1427 1792 y al Auditorio suplica
869 1801 1453 1840 que perdonen de su pluma,
863 1847 1501 1888 las faltas que aqui se admiran.
806 1994 910 2146 FIN.
653 2289 1041 2331 CARMONA—1858.
205 2332 1471 2386 Imprenta de D. J. M. Moreno, calle Juan de la Cabra núm. 4.
