1765 2512
112 214 153 275 4
62 278 527 320 otorgaron la Embajada
63 326 553 370 con alegria, y con fiesta;
61 374 581 422 y despues de ya otorgada
57 422 627 469 le dan cuenta á la Princesa.
71 471 565 514 la cual pesarosa, y triste
75 517 737 560 viendo á su amante en la guerra,
65 565 643 612 y viendo, que de este lance
59 616 597 660 no tiene quien la defienda
73 667 523 713 y que toda Dinamarca
77 716 565 757 que se case le amonesta,
68 765 523 803 mirando por este lazo
72 810 647 849 del Reino las conveniencias:
67 858 585 899 solloza, gime, y suspira,
69 906 619 945 sin tener quien la defienda.
67 956 479 996 En esto un año pasó
79 1003 595 1042 cuando vino de la guerra
79 1053 495 1090 el General Federico,
77 1103 540 1138 victorioso, de manera,
79 1147 591 1188 que banderas, y despojos
77 1196 585 1235 dicen su victoria escelsa.
86 1246 564 1283 Y con aquesta noticias,
79 1293 597 1335 previene solemnes fiestas
81 1342 575 1380 en la grande Dinamarca;
91 1389 547 1429 y fue para la Princesa,
99 1439 587 1477 uzgando fuese su alivio,
123 1486 617 1525 noticia, que mas le alegra.
133 1530 761 1572 Entró el Conde, y luego al punto
135 1586 451 1620 á recibirle saliera
145 1630 696 1668 el Rey con todos sus Grandes;
149 1677 619 1716 salió tambien la Princesa
148 1727 578 1765 en carroza de Cristales,
143 1775 572 1812 á darle la enhorabuena.
143 1820 659 1862 Muy alegre estaba el Conde
139 1870 761 1909 cuando el Rey le ha dado cuenta,
119 1922 477 1957 como tenia casada
95 1970 513 2007 á su hija la Princesa;
107 2018 581 2055 el Conde quedó turbado,
807 263 1387 305 y embargadas las pontencias;
803 313 1315 354 tanto, que al Rey pareció,
803 359 1295 402 que aquel accidente era
802 409 1323 451 que le asaltan de repente;
803 458 1339 501 y luego al instante ordena,
803 508 1275 550 que le lleven á su casa,
809 555 1331 593 cuidando de su asistencia.
807 599 1355 642 La Princesa luego al punto
809 650 1373 690 al Conde escribió dos letras,
803 697 1369 738 diciendo, que aquella noche
810 747 1234 787 de su jardin á la reja
801 795 1324 834 le espera sin falta alguna.
801 842 1391 884 Y el Conde fue con presteza,
803 891 1395 934 y antes que el Conde llegase,
801 941 1242 980 le conoce la Princesa;
808 986 1307 1027 le dice: Conde, y Señor,
803 1032 1417 1076 muchas desdichas me cercan,
811 1086 1253 1122 yo muero desesperada,
805 1132 1359 1171 si es que tu no lo remedias:
803 1181 1320 1220 llévame, mi bien de aquí,
811 1225 1373 1269 que donde quiera que fueras
819 1275 1345 1316 quiero ser pobre á tu lado.
807 1324 1341 1366 y no en Dinamarca Reina.
811 1371 1269 1412 El Conde le respondió:
807 1420 1349 1461 No es posible, mi Princesa,
809 1468 1329 1509 porque será gran traicion
807 1517 1353 1558 á mi sangre, y mi nobleza.
815 1564 1291 1605 La Princesa, que le vió
815 1615 1311 1654 tan semejante respuesta,
813 1661 1281 1702 corrida, y desesperada
809 1710 1297 1750 le dice de esta manera:
816 1756 1383 1799 aleve, Conde, mal me pagas
815 1808 1319 1847 mi cariño, y mi firmeza;
823 1858 1283 1898 y cerrando la ventana,
822 1902 1352 1943 se fue á llorar. Donde deja
811 1946 1425 1992 Bernardo de aquesta Historia
815 2000 1287 2041 aquesta parte primera.
270 2080 1328 2246 Fin de la primera parte.
