1737 2508
283 204 832 254 que yo empeño mi palabra
293 255 832 300 de hacer vivas diligencias.
282 301 872 349 aunque en el cabo del Mundo
293 352 768 396 ese Principe estubiera.
287 400 851 445 La Princesa luego al punto,
295 448 800 492 metiendo su mano bella,
303 496 812 540 sacó del pecho un espejo,
298 545 788 586 y se lo dió muy risueña;
310 595 801 634 el Conde quedó turbado,
308 643 742 681 y le dice la Princesa:
308 684 956 731 Pues, Conde, de qué os turbais?
310 735 838 779 Y el Conde le respondiera:
305 785 800 827 Princesa, y Señora mia,
317 834 839 874 es posible de que quieras,
315 881 860 924 habiendo Principes tantos,
319 928 853 973 que aspiran á tu gnandeza,
317 974 817 1020 pagarte tan mal; Señora?
317 1025 892 1067 Mira, advierte, y considera,
313 1064 979 1118 el que yo soy tu masallo,
328 1113 980 1164 tú mi dueño, y mi Princesa:
322 1160 974 1213 Ya he llegado á declararte
322 1209 977 1261 le dijo en palabras tiernas;
328 1257 973 1309 y asi, Conde ltu has de ser
328 1305 979 1359 el que ciña esta Diadema.
336 1354 974 1406 Considere aquilel discreto
332 1411 856 1452 cuando ruega una belleza
337 1459 884 1502 cuando una Corona obliga,
343 1506 880 1551 y un Reyno se le presenta,
331 1554 907 1598 que pudiera hacer ninguno,
332 1603 879 1645 sino admitir la propuesta;
338 1652 801 1694 respondióle cortesano.
346 1698 853 1742 Y Cupido con dos flechas
339 1743 886 1791 hirió sus dos corazones
340 1797 817 1838 recíprocos, de manera,
351 1843 883 1887 que se beben los alientos;
360 1893 877 1935 pero esto con la decencia,
365 1940 908 1984 porque nunca á lo atrevido
352 1988 883 2033 abrieron la francá puerta.
354 2037 906 2081 A este tiempo á Dinamarca
349 2085 805 2130 le puso guerra Suecia,
359 2132 941 2179 y el Rey entonces, al Conde
353 2184 865 2225 lo envió, para que fuera,
355 2233 829 2274 como su gran General,
1606 122 1647 168 3
1012 184 1555 231 á resistir tanta fuerza.
1022 232 1566 280 Obedeció el Conde, y luego
1023 282 1549 328 se fue á ver á la Princesa
1025 330 1533 378 diciendo lo que su Padre
1023 382 1553 426 manda, dispone, y ordena:
1019 428 1549 474 la Princesa aunque sentia
1027 477 1513 522 de Federico la ausencia,
1031 527 1438 570 con ánimo generoso,
1034 572 1545 619 para que fuera le alienta:
1040 617 1619 668 presentóle un Cisne hermoso
1038 668 1524 716 que sin duda alguna era
1039 719 1525 761 de aquel Carro fabuloso,
1048 764 1584 809 que han fingido los Poétas.
1039 812 1619 858 Mucho lo agradece el Conde,
1046 858 1599 904 y á su hermana la Duquesa
1052 908 1557 955 cuenta dá de su partida,
1054 956 1551 1001 y su hermana le presenta
1043 1003 1607 1052 armas, y una Compañia
1046 1047 1713 1097 de esclarecida Nobleza,
1058 1094 1701 1149 para la guardia, y custodia
1050 1146 1688 1194 de su persona discreta.
1056 1190 1711 1243 Partió luego Federicos
1052 1238 1723 1291 dándole alaire banderas
1052 1294 1513 1339 desplegando tafetanes;
1006 1341 1547 1389 y las cajas, y trompetas
1068 1389 1567 1436 para la Princesa hermosa
1066 1437 1586 1485 son saétas que atraviesan
1066 1485 1551 1531 aquel corazon amante
1064 1535 1556 1579 de la constante firmeza.
1072 1575 1719 1627 Fuese el Conde, donde dejo
1067 1624 1729 1677 en sus marchas, y en sus guerras
1076 1673 1674 1726 por decir, que en Dinamarca,
1077 1726 1583 1774 en aqueste tiempo entra
1080 1775 1607 1821 de Albania un Embajador;
1074 1823 1564 1870 y asi que tuvo licencia
1084 1867 1714 1919 de presentar su Embajada,
1084 1919 1568 1966 va pidiendo la Princesa
1090 1970 1599 2015 para el Principe Albanés:
1090 2020 1637 2059 y viendo las conveniencias,
1080 2064 1640 2113 que al Reino de Dinamarca
1076 2113 1676 2159 se siguen de esta propuesta:
1076 2162 1629 2207 El Rey, y el Consejo todo,
1080 2212 1667 2256 sin dar cuenta á la Princesa,
