1752 2480
217 89 743 126 Y en fin no sois de provecho
220 134 623 170 en cosa de las criadas:
213 181 638 213 y por lo tanto leruego
219 222 682 261 a Dios con pias entrañas,
218 266 696 306 que os llene de sarampion,
216 311 704 349 de ladillas, lepra, y sarna,
220 355 619 390 tabardillo, calenturas,
214 398 660 439 de viruelas, y tercianas,
216 444 716 483 dolor de muelas, y dientes,
218 487 654 525 el de jaqueca, la hijada,
212 533 752 571 mal de piedra, y de la orina,
216 578 782 621 que os dé pujos, y almorranas,
212 622 618 660 sabañones en los pies,
213 668 760 708 las piernas traigan hinchadas,
210 713 698 747 y que las manos cubiertas
212 756 650 794 tengais de flema salada,
212 800 648 837 en los pechos zaratanes,
205 845 704 883 en el pescuezo, y garganta
211 889 694 926 traigais el fuego, y la tiña,
212 932 726 971 y en vuestro cuerpo morada
210 977 732 1020 hagan de San Blas las bubas;
212 1023 615 1060 y de Lazaro las llagas:
203 1069 665 1105 y qué mas? no digo mas,
205 1114 718 1150 porque alli aquella taimada
204 1157 640 1193 con los ojos me la jura,
202 1203 722 1240 y quiero huir de sus garras,
205 1247 681 1281 porque es efigie, y retráto
212 1290 680 1329 de aquella viega malvada,
204 1334 680 1373 que al bendito San Anton
208 1378 658 1421 con la fruta le brindaba,
947 97 1425 140 llevando en ella mezclado
952 140 1406 183 el veneno, que ocultaba
950 186 1370 228 aquel corazon maldito;
949 230 1427 272 mas el Santo, en quien se hallaban
952 274 1400 316 todas las virtudes juntas,
956 318 1452 363 como su sentro, y morada,
950 361 1364 404 resistió con gran valor
948 407 1380 454 la diabolica asechanza,
948 453 1411 496 quedando la infame viega
948 496 1396 540 arrepentida, y burlada,
950 540 1398 584 y así os pido, santo mio,
948 583 1430 628 que antes que de aqui me vaya
952 628 1398 673 un rayo de vuestro fuego
948 674 1410 718 desateis con furias tantas,
952 717 1453 764 que á estas infernales viejas
946 763 1433 809 les abrase las entrañas,
948 807 1427 850 para que viendo las mozas
946 850 1486 899 el fin en que aquestas paran,
944 894 1330 938 traten de sevir á Dios,
936 939 1414 989 recogiendose en sus casas,
946 984 1398 1031 dejando estas compañias,
946 1029 1405 1073 pues todo el año cargadas
938 1073 1360 1116 de medallas yRosarios,
938 1117 1478 1164 traen la opinion muy sentada
940 1162 1459 1210 de que sus almas son justas,
933 1205 1370 1251 y son hipocritas falsas.
940 1250 1418 1299 En fin, de viejas, y mozas,
934 1295 1338 1338 de solteras, y casadas
931 1343 1597 1390 ruego á Dios que en todo el mundo
935 1387 1373 1430 no quede una sin calva,
702 1676 1116 1732 FIN.
666 2032 1104 2072 CARMONA:—1881.
214 2074 1582 2141 Imp, de D. José María Moreno, calle de Madre de Dios, núm. 1.
