<?xml version="1.0" encoding="UTF-8" standalone="yes"?>
<PcGts xmlns="http://schema.primaresearch.org/PAGE/gts/pagecontent/2013-07-15" xmlns:xsi="http://www.w3.org/2001/XMLSchema-instance" xsi:schemaLocation="http://schema.primaresearch.org/PAGE/gts/pagecontent/2013-07-15 http://schema.primaresearch.org/PAGE/gts/pagecontent/2013-07-15/pagecontent.xsd">
    <Metadata>
        <Creator>prov=University of Rostock/Institute of Mathematics/CITlab|PLANET AI GmbH/Gundram Leifert/gundram.leifert@planet-ai.de:name=Pliegos de Cordel (XIXe) - v4(htr_id=27283)::::v=2.6.7
prov=University of Rostock/Institute of Mathematics/CITlab|PLANET AI GmbH/Tobias Gruening/tobias.gruening@planet-ai.de:name=de.uros.citlab.module.baseline2polygon.B2PSeamMultiOriented:v=2.6.7
prov=University of Rostock/Institute of Mathematics/CITlab|PLANET AI GmbH/Tobias Gruening/tobias.gruening@planet-ai.de:name=/net_tf/LA73_249_0mod360.pb:de.uros.citlab.segmentation.CITlab_LA_ML:v=2.6.7
Transkribus</Creator>
        <Created>2020-10-27T12:00:40.278+01:00</Created>
        <LastChange>2020-11-03T16:23:58.903+01:00</LastChange>
        <TranskribusMetadata docId="525395" pageId="22319752" pageNr="27" tsid="47689173" status="DONE" userId="66244" imgUrl="https://files.transkribus.eu/Get?id=KHAXBVFTHMSZONJWNQIGZKFR&amp;fileType=view" xmlUrl="https://files.transkribus.eu/Get?id=RYOUGEIJANGWIYKOHHNOHFXP" imageId="17389251"/>
    </Metadata>
    <Page imageFilename="Moreno_331_3.jpeg" imageWidth="1737" imageHeight="2508">
        <ReadingOrder>
            <OrderedGroup id="ro_1607004607412" caption="Regions reading order">
                <RegionRefIndexed index="0" regionRef="r1"/>
                <RegionRefIndexed index="1" regionRef="region_1604416783181_572"/>
            </OrderedGroup>
        </ReadingOrder>
        <TextRegion orientation="0.0" id="r1" custom="readingOrder {index:0;}">
            <Coords points="127,66 127,2114 788,2114 788,66"/>
            <TextLine id="r1l2" custom="readingOrder {index:0;}">
                <Coords points="134,118 167,120 201,122 235,123 269,123 303,124 337,123 371,123 405,122 439,120 473,119 506,118 540,116 574,115 608,113 642,112 676,110 710,109 744,108 778,108 812,108 812,78 778,78 744,78 710,79 676,80 642,82 608,83 574,85 540,86 506,88 473,89 439,90 405,92 371,93 337,93 303,94 269,93 235,93 201,92 167,90 134,88"/>
                <Baseline points="134,108 167,110 201,112 235,113 269,113 303,114 337,113 371,113 405,112 439,110 473,109 506,108 540,106 574,105 608,103 642,102 676,100 710,99 744,98 778,98 812,98"/>
                <TextEquiv>
                    <Unicode>por vér si algun inocente</Unicode>
                </TextEquiv>
            </TextLine>
            <TextLine id="r1l8" custom="readingOrder {index:1;}">
                <Coords points="135,162 160,163 186,165 211,166 237,167 262,168 288,168 313,168 339,167 365,167 390,167 416,166 441,165 467,164 492,164 518,163 543,162 569,161 595,161 595,131 569,131 543,132 518,133 492,134 467,134 441,135 416,136 390,137 365,137 339,137 313,138 288,138 262,138 237,137 211,136 186,135 160,133 135,132"/>
                <Baseline points="135,152 160,153 186,155 211,156 237,157 262,158 288,158 313,158 339,157 365,157 390,157 416,156 441,155 467,154 492,154 518,153 543,152 569,151 595,151"/>
                <TextEquiv>
                    <Unicode>en estas redes se enlaza.</Unicode>
                </TextEquiv>
            </TextLine>
            <TextLine id="r1l12" custom="readingOrder {index:2;}">
                <Coords points="127,206 153,207 180,209 206,209 233,210 259,211 286,211 312,211 339,211 365,211 392,210 418,209 445,208 471,207 498,205 525,204 525,174 498,175 471,177 445,178 418,179 392,180 365,181 339,181 312,181 286,181 259,181 233,180 206,179 180,179 153,177 127,176"/>
                <Baseline points="127,196 153,197 180,199 206,199 233,200 259,201 286,201 312,201 339,201 365,201 392,200 418,199 445,198 471,197 498,195 525,194"/>
                <TextEquiv>
                    <Unicode>Señores vivid alerta,</Unicode>
                </TextEquiv>
            </TextLine>
            <TextLine id="r1l16" custom="readingOrder {index:3;}">
                <Coords points="135,251 162,252 189,253 216,254 244,254 271,255 298,255 325,255 353,254 380,254 407,253 434,252 462,251 489,250 516,249 543,248 571,246 598,245 625,243 652,242 680,240 680,210 652,212 625,213 598,215 571,216 543,218 516,219 489,220 462,221 434,222 407,223 380,224 353,224 325,225 298,225 271,225 244,224 216,224 189,223 162,222 135,221"/>
                <Baseline points="135,241 162,242 189,243 216,244 244,244 271,245 298,245 325,245 353,244 380,244 407,243 434,242 462,241 489,240 516,239 543,238 571,236 598,235 625,233 652,232 680,230"/>
                <TextEquiv>
                    <Unicode>porque esta infame canalla</Unicode>
                </TextEquiv>
            </TextLine>
            <TextLine id="r1l21" custom="readingOrder {index:4;}">
                <Coords points="139,294 164,295 190,297 216,298 241,298 267,299 293,299 318,299 344,298 370,298 395,297 421,296 447,294 472,293 498,291 524,290 549,288 575,285 601,284 627,281 627,251 601,254 575,255 549,258 524,260 498,261 472,263 447,264 421,266 395,267 370,268 344,268 318,269 293,269 267,269 241,268 216,268 190,267 164,265 139,264"/>
                <Baseline points="139,284 164,285 190,287 216,288 241,288 267,289 293,289 318,289 344,288 370,288 395,287 421,286 447,284 472,283 498,281 524,280 549,278 575,275 601,274 627,271"/>
                <TextEquiv>
                    <Unicode>todo se le vá en pensar</Unicode>
                </TextEquiv>
            </TextLine>
            <TextLine id="r1l25" custom="readingOrder {index:5;}">
                <Coords points="137,339 162,341 188,342 214,343 240,343 266,343 292,343 318,342 344,341 370,340 396,339 422,337 448,336 474,334 500,333 526,332 552,331 578,331 604,330 630,330 630,300 604,300 578,301 552,301 526,302 500,303 474,304 448,306 422,307 396,309 370,310 344,311 318,312 292,313 266,313 240,313 214,313 188,312 162,311 137,309"/>
                <Baseline points="137,329 162,331 188,332 214,333 240,333 266,333 292,333 318,332 344,331 370,330 396,329 422,327 448,326 474,324 500,323 526,322 552,321 578,321 604,320 630,320"/>
                <TextEquiv>
                    <Unicode>los enredos; y las trazas,</Unicode>
                </TextEquiv>
            </TextLine>
            <TextLine id="r1l29" custom="readingOrder {index:6;}">
                <Coords points="136,386 167,386 198,386 229,386 260,385 292,385 323,384 354,383 385,382 416,381 448,380 479,379 510,378 541,378 572,377 604,377 635,376 666,376 697,377 728,377 760,378 760,348 728,347 697,347 666,346 635,346 604,347 572,347 541,348 510,348 479,349 448,350 416,351 385,352 354,353 323,354 292,355 260,355 229,356 198,356 167,356 136,356"/>
                <Baseline points="136,376 167,376 198,376 229,376 260,375 292,375 323,374 354,373 385,372 416,371 448,370 479,369 510,368 541,368 572,367 604,367 635,366 666,366 697,367 728,367 760,368"/>
                <TextEquiv>
                    <Unicode>que han de urdir para buscarnos:</Unicode>
                </TextEquiv>
            </TextLine>
            <TextLine id="r1l34" custom="readingOrder {index:7;}">
                <Coords points="140,429 170,429 200,428 231,428 261,427 292,427 322,426 353,425 383,425 414,424 444,423 475,423 505,422 536,421 566,421 597,420 627,420 658,420 688,419 719,419 719,389 688,389 658,390 627,390 597,390 566,391 536,391 505,392 475,393 444,393 414,394 383,395 353,395 322,396 292,397 261,397 231,398 200,398 170,399 140,399"/>
                <Baseline points="140,419 170,419 200,418 231,418 261,417 292,417 322,416 353,415 383,415 414,414 444,413 475,413 505,412 536,411 566,411 597,410 627,410 658,410 688,409 719,409"/>
                <TextEquiv>
                    <Unicode>nuestra ruina, y desgracia;</Unicode>
                </TextEquiv>
            </TextLine>
            <TextLine id="r1l37" custom="readingOrder {index:8;}">
                <Coords points="136,475 168,473 200,472 233,471 265,470 297,470 330,469 362,469 394,469 427,469 459,468 491,468 524,468 556,468 588,468 621,467 653,467 685,466 718,465 750,463 783,462 783,432 750,433 718,435 685,436 653,437 621,437 588,438 556,438 524,438 491,438 459,438 427,439 394,439 362,439 330,439 297,440 265,440 233,441 200,442 168,443 136,445"/>
                <Baseline points="136,465 168,463 200,462 233,461 265,460 297,460 330,459 362,459 394,459 427,459 459,458 491,458 524,458 556,458 588,458 621,457 653,457 685,456 718,455 750,453 783,452"/>
                <TextEquiv>
                    <Unicode>pues es nuestra desventura,</Unicode>
                </TextEquiv>
            </TextLine>
            <TextLine id="r1l39" custom="readingOrder {index:9;}">
                <Coords points="137,517 169,516 201,515 234,515 266,515 298,514 331,514 363,514 395,514 428,514 460,514 492,514 525,513 557,513 589,512 622,511 654,510 686,509 719,507 751,505 784,502 784,472 751,475 719,477 686,479 654,480 622,481 589,482 557,483 525,483 492,484 460,484 428,484 395,484 363,484 331,484 298,484 266,485 234,485 201,485 169,486 137,487"/>
                <Baseline points="137,507 169,506 201,505 234,505 266,505 298,504 331,504 363,504 395,504 428,504 460,504 492,504 525,503 557,503 589,502 622,501 654,500 686,499 719,497 751,495 784,492"/>
                <TextEquiv>
                    <Unicode>y nuestra miseria tanta.</Unicode>
                </TextEquiv>
            </TextLine>
            <TextLine id="r1l42" custom="readingOrder {index:10;}">
                <Coords points="144,560 169,560 195,559 221,559 247,559 273,559 299,558 325,558 351,558 377,558 402,558 428,557 454,557 480,557 506,557 532,557 558,557 584,557 610,557 610,527 584,527 558,527 532,527 506,527 480,527 454,527 428,527 402,528 377,528 351,528 325,528 299,528 273,529 247,529 221,529 195,529 169,530 144,530"/>
                <Baseline points="144,550 169,550 195,549 221,549 247,549 273,549 299,548 325,548 351,548 377,548 402,548 428,547 454,547 480,547 506,547 532,547 558,547 584,547 610,547"/>
                <TextEquiv>
                    <Unicode>que es el mayor enemigo</Unicode>
                </TextEquiv>
            </TextLine>
            <TextLine id="r1l45" custom="readingOrder {index:11;}">
                <Coords points="143,602 168,603 193,603 218,603 243,604 268,604 293,604 319,604 344,603 369,603 394,603 419,602 444,602 469,602 495,602 520,601 545,601 570,601 595,601 620,601 646,601 646,571 620,571 595,571 570,571 545,571 520,571 495,572 469,572 444,572 419,572 394,573 369,573 344,573 319,574 293,574 268,574 243,574 218,573 193,573 168,573 143,572"/>
                <Baseline points="143,592 168,593 193,593 218,593 243,594 268,594 293,594 319,594 344,593 369,593 394,593 419,592 444,592 469,592 495,592 520,591 545,591 570,591 595,591 620,591 646,591"/>
                <TextEquiv>
                    <Unicode>que hane guerra á nuestros almas:</Unicode>
                </TextEquiv>
            </TextLine>
            <TextLine id="r1l48" custom="readingOrder {index:12;}">
                <Coords points="141,647 167,648 193,648 219,648 245,648 271,647 297,647 324,647 350,647 376,646 402,646 428,646 454,645 480,645 507,645 533,644 559,644 585,644 611,644 637,644 664,644 664,614 637,614 611,614 585,614 559,614 533,614 507,615 480,615 454,615 428,616 402,616 376,616 350,617 324,617 297,617 271,617 245,618 219,618 193,618 167,618 141,617"/>
                <Baseline points="141,637 167,638 193,638 219,638 245,638 271,637 297,637 324,637 350,637 376,636 402,636 428,636 454,635 480,635 507,635 533,634 559,634 585,634 611,634 637,634 664,634"/>
                <TextEquiv>
                    <Unicode>aqueste infame avechucho,</Unicode>
                </TextEquiv>
            </TextLine>
            <TextLine id="r1l51" custom="readingOrder {index:13;}">
                <Coords points="135,689 165,690 196,691 226,691 257,692 288,692 318,691 349,691 379,691 410,690 441,690 471,689 502,689 532,688 563,688 594,687 624,687 655,687 685,688 716,688 747,689 747,659 716,658 685,658 655,657 624,657 594,657 563,658 532,658 502,659 471,659 441,660 410,660 379,661 349,661 318,661 288,662 257,662 226,661 196,661 165,660 135,659"/>
                <Baseline points="135,679 165,680 196,681 226,681 257,682 288,682 318,681 349,681 379,681 410,680 441,680 471,679 502,679 532,678 563,678 594,677 624,677 655,677 685,678 716,678 747,679"/>
                <TextEquiv>
                    <Unicode>y asi hermanos, ni aun mirarlas, </Unicode>
                </TextEquiv>
            </TextLine>
            <TextLine id="r1l54" custom="readingOrder {index:14;}">
                <Coords points="142,736 171,736 200,736 229,735 258,735 287,735 316,734 345,734 374,733 403,733 432,732 461,732 490,732 519,731 548,731 577,731 606,731 635,732 664,732 693,733 722,734 722,704 693,703 664,702 635,702 606,701 577,701 548,701 519,701 490,702 461,702 432,702 403,703 374,703 345,704 316,704 287,705 258,705 229,705 200,706 171,706 142,706"/>
                <Baseline points="142,726 171,726 200,726 229,725 258,725 287,725 316,724 345,724 374,723 403,723 432,722 461,722 490,722 519,721 548,721 577,721 606,721 635,722 664,722 693,723 722,724"/>
                <TextEquiv>
                    <Unicode>ni aun oir mentar sus nombres</Unicode>
                </TextEquiv>
            </TextLine>
            <TextLine id="r1l56" custom="readingOrder {index:15;}">
                <Coords points="141,781 170,780 200,780 229,779 259,779 289,779 318,779 348,779 378,778 407,778 437,778 467,778 496,778 526,778 556,777 585,777 615,776 645,776 674,775 704,774 734,773 734,743 704,744 674,745 645,746 615,746 585,747 556,747 526,748 496,748 467,748 437,748 407,748 378,748 348,749 318,749 289,749 259,749 229,749 200,750 170,750 141,751"/>
                <Baseline points="141,771 170,770 200,770 229,769 259,769 289,769 318,769 348,769 378,768 407,768 437,768 467,768 496,768 526,768 556,767 585,767 615,766 645,766 674,765 704,764 734,763"/>
                <TextEquiv>
                    <Unicode>ni verlas, ni conversarlas,</Unicode>
                </TextEquiv>
            </TextLine>
            <TextLine id="r1l60" custom="readingOrder {index:16;}">
                <Coords points="143,825 168,825 193,825 219,825 244,825 269,824 295,824 320,824 345,823 371,823 396,823 421,822 447,822 472,822 497,822 523,822 548,822 573,823 599,823 599,793 573,793 548,792 523,792 497,792 472,792 447,792 421,792 396,793 371,793 345,793 320,794 295,794 269,794 244,795 219,795 193,795 168,795 143,795"/>
                <Baseline points="143,815 168,815 193,815 219,815 244,815 269,814 295,814 320,814 345,813 371,813 396,813 421,812 447,812 472,812 497,812 523,812 548,812 573,813 599,813"/>
                <TextEquiv>
                    <Unicode>su trato, y conversacion;</Unicode>
                </TextEquiv>
            </TextLine>
            <TextLine id="r1l64" custom="readingOrder {index:17;}">
                <Coords points="139,868 164,869 190,870 216,870 241,870 267,870 293,869 318,869 344,869 370,868 396,868 421,867 447,867 473,867 498,868 524,868 550,869 576,871 576,841 550,839 524,838 498,838 473,837 447,837 421,837 396,838 370,838 344,839 318,839 293,839 267,840 241,840 216,840 190,840 164,839 139,838"/>
                <Baseline points="139,858 164,859 190,860 216,860 241,860 267,860 293,859 318,859 344,859 370,858 396,858 421,857 447,857 473,857 498,858 524,858 550,859 576,861"/>
                <TextEquiv>
                    <Unicode>es sacar algunas faltas,</Unicode>
                </TextEquiv>
            </TextLine>
            <TextLine id="r1l68" custom="readingOrder {index:18;}">
                <Coords points="150,913 175,914 201,915 227,915 253,915 279,915 305,914 331,913 357,913 383,912 409,911 435,911 461,911 487,911 513,911 539,912 565,914 565,884 539,882 513,881 487,881 461,881 435,881 409,881 383,882 357,883 331,883 305,884 279,885 253,885 227,885 201,885 175,884 150,883"/>
                <Baseline points="150,903 175,904 201,905 227,905 253,905 279,905 305,904 331,903 357,903 383,902 409,901 435,901 461,901 487,901 513,901 539,902 565,904"/>
                <TextEquiv>
                    <Unicode>que uno no tiene en sí;</Unicode>
                </TextEquiv>
            </TextLine>
            <TextLine id="r1l71" custom="readingOrder {index:19;}">
                <Coords points="142,960 175,958 209,958 242,957 276,956 309,956 343,956 376,956 410,956 443,956 477,956 510,956 544,955 577,955 611,954 644,954 678,953 711,952 745,950 778,948 812,946 812,916 778,918 745,920 711,922 678,923 644,924 611,924 577,925 544,925 510,926 477,926 443,926 410,926 376,926 343,926 309,926 276,926 242,927 209,928 175,928 142,930"/>
                <Baseline points="142,950 175,948 209,948 242,947 276,946 309,946 343,946 376,946 410,946 443,946 477,946 510,946 544,945 577,945 611,944 644,944 678,943 711,942 745,940 778,938 812,936"/>
                <TextEquiv>
                    <Unicode>sino porque se las fraguan</Unicode>
                </TextEquiv>
            </TextLine>
            <TextLine id="r1l74" custom="readingOrder {index:20;}">
                <Coords points="148,1001 173,1002 199,1002 225,1002 251,1002 277,1002 303,1001 329,1000 354,999 380,999 406,998 432,998 458,998 484,998 510,999 536,1000 536,970 510,969 484,968 458,968 432,968 406,968 380,969 354,969 329,970 303,971 277,972 251,972 225,972 199,972 173,972 148,971"/>
                <Baseline points="148,991 173,992 199,992 225,992 251,992 277,992 303,991 329,990 354,989 380,989 406,988 432,988 458,988 484,988 510,989 536,990"/>
                <TextEquiv>
                    <Unicode>Pues cuando van por la calle</Unicode>
                </TextEquiv>
            </TextLine>
            <TextLine id="r1l79" custom="readingOrder {index:21;}">
                <Coords points="145,1046 171,1046 197,1046 224,1046 250,1046 277,1046 303,1045 329,1045 356,1044 382,1044 409,1043 435,1043 461,1043 488,1044 514,1044 541,1046 567,1047 594,1049 594,1019 567,1017 541,1016 514,1014 488,1014 461,1013 435,1013 409,1013 382,1014 356,1014 329,1015 303,1015 277,1016 250,1016 224,1016 197,1016 171,1016 145,1016"/>
                <Baseline points="145,1036 171,1036 197,1036 224,1036 250,1036 277,1036 303,1035 329,1035 356,1034 382,1034 409,1033 435,1033 461,1033 488,1034 514,1034 541,1036 567,1037 594,1039"/>
                <TextEquiv>
                    <Unicode>con el mantillo setapan; </Unicode>
                </TextEquiv>
            </TextLine>
            <TextLine id="r1l84" custom="readingOrder {index:22;}">
                <Coords points="146,1089 171,1090 197,1091 223,1092 249,1092 274,1092 300,1091 326,1090 352,1090 377,1089 403,1088 429,1088 455,1088 480,1088 506,1088 532,1090 558,1091 584,1093 584,1063 558,1061 532,1060 506,1058 480,1058 455,1058 429,1058 403,1058 377,1059 352,1060 326,1060 300,1061 274,1062 249,1062 223,1062 197,1061 171,1060 146,1059"/>
                <Baseline points="146,1079 171,1080 197,1081 223,1082 249,1082 274,1082 300,1081 326,1080 352,1080 377,1079 403,1078 429,1078 455,1078 480,1078 506,1078 532,1080 558,1081 584,1083"/>
                <TextEquiv>
                    <Unicode>que parece que no vén;,</Unicode>
                </TextEquiv>
            </TextLine>
            <TextLine id="r1l87" custom="readingOrder {index:23;}">
                <Coords points="147,1137 173,1136 199,1136 225,1135 252,1135 278,1134 304,1134 330,1134 357,1134 383,1134 409,1134 435,1134 462,1134 488,1135 514,1135 540,1135 567,1136 593,1137 619,1138 646,1139 646,1109 619,1108 593,1107 567,1106 540,1105 514,1105 488,1105 462,1104 435,1104 409,1104 383,1104 357,1104 330,1104 304,1104 278,1104 252,1105 225,1105 199,1106 173,1106 147,1107"/>
                <Baseline points="147,1127 173,1126 199,1126 225,1125 252,1125 278,1124 304,1124 330,1124 357,1124 383,1124 409,1124 435,1124 462,1124 488,1125 514,1125 540,1125 567,1126 593,1127 619,1128 646,1129"/>
                <TextEquiv>
                    <Unicode>y quemando ván á cuantas</Unicode>
                </TextEquiv>
            </TextLine>
            <TextLine id="r1l91" custom="readingOrder {index:24;}">
                <Coords points="152,1180 177,1180 202,1180 227,1180 253,1179 278,1179 303,1179 328,1179 354,1178 379,1178 404,1178 429,1178 455,1178 480,1178 505,1178 530,1179 556,1179 581,1180 606,1181 632,1182 632,1152 606,1151 581,1150 556,1149 530,1149 505,1148 480,1148 455,1148 429,1148 404,1148 379,1148 354,1148 328,1149 303,1149 278,1149 253,1149 227,1150 202,1150 177,1150 152,1150"/>
                <Baseline points="152,1170 177,1170 202,1170 227,1170 253,1169 278,1169 303,1169 328,1169 354,1168 379,1168 404,1168 429,1168 455,1168 480,1168 505,1168 530,1169 556,1169 581,1170 606,1171 632,1172"/>
                <TextEquiv>
                    <Unicode>encuentran en el camino;</Unicode>
                </TextEquiv>
            </TextLine>
            <TextLine id="r1l95" custom="readingOrder {index:25;}">
                <Coords points="149,1224 174,1224 200,1224 225,1224 251,1224 276,1224 302,1224 327,1224 353,1224 378,1224 404,1224 429,1224 455,1224 480,1224 506,1224 531,1224 557,1225 582,1225 608,1225 633,1226 659,1226 659,1196 633,1196 608,1195 582,1195 557,1195 531,1194 506,1194 480,1194 455,1194 429,1194 404,1194 378,1194 353,1194 327,1194 302,1194 276,1194 251,1194 225,1194 200,1194 174,1194 149,1194"/>
                <Baseline points="149,1214 174,1214 200,1214 225,1214 251,1214 276,1214 302,1214 327,1214 353,1214 378,1214 404,1214 429,1214 455,1214 480,1214 506,1214 531,1214 557,1215 582,1215 608,1215 633,1216 659,1216"/>
                <TextEquiv>
                    <Unicode>ponièndoles cien mil tachas</Unicode>
                </TextEquiv>
            </TextLine>
            <TextLine id="r1l100" custom="readingOrder {index:26;}">
                <Coords points="156,1270 181,1270 207,1269 232,1269 258,1269 283,1268 309,1268 334,1267 360,1267 385,1267 411,1266 436,1266 462,1265 487,1265 513,1265 538,1264 564,1264 589,1263 615,1263 640,1262 666,1262 666,1232 640,1232 615,1233 589,1233 564,1234 538,1234 513,1235 487,1235 462,1235 436,1236 411,1236 385,1237 360,1237 334,1237 309,1238 283,1238 258,1239 232,1239 207,1239 181,1240 156,1240"/>
                <Baseline points="156,1260 181,1260 207,1259 232,1259 258,1259 283,1258 309,1258 334,1257 360,1257 385,1257 411,1256 436,1256 462,1255 487,1255 513,1255 538,1254 564,1254 589,1253 615,1253 640,1252 666,1252"/>
                <TextEquiv>
                    <Unicode>y no se miran? ár asi,</Unicode>
                </TextEquiv>
            </TextLine>
            <TextLine id="r1l104" custom="readingOrder {index:27;}">
                <Coords points="146,1315 171,1314 197,1313 222,1313 248,1313 273,1312 299,1312 325,1312 350,1312 376,1312 401,1312 427,1312 452,1312 478,1312 504,1313 529,1313 555,1313 580,1314 606,1314 632,1315 632,1285 606,1284 580,1284 555,1283 529,1283 504,1283 478,1282 452,1282 427,1282 401,1282 376,1282 350,1282 325,1282 299,1282 273,1282 248,1283 222,1283 197,1283 171,1284 146,1285"/>
                <Baseline points="146,1305 171,1304 197,1303 222,1303 248,1303 273,1302 299,1302 325,1302 350,1302 376,1302 401,1302 427,1302 452,1302 478,1302 504,1303 529,1303 555,1303 580,1304 606,1304 632,1305"/>
                <TextEquiv>
                    <Unicode>que merecen otras tantas.</Unicode>
                </TextEquiv>
            </TextLine>
            <TextLine id="r1l107" custom="readingOrder {index:28;}">
                <Coords points="154,1359 185,1358 217,1357 248,1356 280,1356 311,1356 343,1356 374,1356 406,1356 437,1356 469,1356 500,1356 532,1356 563,1357 595,1357 626,1357 658,1356 689,1356 721,1356 752,1355 784,1354 784,1324 752,1325 721,1326 689,1326 658,1326 626,1327 595,1327 563,1327 532,1326 500,1326 469,1326 437,1326 406,1326 374,1326 343,1326 311,1326 280,1326 248,1326 217,1327 185,1328 154,1329"/>
                <Baseline points="154,1349 185,1348 217,1347 248,1346 280,1346 311,1346 343,1346 374,1346 406,1346 437,1346 469,1346 500,1346 532,1346 563,1347 595,1347 626,1347 658,1346 689,1346 721,1346 752,1345 784,1344"/>
                <TextEquiv>
                    <Unicode>Cuantos se-dían visto en el mundo</Unicode>
                </TextEquiv>
            </TextLine>
            <TextLine id="r1l110" custom="readingOrder {index:29;}">
                <Coords points="155,1404 180,1403 206,1402 232,1402 257,1401 283,1401 309,1401 335,1400 360,1400 386,1400 412,1400 437,1401 463,1401 489,1401 515,1402 540,1403 566,1403 592,1404 618,1405 618,1375 592,1374 566,1373 540,1373 515,1372 489,1371 463,1371 437,1371 412,1370 386,1370 360,1370 335,1370 309,1371 283,1371 257,1371 232,1372 206,1372 180,1373 155,1374"/>
                <Baseline points="155,1394 180,1393 206,1392 232,1392 257,1391 283,1391 309,1391 335,1390 360,1390 386,1390 412,1390 437,1391 463,1391 489,1391 515,1392 540,1393 566,1393 592,1394 618,1395"/>
                <TextEquiv>
                    <Unicode>arrastrados porsu causa,</Unicode>
                </TextEquiv>
            </TextLine>
            <TextLine id="r1l112" custom="readingOrder {index:30;}">
                <Coords points="151,1446 176,1446 202,1446 227,1446 253,1446 278,1445 304,1445 329,1445 355,1445 380,1444 406,1444 431,1445 457,1445 482,1445 508,1446 534,1447 534,1417 508,1416 482,1415 457,1415 431,1415 406,1414 380,1414 355,1415 329,1415 304,1415 278,1415 253,1416 227,1416 202,1416 176,1416 151,1416"/>
                <Baseline points="151,1436 176,1436 202,1436 227,1436 253,1436 278,1435 304,1435 329,1435 355,1435 380,1434 406,1434 431,1435 457,1435 482,1435 508,1436 534,1437"/>
                <TextEquiv>
                    <Unicode>aperreados de noche</Unicode>
                </TextEquiv>
            </TextLine>
            <TextLine id="r1l115" custom="readingOrder {index:31;}">
                <Coords points="145,1490 171,1491 197,1491 223,1491 249,1491 275,1491 301,1491 327,1491 353,1491 379,1490 405,1490 431,1490 457,1490 483,1490 509,1490 535,1490 561,1490 587,1490 613,1491 639,1491 665,1492 665,1462 639,1461 613,1461 587,1460 561,1460 535,1460 509,1460 483,1460 457,1460 431,1460 405,1460 379,1460 353,1461 327,1461 301,1461 275,1461 249,1461 223,1461 197,1461 171,1461 145,1460"/>
                <Baseline points="145,1480 171,1481 197,1481 223,1481 249,1481 275,1481 301,1481 327,1481 353,1481 379,1480 405,1480 431,1480 457,1480 483,1480 509,1480 535,1480 561,1480 587,1480 613,1481 639,1481 665,1482"/>
                <TextEquiv>
                    <Unicode>por hablar por las ventanas,</Unicode>
                </TextEquiv>
            </TextLine>
            <TextLine id="r1l117" custom="readingOrder {index:32;}">
                <Coords points="151,1534 180,1534 209,1534 238,1534 267,1534 297,1534 326,1534 355,1535 384,1535 413,1535 443,1536 472,1536 501,1536 530,1536 559,1536 589,1536 618,1536 647,1536 676,1535 705,1535 735,1534 735,1504 705,1505 676,1505 647,1506 618,1506 589,1506 559,1506 530,1506 501,1506 472,1506 443,1506 413,1505 384,1505 355,1505 326,1504 297,1504 267,1504 238,1504 209,1504 180,1504 151,1504"/>
                <Baseline points="151,1524 180,1524 209,1524 238,1524 267,1524 297,1524 326,1524 355,1525 384,1525 413,1525 443,1526 472,1526 501,1526 530,1526 559,1526 589,1526 618,1526 647,1526 676,1525 705,1525 735,1524"/>
                <TextEquiv>
                    <Unicode>y ellas qué es lo que imaginan?</Unicode>
                </TextEquiv>
            </TextLine>
            <TextLine id="r1l119" custom="readingOrder {index:33;}">
                <Coords points="155,1578 181,1578 207,1579 234,1579 260,1579 287,1579 313,1578 340,1578 366,1578 393,1578 419,1578 446,1578 472,1579 499,1580 525,1581 552,1583 552,1553 525,1551 499,1550 472,1549 446,1548 419,1548 393,1548 366,1548 340,1548 313,1548 287,1549 260,1549 234,1549 207,1549 181,1548 155,1548"/>
                <Baseline points="155,1568 181,1568 207,1569 234,1569 260,1569 287,1569 313,1568 340,1568 366,1568 393,1568 419,1568 446,1568 472,1569 499,1570 525,1571 552,1573"/>
                <TextEquiv>
                    <Unicode>El tirarles de la capa,</Unicode>
                </TextEquiv>
            </TextLine>
            <TextLine id="r1l121" custom="readingOrder {index:34;}">
                <Coords points="151,1622 176,1623 201,1624 226,1624 252,1624 277,1624 302,1624 328,1624 353,1624 378,1623 403,1623 429,1623 454,1623 479,1623 505,1624 530,1624 555,1626 581,1627 581,1597 555,1596 530,1594 505,1594 479,1593 454,1593 429,1593 403,1593 378,1593 353,1594 328,1594 302,1594 277,1594 252,1594 226,1594 201,1594 176,1593 151,1592"/>
                <Baseline points="151,1612 176,1613 201,1614 226,1614 252,1614 277,1614 302,1614 328,1614 353,1614 378,1613 403,1613 429,1613 454,1613 479,1613 505,1614 530,1614 555,1616 581,1617"/>
                <TextEquiv>
                    <Unicode>y luego decirles: fuera.</Unicode>
                </TextEquiv>
            </TextLine>
            <TextLine id="r1l123" custom="readingOrder {index:35;}">
                <Coords points="159,1671 186,1670 213,1669 240,1668 267,1668 294,1667 321,1667 348,1667 375,1667 402,1667 430,1667 457,1667 484,1668 511,1668 538,1668 565,1669 592,1669 619,1669 646,1669 673,1669 701,1669 701,1639 673,1639 646,1639 619,1639 592,1639 565,1639 538,1638 511,1638 484,1638 457,1637 430,1637 402,1637 375,1637 348,1637 321,1637 294,1637 267,1638 240,1638 213,1639 186,1640 159,1641"/>
                <Baseline points="159,1661 186,1660 213,1659 240,1658 267,1658 294,1657 321,1657 348,1657 375,1657 402,1657 430,1657 457,1657 484,1658 511,1658 538,1658 565,1659 592,1659 619,1659 646,1659 673,1659 701,1659"/>
                <TextEquiv>
                    <Unicode>Quién por los pies las colgara,</Unicode>
                </TextEquiv>
            </TextLine>
            <TextLine id="r1l125" custom="readingOrder {index:36;}">
                <Coords points="159,1713 184,1713 209,1712 234,1712 259,1711 284,1711 309,1711 334,1711 359,1711 384,1711 409,1711 434,1711 459,1711 484,1712 509,1712 534,1712 559,1712 584,1711 609,1711 609,1681 584,1681 559,1682 534,1682 509,1682 484,1682 459,1681 434,1681 409,1681 384,1681 359,1681 334,1681 309,1681 284,1681 259,1681 234,1682 209,1682 184,1683 159,1683"/>
                <Baseline points="159,1703 184,1703 209,1702 234,1702 259,1701 284,1701 309,1701 334,1701 359,1701 384,1701 409,1701 434,1701 459,1701 484,1702 509,1702 534,1702 559,1702 584,1701 609,1701"/>
                <TextEquiv>
                    <Unicode>para que no se metieran</Unicode>
                </TextEquiv>
            </TextLine>
            <TextLine id="r1l129" custom="readingOrder {index:37;}">
                <Coords points="156,1755 181,1755 206,1756 231,1756 256,1756 282,1756 307,1756 332,1756 357,1756 382,1755 408,1755 433,1755 458,1755 483,1755 508,1755 534,1755 559,1756 584,1756 609,1756 634,1756 660,1756 660,1726 634,1726 609,1726 584,1726 559,1726 534,1725 508,1725 483,1725 458,1725 433,1725 408,1725 382,1725 357,1726 332,1726 307,1726 282,1726 256,1726 231,1726 206,1726 181,1725 156,1725"/>
                <Baseline points="156,1745 181,1745 206,1746 231,1746 256,1746 282,1746 307,1746 332,1746 357,1746 382,1745 408,1745 433,1745 458,1745 483,1745 508,1745 534,1745 559,1746 584,1746 609,1746 634,1746 660,1746"/>
                <TextEquiv>
                    <Unicode>en andar con tanta trampa!</Unicode>
                </TextEquiv>
            </TextLine>
            <TextLine id="r1l131" custom="readingOrder {index:38;}">
                <Coords points="167,1801 192,1801 217,1801 242,1800 267,1800 292,1800 317,1800 342,1800 367,1800 392,1800 417,1799 442,1799 467,1799 492,1799 517,1799 542,1800 567,1800 592,1800 617,1800 642,1800 642,1770 617,1770 592,1770 567,1770 542,1770 517,1769 492,1769 467,1769 442,1769 417,1769 392,1770 367,1770 342,1770 317,1770 292,1770 267,1770 242,1770 217,1771 192,1771 167,1771"/>
                <Baseline points="167,1791 192,1791 217,1791 242,1790 267,1790 292,1790 317,1790 342,1790 367,1790 392,1790 417,1789 442,1789 467,1789 492,1789 517,1789 542,1790 567,1790 592,1790 617,1790 642,1790"/>
                <TextEquiv>
                    <Unicode>Que parecen (y aun lo son)</Unicode>
                </TextEquiv>
            </TextLine>
            <TextLine id="r1l133" custom="readingOrder {index:39;}">
                <Coords points="160,1846 185,1845 210,1845 235,1845 260,1844 285,1844 310,1844 335,1844 360,1844 385,1843 411,1844 436,1844 461,1844 486,1844 511,1844 536,1844 561,1844 586,1845 611,1845 637,1845 637,1815 611,1815 586,1815 561,1814 536,1814 511,1814 486,1814 461,1814 436,1814 411,1814 385,1813 360,1814 335,1814 310,1814 285,1814 260,1814 235,1815 210,1815 185,1815 160,1816"/>
                <Baseline points="160,1836 185,1835 210,1835 235,1835 260,1834 285,1834 310,1834 335,1834 360,1834 385,1833 411,1834 436,1834 461,1834 486,1834 511,1834 536,1834 561,1834 586,1835 611,1835 637,1835"/>
                <TextEquiv>
                    <Unicode>hechiceras bien formadas.</Unicode>
                </TextEquiv>
            </TextLine>
            <TextLine id="r1l135" custom="readingOrder {index:40;}">
                <Coords points="155,1890 181,1890 208,1889 234,1889 261,1889 287,1888 314,1887 340,1887 367,1887 393,1886 420,1886 446,1887 473,1887 499,1888 526,1889 526,1859 499,1858 473,1857 446,1857 420,1856 393,1856 367,1857 340,1857 314,1857 287,1858 261,1859 234,1859 208,1859 181,1860 155,1860"/>
                <Baseline points="155,1880 181,1880 208,1879 234,1879 261,1879 287,1878 314,1877 340,1877 367,1877 393,1876 420,1876 446,1877 473,1877 499,1878 526,1879"/>
                <TextEquiv>
                    <Unicode>Sus paseos, y visitas</Unicode>
                </TextEquiv>
            </TextLine>
            <TextLine id="r1l137" custom="readingOrder {index:41;}">
                <Coords points="157,1934 183,1934 210,1934 237,1934 264,1934 291,1933 318,1933 345,1933 372,1933 399,1933 426,1932 452,1932 479,1932 506,1932 533,1932 560,1932 587,1932 614,1932 641,1932 668,1932 695,1932 695,1902 668,1902 641,1902 614,1902 587,1902 560,1902 533,1902 506,1902 479,1902 452,1902 426,1902 399,1903 372,1903 345,1903 318,1903 291,1903 264,1904 237,1904 210,1904 183,1904 157,1904"/>
                <Baseline points="157,1924 183,1924 210,1924 237,1924 264,1924 291,1923 318,1923 345,1923 372,1923 399,1923 426,1922 452,1922 479,1922 506,1922 533,1922 560,1922 587,1922 614,1922 641,1922 668,1922 695,1922"/>
                <TextEquiv>
                    <Unicode>son de campaña en campaña;</Unicode>
                </TextEquiv>
            </TextLine>
            <TextLine id="r1l139" custom="readingOrder {index:42;}">
                <Coords points="157,1976 184,1977 211,1978 238,1978 265,1978 292,1978 319,1978 346,1978 373,1978 400,1978 427,1978 454,1977 481,1977 508,1977 535,1977 562,1977 589,1977 616,1977 643,1977 670,1978 698,1979 698,1949 670,1948 643,1947 616,1947 589,1947 562,1947 535,1947 508,1947 481,1947 454,1947 427,1948 400,1948 373,1948 346,1948 319,1948 292,1948 265,1948 238,1948 211,1948 184,1947 157,1946"/>
                <Baseline points="157,1966 184,1967 211,1968 238,1968 265,1968 292,1968 319,1968 346,1968 373,1968 400,1968 427,1968 454,1967 481,1967 508,1967 535,1967 562,1967 589,1967 616,1967 643,1967 670,1968 698,1969"/>
                <TextEquiv>
                    <Unicode>que como las mas son brujas,</Unicode>
                </TextEquiv>
            </TextLine>
            <TextLine id="r1l141" custom="readingOrder {index:43;}">
                <Coords points="161,2022 188,2022 216,2023 243,2022 271,2022 299,2022 326,2022 354,2022 382,2022 409,2022 437,2022 465,2022 492,2022 520,2022 548,2022 575,2022 603,2022 631,2023 658,2023 686,2024 714,2025 714,1995 686,1994 658,1993 631,1993 603,1992 575,1992 548,1992 520,1992 492,1992 465,1992 437,1992 409,1992 382,1992 354,1992 326,1992 299,1992 271,1992 243,1992 216,1993 188,1992 161,1992"/>
                <Baseline points="161,2012 188,2012 216,2013 243,2012 271,2012 299,2012 326,2012 354,2012 382,2012 409,2012 437,2012 465,2012 492,2012 520,2012 548,2012 575,2012 603,2012 631,2013 658,2013 686,2014 714,2015"/>
                <TextEquiv>
                    <Unicode>no se hallan sino en volandas;</Unicode>
                </TextEquiv>
            </TextLine>
            <TextLine id="r1l144" custom="readingOrder {index:44;}">
                <Coords points="153,2065 178,2066 203,2067 228,2067 253,2068 278,2068 303,2068 328,2068 354,2068 379,2068 404,2068 429,2068 454,2067 479,2067 504,2067 529,2066 555,2066 555,2036 529,2036 504,2037 479,2037 454,2037 429,2038 404,2038 379,2038 354,2038 328,2038 303,2038 278,2038 253,2038 228,2037 203,2037 178,2036 153,2035"/>
                <Baseline points="153,2055 178,2056 203,2057 228,2057 253,2058 278,2058 303,2058 328,2058 354,2058 379,2058 404,2058 429,2058 454,2057 479,2057 504,2057 529,2056 555,2056"/>
                <TextEquiv>
                    <Unicode>pero no podrán negar</Unicode>
                </TextEquiv>
            </TextLine>
            <TextLine id="line_1604417014903_687" custom="readingOrder {index:45;}">
                <Coords points="153,2107 679,2107 679,2067 153,2067"/>
                <TextEquiv>
                    <Unicode>lo que el Demonio declara,</Unicode>
                </TextEquiv>
            </TextLine>
            <TextEquiv>
                <Unicode>por vér si algun inocente
en estas redes se enlaza.
Señores vivid alerta,
porque esta infame canalla
todo se le vá en pensar
los enredos; y las trazas,
que han de urdir para buscarnos:
nuestra ruina, y desgracia;
pues es nuestra desventura,
y nuestra miseria tanta.
que es el mayor enemigo
que hane guerra á nuestros almas:
aqueste infame avechucho,
y asi hermanos, ni aun mirarlas, 
ni aun oir mentar sus nombres
ni verlas, ni conversarlas,
su trato, y conversacion;
es sacar algunas faltas,
que uno no tiene en sí;
sino porque se las fraguan
Pues cuando van por la calle
con el mantillo setapan; 
que parece que no vén;,
y quemando ván á cuantas
encuentran en el camino;
ponièndoles cien mil tachas
y no se miran? ár asi,
que merecen otras tantas.
Cuantos se-dían visto en el mundo
arrastrados porsu causa,
aperreados de noche
por hablar por las ventanas,
y ellas qué es lo que imaginan?
El tirarles de la capa,
y luego decirles: fuera.
Quién por los pies las colgara,
para que no se metieran
en andar con tanta trampa!
Que parecen (y aun lo son)
hechiceras bien formadas.
Sus paseos, y visitas
son de campaña en campaña;
que como las mas son brujas,
no se hallan sino en volandas;
pero no podrán negar
lo que el Demonio declara,</Unicode>
            </TextEquiv>
        </TextRegion>
        <TextRegion id="region_1604416783181_572" custom="readingOrder {index:1;}">
            <Coords points="840,50 1497,50 1497,2111 840,2111"/>
            <TextLine id="r1l1" custom="readingOrder {index:0;}">
                <Coords points="861,105 895,104 929,102 963,102 997,100 1031,100 1065,99 1099,98 1133,97 1167,97 1202,96 1236,96 1270,97 1304,98 1338,98 1372,100 1406,102 1440,104 1474,107 1508,110 1543,115 1543,85 1508,80 1474,77 1440,74 1406,72 1372,70 1338,68 1304,68 1270,67 1236,66 1202,66 1167,67 1133,67 1099,68 1065,69 1031,70 997,70 963,72 929,72 895,74 861,75"/>
                <Baseline points="861,95 895,94 929,92 963,92 997,90 1031,90 1065,89 1099,88 1133,87 1167,87 1202,86 1236,86 1270,87 1304,88 1338,88 1372,90 1406,92 1440,94 1474,97 1508,100 1543,105"/>
                <TextEquiv>
                    <Unicode>que para formar enredos!</Unicode>
                </TextEquiv>
            </TextLine>
            <TextLine id="r1l3" custom="readingOrder {index:1;}">
                <Coords points="865,147 891,147 917,147 943,147 969,146 996,146 1022,145 1048,144 1074,143 1100,142 1127,142 1153,141 1179,140 1205,139 1231,139 1258,139 1284,138 1310,138 1336,139 1363,139 1363,109 1336,109 1310,108 1284,108 1258,109 1231,109 1205,109 1179,110 1153,111 1127,112 1100,112 1074,113 1048,114 1022,115 996,116 969,116 943,117 917,117 891,117 865,117"/>
                <Baseline points="865,137 891,137 917,137 943,137 969,136 996,136 1022,135 1048,134 1074,133 1100,132 1127,132 1153,131 1179,130 1205,129 1231,129 1258,129 1284,128 1310,128 1336,129 1363,129"/>
                <TextEquiv>
                    <Unicode>de las mugeres se ampara,</Unicode>
                </TextEquiv>
            </TextLine>
            <TextLine id="r1l9" custom="readingOrder {index:2;}">
                <Coords points="864,192 889,192 915,192 940,191 966,190 992,190 1017,189 1043,189 1069,188 1094,187 1120,186 1146,185 1171,185 1197,184 1223,183 1248,183 1274,183 1300,182 1325,182 1351,182 1377,182 1377,152 1351,152 1325,152 1300,152 1274,153 1248,153 1223,153 1197,154 1171,155 1146,155 1120,156 1094,157 1069,158 1043,159 1017,159 992,160 966,160 940,161 915,162 889,162 864,162"/>
                <Baseline points="864,182 889,182 915,182 940,181 966,180 992,180 1017,179 1043,179 1069,178 1094,177 1120,176 1146,175 1171,175 1197,174 1223,173 1248,173 1274,173 1300,172 1325,172 1351,172 1377,172"/>
                <TextEquiv>
                    <Unicode>con que de aqui sacarémos,</Unicode>
                </TextEquiv>
            </TextLine>
            <TextLine id="r1l13" custom="readingOrder {index:3;}">
                <Coords points="867,235 893,236 919,236 946,235 972,235 998,234 1025,233 1051,232 1077,231 1104,231 1130,229 1156,228 1183,228 1209,227 1235,227 1262,226 1288,227 1315,227 1315,197 1288,197 1262,196 1235,197 1209,197 1183,198 1156,198 1130,199 1104,201 1077,201 1051,202 1025,203 998,204 972,205 946,205 919,206 893,206 867,205"/>
                <Baseline points="867,225 893,226 919,226 946,225 972,225 998,224 1025,223 1051,222 1077,221 1104,221 1130,219 1156,218 1183,218 1209,217 1235,217 1262,216 1288,217 1315,217"/>
                <TextEquiv>
                    <Unicode>que peores y más malas</Unicode>
                </TextEquiv>
            </TextLine>
            <TextLine id="r1l17" custom="readingOrder {index:4;}">
                <Coords points="870,280 897,280 924,279 951,279 979,278 1006,277 1033,277 1061,276 1088,275 1115,274 1143,273 1170,273 1197,272 1225,271 1252,271 1279,270 1307,270 1334,270 1361,269 1389,269 1389,239 1361,239 1334,240 1307,240 1279,240 1252,241 1225,241 1197,242 1170,243 1143,243 1115,244 1088,245 1061,246 1033,247 1006,247 979,248 951,249 924,249 897,250 870,250"/>
                <Baseline points="870,270 897,270 924,269 951,269 979,268 1006,267 1033,267 1061,266 1088,265 1115,264 1143,263 1170,263 1197,262 1225,261 1252,261 1279,260 1307,260 1334,260 1361,259 1389,259"/>
                <TextEquiv>
                    <Unicode>son que todos los Demonios,</Unicode>
                </TextEquiv>
            </TextLine>
            <TextLine id="r1l22" custom="readingOrder {index:5;}">
                <Coords points="868,325 902,325 936,324 970,323 1004,321 1038,320 1072,319 1106,318 1140,316 1174,315 1208,315 1242,314 1276,314 1310,314 1344,315 1378,316 1412,318 1446,320 1480,323 1514,327 1549,332 1549,302 1514,297 1480,293 1446,290 1412,288 1378,286 1344,285 1310,284 1276,284 1242,284 1208,285 1174,285 1140,286 1106,288 1072,289 1038,290 1004,291 970,293 936,294 902,295 868,295"/>
                <Baseline points="868,315 902,315 936,314 970,313 1004,311 1038,310 1072,309 1106,308 1140,306 1174,305 1208,305 1242,304 1276,304 1310,304 1344,305 1378,306 1412,308 1446,310 1480,313 1514,317 1549,322"/>
                <TextEquiv>
                    <Unicode>que allá en el Infierno andan.</Unicode>
                </TextEquiv>
            </TextLine>
            <TextLine id="r1l26" custom="readingOrder {index:6;}">
                <Coords points="872,371 898,369 924,368 950,367 977,366 1003,365 1029,365 1055,364 1082,364 1108,363 1134,363 1160,362 1187,362 1213,361 1239,361 1265,360 1292,359 1318,358 1344,357 1371,356 1371,326 1344,327 1318,328 1292,329 1265,330 1239,331 1213,331 1187,332 1160,332 1134,333 1108,333 1082,334 1055,334 1029,335 1003,335 977,336 950,337 924,338 898,339 872,341"/>
                <Baseline points="872,361 898,359 924,358 950,357 977,356 1003,355 1029,355 1055,354 1082,354 1108,353 1134,353 1160,352 1187,352 1213,351 1239,351 1265,350 1292,349 1318,348 1344,347 1371,346"/>
                <TextEquiv>
                    <Unicode>pues el ejemplo, y doctrina</Unicode>
                </TextEquiv>
            </TextLine>
            <TextLine id="r1l30" custom="readingOrder {index:7;}">
                <Coords points="876,415 901,414 927,413 952,412 978,411 1004,410 1029,410 1055,409 1081,408 1106,408 1132,407 1158,407 1183,406 1209,406 1235,405 1260,405 1286,404 1312,403 1337,403 1363,402 1389,402 1389,372 1363,372 1337,373 1312,373 1286,374 1260,375 1235,375 1209,376 1183,376 1158,377 1132,377 1106,378 1081,378 1055,379 1029,380 1004,380 978,381 952,382 927,383 901,384 876,385"/>
                <Baseline points="876,405 901,404 927,403 952,402 978,401 1004,400 1029,400 1055,399 1081,398 1106,398 1132,397 1158,397 1183,396 1209,396 1235,395 1260,395 1286,394 1312,393 1337,393 1363,392 1389,392"/>
                <TextEquiv>
                    <Unicode>que ellas tienen, y declaran</Unicode>
                </TextEquiv>
            </TextLine>
            <TextLine id="r1l35" custom="readingOrder {index:8;}">
                <Coords points="867,457 892,457 917,457 942,456 967,456 992,455 1017,454 1042,454 1067,452 1092,452 1117,451 1142,450 1167,449 1192,448 1217,448 1242,448 1267,448 1292,448 1317,448 1342,449 1367,450 1367,420 1342,419 1317,418 1292,418 1267,418 1242,418 1217,418 1192,418 1167,419 1142,420 1117,421 1092,422 1067,422 1042,424 1017,424 992,425 967,426 942,426 917,427 892,427 867,427"/>
                <Baseline points="867,447 892,447 917,447 942,446 967,446 992,445 1017,444 1042,444 1067,442 1092,442 1117,441 1142,440 1167,439 1192,438 1217,438 1242,438 1267,438 1292,438 1317,438 1342,439 1367,440"/>
                <TextEquiv>
                    <Unicode>es solo lo que aprendieron</Unicode>
                </TextEquiv>
            </TextLine>
            <TextLine id="r1l38" custom="readingOrder {index:9;}">
                <Coords points="865,504 899,502 933,501 967,500 1002,499 1036,497 1070,496 1105,495 1139,495 1173,494 1208,494 1242,494 1276,495 1310,496 1345,497 1379,498 1413,500 1448,503 1482,507 1516,510 1551,514 1551,484 1516,480 1482,477 1448,473 1413,470 1379,468 1345,467 1310,466 1276,465 1242,464 1208,464 1173,464 1139,465 1105,465 1070,466 1036,467 1002,469 967,470 933,471 899,472 865,474"/>
                <Baseline points="865,494 899,492 933,491 967,490 1002,489 1036,487 1070,486 1105,485 1139,485 1173,484 1208,484 1242,484 1276,485 1310,486 1345,487 1379,488 1413,490 1448,493 1482,497 1516,500 1551,504"/>
                <TextEquiv>
                    <Unicode>de Ana Bolena, y la Cába</Unicode>
                </TextEquiv>
            </TextLine>
            <TextLine id="r1l40" custom="readingOrder {index:10;}">
                <Coords points="874,548 907,546 941,544 975,543 1009,542 1043,541 1077,540 1111,539 1145,539 1179,539 1213,540 1246,540 1280,541 1314,542 1348,543 1382,545 1416,547 1450,549 1484,551 1518,553 1552,556 1552,526 1518,523 1484,521 1450,519 1416,517 1382,515 1348,513 1314,512 1280,511 1246,510 1213,510 1179,509 1145,509 1111,509 1077,510 1043,511 1009,512 975,513 941,514 907,516 874,518"/>
                <Baseline points="874,538 907,536 941,534 975,533 1009,532 1043,531 1077,530 1111,529 1145,529 1179,529 1213,530 1246,530 1280,531 1314,532 1348,533 1382,535 1416,537 1450,539 1484,541 1518,543 1552,546"/>
                <TextEquiv>
                    <Unicode>pues por esta se perdió¡</Unicode>
                </TextEquiv>
            </TextLine>
            <TextLine id="r1l43" custom="readingOrder {index:11;}">
                <Coords points="875,591 908,589 942,588 975,587 1009,586 1042,585 1076,584 1109,584 1143,583 1176,583 1210,583 1243,584 1277,585 1310,586 1344,587 1377,588 1411,590 1444,593 1478,596 1511,599 1545,602 1545,572 1511,569 1478,566 1444,563 1411,560 1377,558 1344,557 1310,556 1277,555 1243,554 1210,553 1176,553 1143,553 1109,554 1076,554 1042,555 1009,556 975,557 942,558 908,559 875,561"/>
                <Baseline points="875,581 908,579 942,578 975,577 1009,576 1042,575 1076,574 1109,574 1143,573 1176,573 1210,573 1243,574 1277,575 1310,576 1344,577 1377,578 1411,580 1444,583 1478,586 1511,589 1545,592"/>
                <TextEquiv>
                    <Unicode>la fiel Corona de España, </Unicode>
                </TextEquiv>
            </TextLine>
            <TextLine id="r1l46" custom="readingOrder {index:12;}">
                <Coords points="869,637 903,635 937,633 971,631 1005,630 1040,629 1074,628 1108,627 1142,626 1176,626 1211,626 1245,626 1279,627 1313,628 1347,629 1382,631 1416,634 1450,636 1484,639 1518,643 1553,647 1553,617 1518,613 1484,609 1450,606 1416,604 1382,601 1347,599 1313,598 1279,597 1245,596 1211,596 1176,596 1142,596 1108,597 1074,598 1040,599 1005,600 971,601 937,603 903,605 869,607"/>
                <Baseline points="869,627 903,625 937,623 971,621 1005,620 1040,619 1074,618 1108,617 1142,616 1176,616 1211,616 1245,616 1279,617 1313,618 1347,619 1382,621 1416,624 1450,626 1484,629 1518,633 1553,637"/>
                <TextEquiv>
                    <Unicode>y por la otra se introdujo</Unicode>
                </TextEquiv>
            </TextLine>
            <TextLine id="r1l49" custom="readingOrder {index:13;}">
                <Coords points="872,679 907,679 943,678 979,677 1014,676 1050,675 1086,673 1122,672 1157,671 1193,670 1229,670 1265,669 1300,670 1336,671 1372,673 1408,675 1443,677 1479,681 1515,686 1551,692 1551,662 1515,656 1479,651 1443,647 1408,645 1372,643 1336,641 1300,640 1265,639 1229,640 1193,640 1157,641 1122,642 1086,643 1050,645 1014,646 979,647 943,648 907,649 872,649"/>
                <Baseline points="872,669 907,669 943,668 979,667 1014,666 1050,665 1086,663 1122,662 1157,661 1193,660 1229,660 1265,659 1300,660 1336,661 1372,663 1408,665 1443,667 1479,671 1515,676 1551,682"/>
                <TextEquiv>
                    <Unicode>la heregía en cuantas almas</Unicode>
                </TextEquiv>
            </TextLine>
            <TextLine id="r1l52" custom="readingOrder {index:14;}">
                <Coords points="874,726 900,725 926,724 952,723 978,723 1005,722 1031,721 1057,720 1083,720 1109,719 1136,718 1162,718 1188,717 1214,716 1241,716 1241,686 1214,686 1188,687 1162,688 1136,688 1109,689 1083,690 1057,690 1031,691 1005,692 978,693 952,693 926,694 900,695 874,696"/>
                <Baseline points="874,716 900,715 926,714 952,713 978,713 1005,712 1031,711 1057,710 1083,710 1109,709 1136,708 1162,708 1188,707 1214,706 1241,706"/>
                <TextEquiv>
                    <Unicode>habia en Inglaterra,</Unicode>
                </TextEquiv>
            </TextLine>
            <TextLine id="r1l55" custom="readingOrder {index:15;}">
                <Coords points="875,774 908,771 942,769 975,767 1009,765 1043,764 1076,763 1110,762 1143,762 1177,762 1211,762 1244,762 1278,763 1311,764 1345,765 1379,766 1412,768 1446,770 1479,772 1513,775 1547,777 1547,747 1513,745 1479,742 1446,740 1412,738 1379,736 1345,735 1311,734 1278,733 1244,732 1211,732 1177,732 1143,732 1110,732 1076,733 1043,734 1009,735 975,737 942,739 908,741 875,744"/>
                <Baseline points="875,764 908,761 942,759 975,757 1009,755 1043,754 1076,753 1110,752 1143,752 1177,752 1211,752 1244,752 1278,753 1311,754 1345,755 1379,756 1412,758 1446,760 1479,762 1513,765 1547,767"/>
                <TextEquiv>
                    <Unicode>y esto bien claro se halla</Unicode>
                </TextEquiv>
            </TextLine>
            <TextLine id="r1l57" custom="readingOrder {index:16;}">
                <Coords points="871,819 905,816 939,813 974,812 1008,810 1043,808 1077,807 1111,806 1146,806 1180,806 1215,806 1249,806 1283,807 1318,808 1352,810 1387,812 1421,814 1455,816 1490,819 1524,823 1559,826 1559,796 1524,793 1490,789 1455,786 1421,784 1387,782 1352,780 1318,778 1283,777 1249,776 1215,776 1180,776 1146,776 1111,776 1077,777 1043,778 1008,780 974,782 939,783 905,786 871,789"/>
                <Baseline points="871,809 905,806 939,803 974,802 1008,800 1043,798 1077,797 1111,796 1146,796 1180,796 1215,796 1249,796 1283,797 1318,798 1352,800 1387,802 1421,804 1455,806 1490,809 1524,813 1559,816"/>
                <TextEquiv>
                    <Unicode>que yo no digo mentiras..</Unicode>
                </TextEquiv>
            </TextLine>
            <TextLine id="r1l61" custom="readingOrder {index:17;}">
                <Coords points="871,861 905,859 939,858 973,857 1007,855 1041,854 1075,853 1109,851 1143,850 1177,849 1211,849 1245,848 1279,849 1313,849 1347,850 1381,852 1415,854 1449,857 1483,860 1517,865 1551,869 1551,839 1517,835 1483,830 1449,827 1415,824 1381,822 1347,820 1313,819 1279,819 1245,818 1211,819 1177,819 1143,820 1109,821 1075,823 1041,824 1007,825 973,827 939,828 905,829 871,831"/>
                <Baseline points="871,851 905,849 939,848 973,847 1007,845 1041,844 1075,843 1109,841 1143,840 1177,839 1211,839 1245,838 1279,839 1313,839 1347,840 1381,842 1415,844 1449,847 1483,850 1517,855 1551,859"/>
                <TextEquiv>
                    <Unicode>sino es vendades que pasan</Unicode>
                </TextEquiv>
            </TextLine>
            <TextLine id="r1l65" custom="readingOrder {index:18;}">
                <Coords points="869,907 894,906 920,904 945,903 971,901 996,900 1022,900 1047,899 1073,898 1098,898 1124,897 1149,896 1175,895 1200,894 1226,893 1251,893 1277,891 1277,861 1251,863 1226,863 1200,864 1175,865 1149,866 1124,867 1098,868 1073,868 1047,869 1022,870 996,870 971,871 945,873 920,874 894,876 869,877"/>
                <Baseline points="869,897 894,896 920,894 945,893 971,891 996,890 1022,890 1047,889 1073,888 1098,888 1124,887 1149,886 1175,885 1200,884 1226,883 1251,883 1277,881"/>
                <TextEquiv>
                    <Unicode>y aquesto lo aflímaré,</Unicode>
                </TextEquiv>
            </TextLine>
            <TextLine id="r1l69" custom="readingOrder {index:19;}">
                <Coords points="874,946 907,947 941,947 975,947 1008,946 1042,944 1076,943 1109,942 1143,940 1177,939 1211,937 1244,936 1278,935 1312,935 1345,935 1379,936 1413,937 1446,940 1480,943 1514,947 1548,952 1548,922 1514,917 1480,913 1446,910 1413,907 1379,906 1345,905 1312,905 1278,905 1244,906 1211,907 1177,909 1143,910 1109,912 1076,913 1042,914 1008,916 975,917 941,917 907,917 874,916"/>
                <Baseline points="874,936 907,937 941,937 975,937 1008,936 1042,934 1076,933 1109,932 1143,930 1177,929 1211,927 1244,926 1278,925 1312,925 1345,925 1379,926 1413,927 1446,930 1480,933 1514,937 1548,942"/>
                <TextEquiv>
                    <Unicode>pues despues queaquellas faltan,</Unicode>
                </TextEquiv>
            </TextLine>
            <TextLine id="r1l72" custom="readingOrder {index:20;}">
                <Coords points="871,995 905,993 940,990 974,988 1009,986 1043,985 1078,984 1112,983 1147,983 1181,983 1216,983 1250,984 1285,985 1319,986 1354,987 1388,989 1423,991 1457,994 1492,996 1526,1000 1561,1003 1561,973 1526,970 1492,966 1457,964 1423,961 1388,959 1354,957 1319,956 1285,955 1250,954 1216,953 1181,953 1147,953 1112,953 1078,954 1043,955 1009,956 974,958 940,960 905,963 871,965"/>
                <Baseline points="871,985 905,983 940,980 974,978 1009,976 1043,975 1078,974 1112,973 1147,973 1181,973 1216,973 1250,974 1285,975 1319,976 1354,977 1388,979 1423,981 1457,984 1492,986 1526,990 1561,993"/>
                <TextEquiv>
                    <Unicode>hay hechicerasmas, finas,</Unicode>
                </TextEquiv>
            </TextLine>
            <TextLine id="r1l76" custom="readingOrder {index:21;}">
                <Coords points="876,1033 902,1034 929,1034 955,1034 982,1034 1008,1033 1035,1032 1061,1032 1088,1031 1114,1029 1141,1028 1167,1027 1194,1026 1220,1025 1247,1023 1274,1023 1274,993 1247,993 1220,995 1194,996 1167,997 1141,998 1114,999 1088,1001 1061,1002 1035,1002 1008,1003 982,1004 955,1004 929,1004 902,1004 876,1003"/>
                <Baseline points="876,1023 902,1024 929,1024 955,1024 982,1024 1008,1023 1035,1022 1061,1022 1088,1021 1114,1019 1141,1018 1167,1017 1194,1016 1220,1015 1247,1013 1274,1013"/>
                <TextEquiv>
                    <Unicode>y de peores entrañas.</Unicode>
                </TextEquiv>
            </TextLine>
            <TextLine id="r1l80" custom="readingOrder {index:22;}">
                <Coords points="882,1080 908,1080 935,1079 961,1078 988,1077 1014,1077 1041,1076 1067,1075 1094,1075 1120,1074 1147,1073 1174,1072 1200,1072 1227,1071 1253,1071 1280,1070 1306,1069 1333,1069 1359,1068 1386,1068 1413,1067 1413,1037 1386,1038 1359,1038 1333,1039 1306,1039 1280,1040 1253,1041 1227,1041 1200,1042 1174,1042 1147,1043 1120,1044 1094,1045 1067,1045 1041,1046 1014,1047 988,1047 961,1048 935,1049 908,1050 882,1050"/>
                <Baseline points="882,1070 908,1070 935,1069 961,1068 988,1067 1014,1067 1041,1066 1067,1065 1094,1065 1120,1064 1147,1063 1174,1062 1200,1062 1227,1061 1253,1061 1280,1060 1306,1059 1333,1059 1359,1058 1386,1058 1413,1057"/>
                <TextEquiv>
                    <Unicode>Bien sé yo, que estas senoras</Unicode>
                </TextEquiv>
            </TextLine>
            <TextLine id="r1l85" custom="readingOrder {index:23;}">
                <Coords points="883,1124 915,1124 948,1124 981,1123 1014,1122 1047,1121 1080,1120 1113,1119 1146,1118 1179,1117 1212,1116 1244,1116 1277,1116 1310,1116 1343,1118 1376,1119 1409,1122 1442,1125 1475,1129 1508,1134 1541,1140 1541,1110 1508,1104 1475,1099 1442,1095 1409,1092 1376,1089 1343,1088 1310,1086 1277,1086 1244,1086 1212,1086 1179,1087 1146,1088 1113,1089 1080,1090 1047,1091 1014,1092 981,1093 948,1094 915,1094 883,1094"/>
                <Baseline points="883,1114 915,1114 948,1114 981,1113 1014,1112 1047,1111 1080,1110 1113,1109 1146,1108 1179,1107 1212,1106 1244,1106 1277,1106 1310,1106 1343,1108 1376,1109 1409,1112 1442,1115 1475,1119 1508,1124 1541,1130"/>
                <TextEquiv>
                    <Unicode>estaran muy disgustadas</Unicode>
                </TextEquiv>
            </TextLine>
            <TextLine id="r1l88" custom="readingOrder {index:24;}">
                <Coords points="875,1169 902,1169 929,1169 957,1169 984,1168 1011,1167 1039,1166 1066,1166 1093,1165 1121,1164 1148,1162 1175,1161 1203,1160 1230,1159 1257,1158 1285,1157 1312,1157 1339,1156 1367,1156 1394,1156 1422,1156 1422,1126 1394,1126 1367,1126 1339,1126 1312,1127 1285,1127 1257,1128 1230,1129 1203,1130 1175,1131 1148,1132 1121,1134 1093,1135 1066,1136 1039,1136 1011,1137 984,1138 957,1139 929,1139 902,1139 875,1139"/>
                <Baseline points="875,1159 902,1159 929,1159 957,1159 984,1158 1011,1157 1039,1156 1066,1156 1093,1155 1121,1154 1148,1152 1175,1151 1203,1150 1230,1149 1257,1148 1285,1147 1312,1147 1339,1146 1367,1146 1394,1146 1422,1146"/>
                <TextEquiv>
                    <Unicode>de oir de esta bocá humildé</Unicode>
                </TextEquiv>
            </TextLine>
            <TextLine id="r1l92" custom="readingOrder {index:25;}">
                <Coords points="883,1216 916,1214 949,1212 982,1210 1015,1209 1048,1208 1081,1207 1114,1207 1147,1207 1180,1207 1213,1208 1246,1208 1279,1209 1312,1211 1345,1212 1378,1214 1411,1216 1444,1218 1477,1221 1510,1223 1543,1227 1543,1197 1510,1193 1477,1191 1444,1188 1411,1186 1378,1184 1345,1182 1312,1181 1279,1179 1246,1178 1213,1178 1180,1177 1147,1177 1114,1177 1081,1177 1048,1178 1015,1179 982,1180 949,1182 916,1184 883,1186"/>
                <Baseline points="883,1206 916,1204 949,1202 982,1200 1015,1199 1048,1198 1081,1197 1114,1197 1147,1197 1180,1197 1213,1198 1246,1198 1279,1199 1312,1201 1345,1202 1378,1204 1411,1206 1444,1208 1477,1211 1510,1213 1543,1217"/>
                <TextEquiv>
                    <Unicode>verdadestan á la clara,</Unicode>
                </TextEquiv>
            </TextLine>
            <TextLine id="r1l97" custom="readingOrder {index:26;}">
                <Coords points="878,1255 904,1256 930,1257 956,1257 982,1257 1008,1257 1034,1256 1060,1256 1087,1254 1113,1253 1139,1252 1165,1251 1191,1250 1217,1249 1243,1248 1270,1248 1270,1218 1243,1218 1217,1219 1191,1220 1165,1221 1139,1222 1113,1223 1087,1224 1060,1226 1034,1226 1008,1227 982,1227 956,1227 930,1227 904,1226 878,1225"/>
                <Baseline points="878,1245 904,1246 930,1247 956,1247 982,1247 1008,1247 1034,1246 1060,1246 1087,1244 1113,1243 1139,1242 1165,1241 1191,1240 1217,1239 1243,1238 1270,1238"/>
                <TextEquiv>
                    <Unicode>y que si posible fuera,</Unicode>
                </TextEquiv>
            </TextLine>
            <TextLine id="r1l101" custom="readingOrder {index:27;}">
                <Coords points="883,1302 916,1302 949,1302 983,1301 1016,1299 1050,1298 1083,1297 1117,1296 1150,1295 1184,1293 1217,1292 1250,1292 1284,1292 1317,1292 1351,1293 1384,1295 1418,1297 1451,1300 1485,1304 1518,1309 1552,1315 1552,1285 1518,1279 1485,1274 1451,1270 1418,1267 1384,1265 1351,1263 1317,1262 1284,1262 1250,1262 1217,1262 1184,1263 1150,1265 1117,1266 1083,1267 1050,1268 1016,1269 983,1271 949,1272 916,1272 883,1272"/>
                <Baseline points="883,1292 916,1292 949,1292 983,1291 1016,1289 1050,1288 1083,1287 1117,1286 1150,1285 1184,1283 1217,1282 1250,1282 1284,1282 1317,1282 1351,1283 1384,1285 1418,1287 1451,1290 1485,1294 1518,1299 1552,1305"/>
                <TextEquiv>
                    <Unicode>que á sus uñas me pescaran,</Unicode>
                </TextEquiv>
            </TextLine>
            <TextLine id="r1l105" custom="readingOrder {index:28;}">
                <Coords points="883,1347 908,1347 934,1346 959,1345 985,1345 1010,1344 1036,1343 1061,1342 1087,1342 1112,1341 1138,1340 1163,1340 1189,1339 1214,1338 1240,1338 1265,1337 1291,1336 1291,1306 1265,1307 1240,1308 1214,1308 1189,1309 1163,1310 1138,1310 1112,1311 1087,1312 1061,1312 1036,1313 1010,1314 985,1315 959,1315 934,1316 908,1317 883,1317"/>
                <Baseline points="883,1337 908,1337 934,1336 959,1335 985,1335 1010,1334 1036,1333 1061,1332 1087,1332 1112,1331 1138,1330 1163,1330 1189,1329 1214,1328 1240,1328 1265,1327 1291,1326"/>
                <TextEquiv>
                    <Unicode>yo aseguro que saliera</Unicode>
                </TextEquiv>
            </TextLine>
            <TextLine id="r1l108" custom="readingOrder {index:29;}">
                <Coords points="884,1395 917,1393 950,1391 983,1389 1016,1387 1049,1386 1082,1385 1115,1384 1148,1384 1181,1384 1214,1384 1247,1385 1280,1386 1313,1387 1346,1389 1379,1390 1412,1392 1445,1395 1478,1397 1511,1399 1544,1403 1544,1373 1511,1369 1478,1367 1445,1365 1412,1362 1379,1360 1346,1359 1313,1357 1280,1356 1247,1355 1214,1354 1181,1354 1148,1354 1115,1354 1082,1355 1049,1356 1016,1357 983,1359 950,1361 917,1363 884,1365"/>
                <Baseline points="884,1385 917,1383 950,1381 983,1379 1016,1377 1049,1376 1082,1375 1115,1374 1148,1374 1181,1374 1214,1374 1247,1375 1280,1376 1313,1377 1346,1379 1379,1380 1412,1382 1445,1385 1478,1387 1511,1389 1544,1393"/>
                <TextEquiv>
                    <Unicode>mi melena bien rizada,</Unicode>
                </TextEquiv>
            </TextLine>
            <TextLine id="r1l111" custom="readingOrder {index:30;}">
                <Coords points="879,1442 904,1440 930,1438 956,1436 982,1435 1008,1434 1033,1432 1059,1432 1085,1431 1111,1430 1137,1429 1163,1428 1188,1428 1214,1427 1240,1426 1266,1424 1292,1423 1318,1422 1318,1392 1292,1393 1266,1394 1240,1396 1214,1397 1188,1398 1163,1398 1137,1399 1111,1400 1085,1401 1059,1402 1033,1402 1008,1404 982,1405 956,1406 930,1408 904,1410 879,1412"/>
                <Baseline points="879,1432 904,1430 930,1428 956,1426 982,1425 1008,1424 1033,1422 1059,1422 1085,1421 1111,1420 1137,1419 1163,1418 1188,1418 1214,1417 1240,1416 1266,1414 1292,1413 1318,1412"/>
                <TextEquiv>
                    <Unicode>y por oso no me atrevo</Unicode>
                </TextEquiv>
            </TextLine>
            <TextLine id="r1l114" custom="readingOrder {index:31;}">
                <Coords points="878,1479 903,1479 928,1479 954,1479 979,1478 1005,1478 1030,1477 1055,1477 1081,1476 1106,1475 1132,1475 1157,1474 1182,1473 1208,1472 1233,1471 1259,1471 1284,1470 1310,1470 1310,1440 1284,1440 1259,1441 1233,1441 1208,1442 1182,1443 1157,1444 1132,1445 1106,1445 1081,1446 1055,1447 1030,1447 1005,1448 979,1448 954,1449 928,1449 903,1449 878,1449"/>
                <Baseline points="878,1469 903,1469 928,1469 954,1469 979,1468 1005,1468 1030,1467 1055,1467 1081,1466 1106,1465 1132,1465 1157,1464 1182,1463 1208,1462 1233,1461 1259,1461 1284,1460 1310,1460"/>
                <TextEquiv>
                    <Unicode>yo á arrimarme, guárda guarda.</Unicode>
                </TextEquiv>
            </TextLine>
            <TextLine id="r1l116" custom="readingOrder {index:32;}">
                <Coords points="883,1523 910,1523 938,1523 965,1523 993,1523 1020,1522 1048,1521 1075,1520 1103,1519 1130,1518 1158,1517 1186,1516 1213,1515 1241,1514 1268,1514 1296,1513 1323,1513 1351,1513 1378,1513 1406,1513 1434,1514 1434,1484 1406,1483 1378,1483 1351,1483 1323,1483 1296,1483 1268,1484 1241,1484 1213,1485 1186,1486 1158,1487 1130,1488 1103,1489 1075,1490 1048,1491 1020,1492 993,1493 965,1493 938,1493 910,1493 883,1493"/>
                <Baseline points="883,1513 910,1513 938,1513 965,1513 993,1513 1020,1512 1048,1511 1075,1510 1103,1509 1130,1508 1158,1507 1186,1506 1213,1505 1241,1504 1268,1504 1296,1503 1323,1503 1351,1503 1378,1503 1406,1503 1434,1504"/>
                <TextEquiv>
                    <Unicode>Qué haya quien nos las alabe?</Unicode>
                </TextEquiv>
            </TextLine>
            <TextLine id="r1l118" custom="readingOrder {index:33;}">
                <Coords points="877,1568 903,1568 930,1568 957,1568 984,1567 1011,1567 1038,1566 1065,1565 1092,1564 1119,1563 1146,1562 1172,1561 1199,1560 1226,1559 1253,1559 1280,1558 1307,1558 1334,1558 1361,1558 1388,1558 1415,1559 1415,1529 1388,1528 1361,1528 1334,1528 1307,1528 1280,1528 1253,1529 1226,1529 1199,1530 1172,1531 1146,1532 1119,1533 1092,1534 1065,1535 1038,1536 1011,1537 984,1537 957,1538 930,1538 903,1538 877,1538"/>
                <Baseline points="877,1558 903,1558 930,1558 957,1558 984,1557 1011,1557 1038,1556 1065,1555 1092,1554 1119,1553 1146,1552 1172,1551 1199,1550 1226,1549 1253,1549 1280,1548 1307,1548 1334,1548 1361,1548 1388,1548 1415,1549"/>
                <TextEquiv>
                    <Unicode>De bueno nunca hacen nada,</Unicode>
                </TextEquiv>
            </TextLine>
            <TextLine id="r1l120" custom="readingOrder {index:34;}">
                <Coords points="879,1613 904,1613 929,1612 954,1612 979,1611 1005,1611 1030,1610 1055,1609 1080,1608 1105,1607 1131,1607 1156,1606 1181,1605 1206,1604 1231,1604 1257,1604 1282,1603 1307,1603 1332,1603 1357,1604 1383,1604 1383,1574 1357,1574 1332,1573 1307,1573 1282,1573 1257,1574 1231,1574 1206,1574 1181,1575 1156,1576 1131,1577 1105,1577 1080,1578 1055,1579 1030,1580 1005,1581 979,1581 954,1582 929,1582 904,1583 879,1583"/>
                <Baseline points="879,1603 904,1603 929,1602 954,1602 979,1601 1005,1601 1030,1600 1055,1599 1080,1598 1105,1597 1131,1597 1156,1596 1181,1595 1206,1594 1231,1594 1257,1594 1282,1593 1307,1593 1332,1593 1357,1594 1383,1594"/>
                <TextEquiv>
                    <Unicode>ni cosa que caiga en gusto,</Unicode>
                </TextEquiv>
            </TextLine>
            <TextLine id="r1l122" custom="readingOrder {index:35;}">
                <Coords points="892,1656 918,1656 944,1655 970,1655 997,1654 1023,1654 1049,1653 1075,1653 1102,1652 1128,1651 1154,1651 1181,1650 1207,1650 1233,1649 1259,1648 1286,1648 1312,1648 1338,1647 1365,1647 1365,1617 1338,1617 1312,1618 1286,1618 1259,1618 1233,1619 1207,1620 1181,1620 1154,1621 1128,1621 1102,1622 1075,1623 1049,1623 1023,1624 997,1624 970,1625 944,1625 918,1626 892,1626"/>
                <Baseline points="892,1646 918,1646 944,1645 970,1645 997,1644 1023,1644 1049,1643 1075,1643 1102,1642 1128,1641 1154,1641 1181,1640 1207,1640 1233,1639 1259,1638 1286,1638 1312,1638 1338,1637 1365,1637"/>
                <TextEquiv>
                    <Unicode>pofque si miran, enfadan,</Unicode>
                </TextEquiv>
            </TextLine>
            <TextLine id="r1l124" custom="readingOrder {index:36;}">
                <Coords points="882,1702 908,1701 934,1701 960,1700 987,1699 1013,1699 1039,1698 1065,1697 1092,1696 1118,1696 1144,1695 1171,1694 1197,1693 1223,1693 1249,1692 1276,1692 1302,1692 1328,1692 1355,1692 1355,1662 1328,1662 1302,1662 1276,1662 1249,1662 1223,1663 1197,1663 1171,1664 1144,1665 1118,1666 1092,1666 1065,1667 1039,1668 1013,1669 987,1669 960,1670 934,1671 908,1671 882,1672"/>
                <Baseline points="882,1692 908,1691 934,1691 960,1690 987,1689 1013,1689 1039,1688 1065,1687 1092,1686 1118,1686 1144,1685 1171,1684 1197,1683 1223,1683 1249,1682 1276,1682 1302,1682 1328,1682 1355,1682"/>
                <TextEquiv>
                    <Unicode>si rien abren tanta boca,</Unicode>
                </TextEquiv>
            </TextLine>
            <TextLine id="r1l128" custom="readingOrder {index:37;}">
                <Coords points="883,1746 909,1746 935,1746 961,1746 987,1745 1013,1744 1039,1743 1065,1743 1091,1742 1117,1741 1143,1740 1169,1738 1195,1738 1221,1737 1247,1736 1273,1736 1299,1736 1325,1736 1325,1706 1299,1706 1273,1706 1247,1706 1221,1707 1195,1708 1169,1708 1143,1710 1117,1711 1091,1712 1065,1713 1039,1713 1013,1714 987,1715 961,1716 935,1716 909,1716 883,1716"/>
                <Baseline points="883,1736 909,1736 935,1736 961,1736 987,1735 1013,1734 1039,1733 1065,1733 1091,1732 1117,1731 1143,1730 1169,1728 1195,1728 1221,1727 1247,1726 1273,1726 1299,1726 1325,1726"/>
                <TextEquiv>
                    <Unicode>que parecen la Tarasca,</Unicode>
                </TextEquiv>
            </TextLine>
            <TextLine id="r1l130" custom="readingOrder {index:38;}">
                <Coords points="883,1789 910,1790 938,1790 966,1789 994,1789 1022,1788 1050,1787 1078,1787 1106,1786 1134,1785 1162,1784 1189,1783 1217,1782 1245,1781 1273,1780 1301,1780 1329,1780 1357,1780 1385,1780 1413,1780 1441,1781 1441,1751 1413,1750 1385,1750 1357,1750 1329,1750 1301,1750 1273,1750 1245,1751 1217,1752 1189,1753 1162,1754 1134,1755 1106,1756 1078,1757 1050,1757 1022,1758 994,1759 966,1759 938,1760 910,1760 883,1759"/>
                <Baseline points="883,1779 910,1780 938,1780 966,1779 994,1779 1022,1778 1050,1777 1078,1777 1106,1776 1134,1775 1162,1774 1189,1773 1217,1772 1245,1771 1273,1770 1301,1770 1329,1770 1357,1770 1385,1770 1413,1770 1441,1771"/>
                <TextEquiv>
                    <Unicode>si cantan, pienso, que ahullan,</Unicode>
                </TextEquiv>
            </TextLine>
            <TextLine id="r1l132" custom="readingOrder {index:39;}">
                <Coords points="881,1833 906,1834 931,1834 956,1834 981,1834 1006,1833 1031,1832 1056,1832 1081,1831 1106,1830 1131,1829 1156,1828 1181,1827 1206,1826 1231,1826 1256,1825 1281,1825 1306,1825 1331,1825 1356,1825 1381,1826 1381,1796 1356,1795 1331,1795 1306,1795 1281,1795 1256,1795 1231,1796 1206,1796 1181,1797 1156,1798 1131,1799 1106,1800 1081,1801 1056,1802 1031,1802 1006,1803 981,1804 956,1804 931,1804 906,1804 881,1803"/>
                <Baseline points="881,1823 906,1824 931,1824 956,1824 981,1824 1006,1823 1031,1822 1056,1822 1081,1821 1106,1820 1131,1819 1156,1818 1181,1817 1206,1816 1231,1816 1256,1815 1281,1815 1306,1815 1331,1815 1356,1815 1381,1816"/>
                <TextEquiv>
                    <Unicode>si representan, que rabian,</Unicode>
                </TextEquiv>
            </TextLine>
            <TextLine id="r1l134" custom="readingOrder {index:40;}">
                <Coords points="886,1878 911,1878 936,1878 962,1878 987,1877 1012,1877 1038,1876 1063,1875 1088,1874 1114,1873 1139,1873 1164,1872 1190,1871 1215,1870 1240,1870 1266,1869 1291,1869 1316,1869 1342,1869 1367,1870 1393,1871 1393,1841 1367,1840 1342,1839 1316,1839 1291,1839 1266,1839 1240,1840 1215,1840 1190,1841 1164,1842 1139,1843 1114,1843 1088,1844 1063,1845 1038,1846 1012,1847 987,1847 962,1848 936,1848 911,1848 886,1848"/>
                <Baseline points="886,1868 911,1868 936,1868 962,1868 987,1867 1012,1867 1038,1866 1063,1865 1088,1864 1114,1863 1139,1863 1164,1862 1190,1861 1215,1860 1240,1860 1266,1859 1291,1859 1316,1859 1342,1859 1367,1860 1393,1861"/>
                <TextEquiv>
                    <Unicode>si danzan, todo es corcobos,</Unicode>
                </TextEquiv>
            </TextLine>
            <TextLine id="r1l136" custom="readingOrder {index:41;}">
                <Coords points="886,1923 912,1923 938,1922 965,1922 991,1921 1017,1921 1044,1920 1070,1919 1096,1918 1123,1918 1149,1917 1175,1916 1202,1915 1228,1915 1254,1914 1281,1914 1307,1914 1333,1914 1360,1915 1386,1915 1413,1916 1413,1886 1386,1885 1360,1885 1333,1884 1307,1884 1281,1884 1254,1884 1228,1885 1202,1885 1175,1886 1149,1887 1123,1888 1096,1888 1070,1889 1044,1890 1017,1891 991,1891 965,1892 938,1892 912,1893 886,1893"/>
                <Baseline points="886,1913 912,1913 938,1912 965,1912 991,1911 1017,1911 1044,1910 1070,1909 1096,1908 1123,1908 1149,1907 1175,1906 1202,1905 1228,1905 1254,1904 1281,1904 1307,1904 1333,1904 1360,1905 1386,1905 1413,1906"/>
                <TextEquiv>
                    <Unicode>no aciertan nada si mandan,</Unicode>
                </TextEquiv>
            </TextLine>
            <TextLine id="r1l138" custom="readingOrder {index:42;}">
                <Coords points="887,1967 912,1967 937,1966 963,1966 988,1965 1014,1965 1039,1964 1064,1963 1090,1962 1115,1961 1141,1960 1166,1960 1191,1959 1217,1959 1242,1959 1268,1959 1293,1960 1319,1960 1319,1930 1293,1930 1268,1929 1242,1929 1217,1929 1191,1929 1166,1930 1141,1930 1115,1931 1090,1932 1064,1933 1039,1934 1014,1935 988,1935 963,1936 937,1936 912,1937 887,1937"/>
                <Baseline points="887,1957 912,1957 937,1956 963,1956 988,1955 1014,1955 1039,1954 1064,1953 1090,1952 1115,1951 1141,1950 1166,1950 1191,1949 1217,1949 1242,1949 1268,1949 1293,1950 1319,1950"/>
                <TextEquiv>
                    <Unicode>si acaso están de visita,</Unicode>
                </TextEquiv>
            </TextLine>
            <TextLine id="r1l140" custom="readingOrder {index:43;}">
                <Coords points="888,2014 913,2013 938,2012 964,2011 989,2010 1015,2009 1040,2009 1066,2008 1091,2008 1117,2007 1142,2006 1168,2006 1193,2005 1219,2005 1244,2004 1270,2004 1295,2003 1321,2003 1321,1973 1295,1973 1270,1974 1244,1974 1219,1975 1193,1975 1168,1976 1142,1976 1117,1977 1091,1978 1066,1978 1040,1979 1015,1979 989,1980 964,1981 938,1982 913,1983 888,1984"/>
                <Baseline points="888,2004 913,2003 938,2002 964,2001 989,2000 1015,1999 1040,1999 1066,1998 1091,1998 1117,1997 1142,1996 1168,1996 1193,1995 1219,1995 1244,1994 1270,1994 1295,1993 1321,1993"/>
                <TextEquiv>
                    <Unicode>ninguna se está callada,</Unicode>
                </TextEquiv>
            </TextLine>
            <TextLine id="r1l143" custom="readingOrder {index:44;}">
                <Coords points="890,2058 916,2057 942,2056 968,2055 994,2055 1020,2054 1047,2053 1073,2053 1099,2052 1125,2051 1151,2051 1177,2050 1204,2050 1230,2049 1256,2049 1282,2048 1308,2048 1335,2047 1335,2017 1308,2018 1282,2018 1256,2019 1230,2019 1204,2020 1177,2020 1151,2021 1125,2021 1099,2022 1073,2023 1047,2023 1020,2024 994,2025 968,2025 942,2026 916,2027 890,2028"/>
                <Baseline points="890,2048 916,2047 942,2046 968,2045 994,2045 1020,2044 1047,2043 1073,2043 1099,2042 1125,2041 1151,2041 1177,2040 1204,2040 1230,2039 1256,2039 1282,2038 1308,2038 1335,2037"/>
                <TextEquiv>
                    <Unicode>porque tódas de monton</Unicode>
                </TextEquiv>
            </TextLine>
            <TextLine id="line_1604417026889_691" custom="readingOrder {index:45;}">
                <Coords points="881,2106 1377,2106 1377,2046 881,2046"/>
                <TextEquiv>
                    <Unicode>quieren dár su cucharada.</Unicode>
                </TextEquiv>
            </TextLine>
            <TextEquiv>
                <Unicode>que para formar enredos!
de las mugeres se ampara,
con que de aqui sacarémos,
que peores y más malas
son que todos los Demonios,
que allá en el Infierno andan.
pues el ejemplo, y doctrina
que ellas tienen, y declaran
es solo lo que aprendieron
de Ana Bolena, y la Cába
pues por esta se perdió¡
la fiel Corona de España, 
y por la otra se introdujo
la heregía en cuantas almas
habia en Inglaterra,
y esto bien claro se halla
que yo no digo mentiras..
sino es vendades que pasan
y aquesto lo aflímaré,
pues despues queaquellas faltan,
hay hechicerasmas, finas,
y de peores entrañas.
Bien sé yo, que estas senoras
estaran muy disgustadas
de oir de esta bocá humildé
verdadestan á la clara,
y que si posible fuera,
que á sus uñas me pescaran,
yo aseguro que saliera
mi melena bien rizada,
y por oso no me atrevo
yo á arrimarme, guárda guarda.
Qué haya quien nos las alabe?
De bueno nunca hacen nada,
ni cosa que caiga en gusto,
pofque si miran, enfadan,
si rien abren tanta boca,
que parecen la Tarasca,
si cantan, pienso, que ahullan,
si representan, que rabian,
si danzan, todo es corcobos,
no aciertan nada si mandan,
si acaso están de visita,
ninguna se está callada,
porque tódas de monton
quieren dár su cucharada.</Unicode>
            </TextEquiv>
        </TextRegion>
    </Page>
</PcGts>
