1752 2480
1211 192 1502 243 Número 361.
578 1193 1064 1241 RELACION
174 1366 1582 1431 EN CONTRA DE LAS MUGERES.
210 1587 774 1637 Señores, no soy yo el mismo,
156 1631 706 1675 que en aquesta misma cuadra
148 1675 654 1718 ante este mismo Auditorio,
148 1718 518 1758 y en esta regocijada
152 1763 746 1811 tarde, habrá un rato muy corto,
144 1807 642 1852 me puse á loar las gracias,
141 1851 570 1892 las virtudes, el ingenio
150 1896 598 1937 la agudéza, y celebradas
142 1943 709 1985 prendas, que aquestas señoras
146 1987 642 2029 quieren algunos, que haya
144 2029 488 2069 naturaleza dotado?
136 2074 602 2118 Si la idea no me engaña,
148 2118 558 2159 esto es asi: pues ahora
146 2162 724 2213 vengo á aquesta misma cuadra,
886 1602 1381 1648 ante este mismo Auditorio
886 1645 1372 1693 á decir en voz muy clara,
884 1689 1338 1736 que me retracto de todo,
877 1733 1468 1783 y es mi opinion muy contraria.
880 1778 1302 1823 Yo loar á las mugeres,
884 1823 1438 1873 cundo su nombre me enfada,
876 1871 1438 1919 y el verlas me causa asombro,
880 1917 1324 1957 y temblores el mirarlas,
880 1959 1415 2004 pues por ellas me han tenido
884 2002 1338 2046 diez meses en una cama?
870 2046 1364 2092 Aqueso no, alto pues digo,
870 2094 1370 2135 y á publicar voy sus fattas.
868 2135 1371 2180 Señores lo que al principío
862 2181 1367 2224 llevo dicho de estas Damas
