1765 2512
190 104 692 140 son mentiras; y embelecos
187 150 620 184 son fábulas, y patrañas,
187 194 758 228 que han sucedido en el Mundo
198 238 674 271 Por ellas se pierden casas,
194 283 704 316 por ellas se pieiden honras,
189 325 752 361 y hasta los hombres se matan.
191 368 633 404 lnventoras de lazenvidia
199 413 701 449 principio de las desgracias,
196 458 632 492 de las desdichas asunto,
196 502 639 538 y de las tragedias causa.
196 545 684 581 Son amigas de embelecos;
200 590 686 625 de mentiras, y de chanzas,
196 635 668 670 de juegos, y de comedias,
195 679 670 713 de holgorios y de risadas,
193 723 652 756 y de meterse en aquello,
198 766 661 802 que no les toca, ni llama:
195 813 734 847 amigas de andar en chismes,
198 856 593 889 y de afeitarse lacara,
199 900 674 935 poniendose mil menjuges
193 945 665 979 cun intencion deprabada:
201 990 580 1022 voy á referir algunos
195 1034 628 1067 de los muy muchos que gastan.
201 1077 624 1111 Lo primero es soliman,
198 1122 586 1155 adormideras y habas,
204 1166 678 1202 salvia, alcanfor, yhuevos,
196 1210 602 1245 ajonjoli, vino y pasas,
200 1254 688 1289 de las pipas del membrillo
197 1299 718 1334 junto con las mismas agrias
201 1343 638 1378 hacen tambien un licor,
208 1388 733 1424 que dá gran lustre á la cara.
195 1432 630 1465 Ponense la mantequilla
195 1477 644 1510 de camuesas preparada,
207 1521 632 1555 el jaboncillo, y la miel,
199 1565 661 1600 y de las almendras sacan
200 1612 584 1643 echadas en infusion,
208 1654 615 1687 la leche por alquitara.
205 1699 716 1731 En fin, de estos ingredientes
206 1742 698 1776 hacen con tal arte, y maña
207 1788 694 1821 un caldo, que aunque una tenga
208 1832 678 1865 como un demonio la cara
208 1875 662 1909 en poniendose este caldo
206 1919 677 1954 se transformará en Diana
208 1965 749 1999 pero aquel proberbio antiguo
205 2008 691 2042 (ó qué lindamente encaja!)
207 2053 749 2091 que aunque la mona se vista,
211 2099 646 2132 ecetera que esto basta.
912 100 1395 134 Luego adornan su persona
916 143 1339 178 en la riquesa, y la gala.
911 186 1363 222 Lo primero, las camisas
919 232 1390 266 son muy finas, delgadas,
918 276 1358 311 los tocados prodigiosos,
918 320 1378 354 gargantillas, y arracadas,
932 363 1340 398 los aderezos muy finos,
924 408 1348 440 de tocados, y de gasas,
932 451 1406 485 las perlas en las muñecas,
928 494 1420 530 los ricos guantes de ambar;
921 539 1397 573 los cintillos, en los dedos
924 583 1452 618 de diamántes, y esmeraldas,
932 628 1388 662 los encaramados siempre
930 675 1416 709 cuajados de oro y de plata,
932 717 1374 750 los polleros tan costosos,
928 760 1406 794 ya guarnecidos de franjas,
927 805 1398 837 las medias de mil colores
928 848 1350 882 con las ligas dibujadas,
927 893 1257 927 el zapatillo picado
919 939 1373 973 parece que del pie salta;
921 982 1351 1017 y mirandola realmente,
931 1026 1347 1059 como ello es á la clara
927 1071 1376 1104 luz de la razon, parecen
931 1114 1374 1147 tan redondas, y sopladas
927 1159 1398 1193 á la que el dia del Corpus
928 1204 1388 1237 el yulgo llaman Parasca.
933 1248 1456 1282 Y á qué pensarásel discreto,
929 1294 1360 1326 que se dirige está gala,
935 1337 1406 1370 este fausto, y esta pompa?
930 1380 1404 1415 A qué (ó polilla malvada!)
960 1425 1415 1461 á perturbar á los hombres
928 1470 1350 1504 el espiritu, y la gracia.
931 1513 1415 1547 Pues digáme uñás cajiflas,
928 1558 1433 1592 que traen eón aftej y mañá
934 1603 1398 1636 de tabaco en lós bolsiflos,
935 1635 1605 1682 que es tabaco palvònada,
935 1677 1607 1726 pastelés, que ásofa el mundo,
937 1735 1423 1772 y es contagio de las álmas.
934 1780 1416 1815 Pues asi comó el pobrete,
939 1810 1621 1859 que á orilla del agua se halla,
943 1854 1615 1903 tiende la caña; y el hilo,
935 1900 1611 1949 por vér si algun pez saca,
937 1943 1611 1992 asi tambien en cualquiera
931 1985 1609 2038 parte, ó lugar donde sé hullan
943 2026 1625 2080 en un instante fránquean
939 2076 1621 2126 todas cuantas hay las cajas,
