1737 2508
197 255 723 305 el saber que has de pa. tir,
198 309 642 352 y no sabes donde vás.
212 360 572 404 á la casada jugar,
216 410 653 455 para su vicio ostentar,
210 456 686 503 pérfida vende su honor.
209 507 769 555 Ya en el sesto no hay pudor,
208 560 626 606 ni menos reputacion;
216 607 693 658 porque sin contradicion,
216 654 813 708 el hombre está siempre atento,
211 706 722 757 y tiene á cada momento
210 760 653 809 en la mano la ocasion.
253 834 851 892 El décimo no codiciar los bienes
494 895 630 933 agenos.
268 968 694 1016 De caer en la avaricia
225 1021 615 1067 vemos al avaricioso,
225 1070 659 1119 y tambien al poderoso
227 1122 675 1166 tropezar en la codicia.
228 1170 658 1218 De la Divina Justicia
221 1223 675 1269 suspenso el azote está;
227 1273 547 1318 pero dia llegará
230 1319 794 1368 de que este rigor se estrene:
233 1375 713 1418 el uno, porque no tiene,
235 1423 717 1472 y el otro, porque no dá.
278 1503 741 1552 De esta manera los diez
236 1555 685 1604 se reducen solo á dos:
238 1607 687 1655 el uno al amor á Dios;
245 1655 731 1706 y el del prójimo despues.
237 1703 672 1755 Pero como el interés
242 1752 798 1805 su vicio tanto ha estendido,
241 1802 831 1858 y el mundo se ha corrompido
254 1858 664 1906 en término señalado,
254 1907 744 1956 que ni Dios es adorado,
251 1957 721 2007 ni el prógimo conocido.
290 2002 859 2055 Moro, estos diez madamientos
253 2055 769 2107 solo se encierfan en dos:
253 2108 755 2159 en servir y amar á Dios,
258 2159 747 2208 observando sus preceptos;
263 2209 752 2259 y asi por este argumento
259 2261 769 2307 debes quedar convencido,
268 2314 775 2360 que mi Dios es uno y trino,
926 240 1347 284 y nos tiene de juzgar,
919 291 1330 339 y con rigor castigar
924 337 1501 382 á aquel que le haya ofendido.
968 392 1513 440 Piensa que te has de morir;
934 444 1545 490 piensa que hay gloria é infierno;
931 494 1439 542 bien y mal, y todo eterno,
929 545 1451 594 y que á juicio has de venir:
938 595 1410 644 ponte luego á discurrir
939 648 1449 693 tu bien y modo de obrar,
943 698 1480 742 que habrás hecho sin pensar;
940 746 1428 793 si te diera un accidente
944 802 1433 845 que murieras de repente,
935 850 1381 895 á donde irás á parar.
988 907 1483 951 Piensa bien lo que te digo;
940 959 1444 1002 trata de enmendarte, fiel;
944 1009 1411 1054 mira que aqueste papel
948 1060 1393 1104 será contra tí testigo:
945 1110 1474 1154 y que no olvides, te digo,
949 1161 1553 1203 muerte, juicio, infierno y gloria;
948 1212 1390 1253 deja toda vana gloria,
955 1262 1395 1306 y ten arrepentimiento
960 1312 1503 1353 no hagas loco pensamiento
951 1361 1503 1407 á una tan cuerda memoria.
994 1419 1473 1462 Si tener fias presumido,
964 1471 1395 1515 en la postrera ocasion,
966 1519 1417 1564 un acto de contricion,
960 1568 1579 1616 muchos, ¡ay! que lo han tenido,
959 1619 1469 1668 y á pocos les ha servido:
969 1670 1449 1716 ¡oh! quién tan loco será,
965 1721 1470 1766 y en tal riesgo se pondrá,
976 1770 1457 1814 que deje por un instante
975 1821 1433 1865 un caso tan importante
978 1871 1473 1916 que no hay otro si se vá.
1017 1930 1496 1975 Dispon tu vida ajustada,
979 1981 1539 2026 mira que cuando enfermares,
982 2031 1595 2076 del tiempo que allá encontrares,
978 2083 1519 2128 nunca ha de sobrarte nada;
982 2133 1493 2177 porque de aquesta jornada,
977 2185 1497 2228 no se ha de volver jamás;
985 2235 1527 2278 mira el paraje en que estás,
1000 2289 1493 2334 que es caso para aturdir,
