1765 2512
395 271 1301 431 DECIMAS GLOSADAS.
555 532 1097 571 Un hombre murió sin culpa,
514 577 980 616 su madre nunca nació,
517 621 1019 659 y su abuela fué doncella
512 665 1026 701 hasta que el nieto murió.
194 714 706 748 En prueba de esta verdad,
146 758 648 793 verá el curioso evidente,
151 803 629 838 que por redimir la gente
143 847 549 881 la Divina Magestad,
153 888 591 925 padeció gran crueldad
150 933 676 967 sin haber en esto disculpa;
164 977 658 1012 y de esta verdad resulta,
159 1021 667 1054 quedando bien aprobado,
151 1064 577 1102 por redimir el pecado
153 1107 700 1142 un hombre murió sin culpa.
199 1151 746 1184 De tierra fué Adan formado,
151 1195 671 1229 la muger de una costilla,
149 1239 603 1277 y para mas maravilla,
153 1283 635 1315 el Señor los ha juntado.
164 1327 608 1360 Cayeron en el pecado,
155 1367 567 1407 y de aquesto resultó
163 1412 651 1447 que á Cain y Abel les dió
162 1455 752 1492 que muy contrarios se vieran,
149 1501 709 1535 y de aquestos que nacieran,
149 1544 601 1577 su madre nunca nació.
924 702 1428 739 Cain de envidia malvaday!
880 748 1387 786 á su hermano Abel mató,
883 790 1328 834 y en el monte le dejó
887 834 1379 873 con su sangre derramada.
875 878 1369 917 Su muerte será vengada,
884 921 1417 960 porque Dios en tal querella
883 966 1375 1005 le dió la muerte por ella,
879 1011 1372 1049 quedando bien aprobado,
883 1053 1345 1094 su padre se vió casado,
873 1098 1379 1141 y su abucla fue doncella.
925 1141 1338 1179 Por disposion de Dios
880 1186 1329 1224 Adan se vió castigado,
879 1229 1332 1267 del páraiso desterrados
881 1273 1283 1310 Adan y Eva, los dos
880 1318 1374 1356 clamaban con triste voz;
875 1361 1367 1399 porque Dios les condenó,
879 1404 1377 1448 y en pago de esto les dió
888 1448 1361 1486 una muy pesada guerra,
886 1492 1361 1530 quedó doncella la tierra
885 1535 1397 1574 hasta que el nieto murió.
560 1604 1086 1637 Dichoso quien á Dios ama,
510 1648 1066 1682 dichoso quien á Dios teme,
520 1692 1064 1725 dichoso quien á Dios busca,
521 1736 1055 1770 dichoso quien no le ofende.
205 1799 739 1836 Qué hermosisima es el alma
153 1845 694 1877 que se emplea en el Señor,
158 1888 646 1920 dispuesta por la mañana
152 1932 650 1966 haciendo actos de amor;
158 1975 672 2008 dichoso quien á Dios ama.
195 2020 720 2055 El que mucho le quisiere,
152 2063 658 2097 siempre en su ley estará,
161 2106 615 2142 y si su reino pretende
162 2150 612 2182 detrás de Dios andará;
153 2196 679 2228 dichoso quien á Dios teme.
927 1795 1395 1829 Ansioso siempre lo busca
882 1839 1336 1874 noche y dia sin parar,
886 1883 1384 1918 solo en servirle se ocupa,
881 1927 1319 1960 diciendo va sin cesar,
879 1970 1409 2004 dichoso quien á Dios busca.
923 2014 1387 2048 El que gozarle quisiere
877 2058 1367 2096 y colocarse en su reino,
880 2102 1366 2136 sus leyes tenga presente,
879 2145 1421 2181 por gozar del Padre Eterno;
883 2190 1427 2224 dichoso quien no le ofende.
668 2308 1066 2356 CARMONA:—1856.
261 2367 1436 2418 Imp. de D. J. M. Moreno, calle Juan de la Cabra núm. 5.
