1765 2512
501 325 1241 377 LETRITLLA GRACIOSA Y NUEVA,
182 362 1579 437 compuesta por un astrólogo moderno, que avisa á todos los casados el
176 412 1577 486 modo con que podrán librarse de las demasias y locuras de sus mugeres.
224 534 653 580 Oigan esta satirilla
186 583 793 631 los que han caido al garlito,
190 629 768 681 que á todo recien casadito
181 680 695 730 he de leerle la cartilla.
237 730 654 774 A ninguna picarilla
189 779 705 827 le dejen tener calzones,
197 827 777 876 porque no tengan botones,
205 877 703 923 quebrarles una costilla,
203 924 639 973 escuchen la satirilla.
251 973 817 1021 Que yo trate á mí muger,
201 1021 744 1070 conforme á mí estado y ser
205 1074 699 1121 y la quiera como á mí,
212 1123 642 1165 bueno, eso sí, sí, sí.
249 1148 1443 1213 Mas porque mucho la quíera aliviar de sangre quiera.
205 1215 753 1265 se muestre muy bachillera
217 1269 718 1312 y mande mas que no yo,
211 1316 647 1366 palo, eso no, no, no.
265 1363 855 1412 Que yo su esposo me llame,
223 1414 703 1463 y como esposa la yame,
227 1463 785 1509 pues que por tal la escogí,
227 1512 679 1558 que me place, eso sí.
261 1561 743 1602 Pero que salga galana,
217 1608 773 1654 hoy bien y mejor mañana,
231 1658 757 1702 sin saber quién se lo dió,
230 1711 519 1751 malo, eso no.
286 1752 862 1801 Que yendo en mi compañía
230 1805 719 1847 vea comedia algun dia,
239 1855 701 1896 porque permiso la dí,
237 1907 515 1949 corra, eso sí.
287 1950 823 1993 Mas que salga disfrazada,
241 2001 705 2048 y de trage demudada,
241 2051 721 2092 con la vieja que buscó,
251 2100 545 2146 quita, eso no.
246 2193 857 2241 aunque á mi bolsa haga daño,
251 2245 717 2288 quiera cazuela mongí,
257 2296 525 2337 lindo, eso sí.
940 513 1515 560 Mas que todo el año quiera
899 565 1415 610 comer cabrito y ternera,
903 616 1454 661 y que tenga el nombre yó,
907 666 1269 706 cuerno, eso no.
962 711 1459 755 Que la calse el zapatero,
911 761 1429 811 y que se lleve el dinero
918 813 1403 854 que para el caso la dí,
924 862 1222 900 bueno, eso sí,
967 904 1573 949 Mas que ella guarde la pella,
927 955 1475 1001 y qué él se calce con ella,
927 1006 1415 1048 porque con él se calzó,
927 1057 1235 1096 lesnas, eso no.
973 1100 1543 1146 Que en otoño ó primavera,
930 1197 1401 1244 y delante sea de mí
939 1250 1229 1291 corra, eso sí.
977 1292 1529 1338 Mas que yo pague la pena,
931 1341 1497 1390 sin que conozca cual vena
933 1397 1325 1439 el barbaro la pico,
932 1443 1261 1487 navaja, eso no.
980 1485 1569 1537 Que me pida á mi el casero
950 1536 1497 1585 que yo le pague el dinero
945 1588 1431 1632 de la casa en que viví,
943 1641 1229 1687 justo, eso sí.
991 1684 1566 1728 Mas que pretenda el destajo
945 1730 1471 1781 el cobrar el cuarto bajo
957 1783 1479 1830 que mi muger le alquiló,
951 1835 1219 1878 balas eso no.
994 1875 1595 1923 De estos polvos y estos lodos
955 1925 1515 1974 bien podrán librarse todos
957 1978 1473 2022 si ejemplo toman de mí,
964 2028 1303 2073 ojo, eso sí, sí sí.
1007 2073 1501 2119 Pero si así no lo hacen
301 2122 1515 2190 Que las mas pascuas del año, no es posible que lo pasen
971 2174 1407 2217 tan seguros como yo,
968 2225 1388 2266 fijo, eso no, no, no.
563 2244 1343 2415 CARMONA:—Imp. de D. J. M. Moreno.
