1289 1751
845 120 893 158 7
153 173 612 209 El me hace mil agasajos;
156 220 628 258 yo apostaré que vá ahora
168 270 689 307 y que la mete en los cascos
164 320 552 357 que soy acá y aculla
160 368 568 405 hasta dejarlo ajustado.
163 416 707 454 ¡Ah, Dios me dé buena dicha!
161 466 665 501 Ahora bien, voy trabajando,
164 516 572 550 despacharemos al viejo
163 563 618 599 que tiene acá sus zapatos
163 611 640 648 dias ha, y temo que venga
160 658 586 696 áver si están acabados.
210 707 898 745 Siéntase á coser, canta y sale el Vejete.
111 757 654 794 Vej. Servidor, señor Maestro.
109 804 877 843 Zap. Aun no he hecho mas que tomarlos.
111 855 735 891 Vej. Oiga el hombre, buenos dias,
164 905 662 940 que ahora no pido zapatos.
107 953 664 989 Zap. Siéntese usté un poquito
159 1000 611 1037 verá como los despacho.
117 1050 684 1087 Vej. ¿Qué dices sordo maldito?
155 1099 660 1134 parece que me dás chasco.
111 1146 706 1183 Vej. ¿Qué le eche un taconcito?
153 1195 593 1232 norabuena, de contado;
155 1244 667 1280 aunque harta falta me hace
162 1294 540 1329 el tener así la mano.
118 1340 707 1381 Vej. ¿Hay sordera mas terrible?
160 1391 632 1427 el hombre está rematado.
105 1439 739 1477 Zap. Pues si entra por otra parte
155 1489 566 1526 volaba toda la mano.
