1188 1758
400 114 440 161 6
302 175 744 214 Zap. En eso tiene razon,
354 223 841 262 ya veo que está descalzo.
301 273 838 309 Sac. ¿Dígote yo nada de eso?
343 321 920 358 hombre ¿tú eres maza ó mazo?
451 371 1026 407 Levántase el lapatero riéndose.
303 420 1060 456 Zap. ¿Pues quién se lo ha dicho á usté
352 469 875 507 sino está en hora ajustado?
303 516 1070 555 Sac. El dice mil desatinos: Hace que se vá
355 565 913 605 déjame hombre de los diablos.
302 613 813 655 Zap. Allá está su tia á eso,
356 663 738 700 y si lo deja ajustado,
348 710 784 748 el lunes, á mas tardar,
356 758 853 797 enviaré por los despachos.
307 808 823 847 Sac. Aquesa es otra locura,
351 857 823 895 el hombre está rematado.
301 906 843 943 Zap. Si señor, el señor cura
348 955 784 991 será fuerza desposarnos.
306 1003 838 1040 Sac. Quédate con bercebú.
305 1053 945 1090 Zap. El guarde á usté muchos años.
354 1100 841 1138 Digo, si usté está con ella
352 1147 883 1192 dé una puntada en el causo,
351 1197 855 1239 dígala que soy buen mozo,
350 1248 854 1284 y de padres muy honrados.
297 1295 889 1332 Sac. Por no escucharte me iré
352 1344 821 1383 aunque ande sin zapatos.
1092 1349 1144 1383 váse.
305 1395 875 1432 Zap. No tiene usté que volver,
355 1443 852 1480 ya los llevará el muchacho.
361 1493 786 1532 ¡Famoso es el Sacristan!
