1752 2480
208 209 468 250 señor, dijo, ya que voy,
163 257 469 292 á sufrir la pena impuesta,
240 304 402 342 suplico se me permita
115 348 387 390 en esta hora postrera
45 396 387 442 tocar mi triste violin
52 444 547 490 que huérfano al fin se queda;
37 495 379 538 el usurero se opuso
79 542 459 581 con todo vigor y fuerza,
37 587 443 634 mas el juez lo concedió
61 637 451 680 usando de su clemencia,
35 686 487 731 y porque debia cumplirse
37 735 429 772 del enano la promesa,
66 779 461 822 y de las tres peticiones
42 828 434 870 la proposicion tercera,
115 873 511 916 que fué que lo que pidiese
43 925 419 965 todo se le concediera;
47 972 449 1013 diéronle pues su violin,
69 1018 505 1063 y cuando á tocar empieza,
63 1063 493 1110 el juez, eon el escribano
44 1112 534 1157 y alguaciles con gran priesa
48 1163 391 1205 empezaron á bailar
50 1209 489 1253 con una furia sin riendas;
52 1255 515 1301 conforme subia los puntos
56 1307 424 1349 subian á las estrellas
52 1355 427 1397 lás forzadas cabriolas
58 1403 496 1442 de toda la concurrencia;
63 1448 511 1492 el verdugo soltó al preso,
62 1495 497 1541 y sobre la misma cuerda
61 1543 575 1586 bailaba mas que mil trompos
60 1594 491 1635 bailar y rodar pudieran;
67 1644 345 1682 el usurero judío
726 188 1156 228 cabriolaba con destreza,
730 235 1159 279 y ya todos destrozados,
727 282 1199 325 creyendo su hora postrera,
730 330 1205 371 sudando á rios, y á mares,
740 376 1219 419 sacada un palmo la lengua,
740 425 1161 466 el juez con trémula voz
743 472 1201 513 dijo al patan, suspendiera
734 521 1113 563 los ecos de su violin,
743 569 1159 612 y anulaba la sentencia,
747 613 1235 662 y á mas que los cien florines
747 662 1193 708 le adjudicaba por prenda:
748 713 1111 755 hízolo así, y se paró
740 761 1159 804 al punto toda la gresca,
743 808 1268 856 y al momento mandó el juez
753 857 1135 896 que el usurero dijera
760 904 1201 945 de aquel dinero el orígen
751 951 1166 992 y la veraz procedencia;
752 999 1137 1042 el usurero al instante
753 1048 1152 1088 confesó robados eran,
765 1095 1240 1136 y el juez decretó su muerte
763 1142 1207 1184 sin que traslado se diera,
763 1189 1187 1233 y en la horca del patan
760 1238 1163 1279 al usurero lo cuelgan;
771 1285 1169 1328 el gañan con su violin
772 1335 1258 1374 se fué salvo, y sin gabelas;
775 1380 1165 1425 y este suceso tan raro
779 1429 1327 1470 es verdad, y hay que creerla
765 1476 1276 1520 pues ha noticiado al pueblo
775 1525 1212 1569 con puntualidad estrema
780 1573 1209 1617 el correo que ha venido
775 1622 1187 1664 de la ciuad de Ginebra.
644 1950 834 1990 FIN.
563 2234 931 2282 CARMONA:—1858.
168 2282 1301 2346 Imp. de D. Jose M, Moreno, calle Juan de la Cabra núm. 4.
