1752 2480
1130 55 1425 210 (Número 322.)
215 1053 1530 1078 EL VIOLIN ENCANTADO.
202 1180 792 1226 Todo el mundo me esté atento,
191 1233 558 1269 alargando las orejas
193 1280 706 1318 de manera , que los hombres
192 1328 686 1367 mulos manchegos parezcan;
200 1375 686 1416 dejen de mentir los sastres,
192 1422 656 1462 de presumir las mozuelas,
192 1471 687 1510 de hilar, y arrojar gargajos
196 1518 620 1558 las descomunales viejas;
196 1565 662 1608 no escupan los fumadores,
187 1616 653 1653 y los borrachos con flema
193 1663 628 1699 estén con vaso en mano
194 1709 592 1749 hasta caer en la tierra;
188 1757 697 1796 cesen de hablar los soldados
194 1804 642 1842 refiriendo en las tabernas
190 1853 610 1889 las batallas y combates
196 1901 716 1943 que ellos á su salvo inventan;
187 1949 611 1985 los jugadores de naipes
188 1995 628 2035 dejen las barajas quietas
192 2043 564 2080 no sacando vaticinos
182 2091 620 2129 de las vanas apariencias.
188 2139 566 2175 Los loteros cavilosos
179 2187 623 2225 no miren á las estrellas,
185 2236 719 2275 y de ambo y terno se olviden
189 2285 621 2322 y las cabalas suspendan;
906 1188 1334 1225 en fin, repito me estén
912 1236 1332 1272 todas las almas atentas,
905 1284 1432 1316 y de hito en hito escuchand
915 1331 1418 1367 con sentido y con potencias:
913 1378 1366 1415 y suponiendo se presten
915 1426 1388 1466 á mi mandato obediencia,
917 1475 1281 1511 empiezo mi relacion
909 1523 1391 1559 diciendo como en Ginebra
907 1571 1429 1606 servia á un amo muy chusco
911 1619 1370 1654 un mozo bastante bestia;
909 1667 1410 1702 y á los tres años cumplidos
907 1714 1429 1751 que en su servicio se emplea
907 1762 1349 1798 le pidió el criado al amo
918 1809 1330 1849 de su salario la cuenta;
915 1858 1268 1895 el amó se la ajustó,
914 1906 1340 1942 y le dió por recompensa
911 1953 1336 1991 de cada año un escudo,
903 2002 1462 2040 sin que algo mas se estendiera;
904 2049 1444 2090 el gran simplon del sirviente,
900 2097 1408 2136 sin mas despegar la lengua,
901 2144 1325 2184 se contentó de la paga,
911 2194 1396 2233 que la creyó muy completa;
915 2242 1343 2278 y él se decia á sí mismo
910 2290 1380 2327 con estrema complacencia;
