1737 2508
354 194 762 238 á pocos rato de marcha
351 244 785 285 un viejo judío encuentra
351 292 879 338 que atento miraba á un árbol,
356 339 766 380 en cuyas ramas espesas
356 386 754 428 estaba un ufano mirlo,
347 432 877 481 que con muy dulces cadencias
345 481 784 526 cantaba con tanta gracia
344 527 768 576 que embelesaba la idea;
340 576 758 622 qué ave tan primorosa,
338 627 818 672 decia el judío, qué lengua
335 673 754 715 imitar podrá el acento
331 717 938 780 con que este animal se espresa
335 767 721 813 cualquiera cosa daria
336 816 729 863 por poder yo poseerla;
334 864 924 916 no es mas que eso, el patan dijo,
331 912 794 960 pues ya podeis ir por ella,
327 959 765 1006 y apuntando con su arco
327 1008 773 1055 el mirlo cayó en la tierra,
315 1053 621 1097 el usurero judío
317 1103 754 1150 se metió por la alameda
321 1150 718 1196 para recoger el mirlo
319 1199 830 1249 que ansiaba con tanta fuerza;
317 1246 711 1294 y sacando el ginebrino
313 1294 699 1339 su violin con ligereza
311 1342 776 1392 empezó á tocar mil sones,
308 1390 782 1440 de muy distintas maneras,
310 1437 867 1513 al punto el viejo usurero,
306 1484 711 1533 á pesar de su torpeza,
301 1534 758 1582 empezó á bailar de modo
306 1582 814 1634 que se quebraba las piernas;
290 1632 744 1676 tanto brincaba y saltaba
294 1679 700 1722 en medio de la maleza
297 1726 735 1773 que deshizo los espinos,
299 1772 834 1825 y hasta hizo polvo las piedras,
284 1820 727 1869 se desgarró los vestidos,
288 1872 742 1916 y gritaba, ya sin fuerzas,
288 1916 729 1964 señor músico , ya basta,
289 1964 792 2015 porque el demonio me lleva,
290 2011 669 2057 de ese maldito violin
279 2060 790 2108 callad el son de sus cuerdas,
273 2105 795 2157 pues que se me sale el aimia
276 2154 727 2202 haciendo tantas corvetas:
279 2203 671 2249 el patan le respondia,
280 2250 746 2300 tocando con mayor priesa,
270 2300 778 2350 pues que desollaste a tantos
1083 215 1587 270 justo es que tu piel perezca;
1087 262 1477 307 viendo el pícaro judío
1073 310 1576 362 que iba á perecer por fuerza
1080 355 1616 423 en medio de sus respingos
1078 403 1458 456 vaivenes, y zapatetas,
1076 451 1461 501 dijo con tremula voz,
1068 501 1471 549 que si paraba la fiesta
1070 549 1428 592 ofrecia cien florines
1066 595 1492 647 porque cesára la gresca;
1062 643 1435 691 enternecido el patan
1057 691 1462 742 aceptó la dicha ofeita,
1059 739 1495 789 cesó el violin, y cesaron
1063 787 1460 837 las cabriolas violentas;
1056 834 1361 878 el usurero quedó
1057 884 1578 942 mas blando que una manteca,
1055 931 1526 986 y entregó sus cien florines
1048 980 1482 1030 que era toda su riqueza;
1049 1029 1478 1078 separáronse, y al punto
1048 1076 1510 1128 fué el judío con presteza
1044 1123 1580 1177 á un juez, y la queja espuso
1044 1172 1530 1226 del lance que dicho queda,
1051 1219 1473 1273 dió las señas del patan,
1037 1267 1441 1318 y con mayor evidencia
1040 1315 1420 1364 del condenado violin
1036 1364 1547 1418 que á tanto dolor le entrega;
1043 1413 1479 1464 con tan seguros indicios
1039 1459 1507 1513 fué aprendido con presteza
1032 1508 1445 1557 el patan, y presentado
1027 1555 1506 1611 al juez en comparescencia,
1027 1603 1325 1645 el usurero judio
1035 1650 1411 1699 reclama con entereza
1029 1698 1501 1751 sus cien florines, que dice
1029 1746 1503 1798 le ha robado aquel babieca:
1030 1792 1374 1842 el paleto renegaba,
1020 1841 1477 1893 dciendo que premio eran
1016 1889 1439 1939 de su música, y ajuste
1024 1939 1548 1992 que hicieron por suspenderla:
1012 1987 1425 2031 mas al fin el juez falló
1012 2033 1463 2085 arreglado á las Pandectaa,
1012 2079 1428 2130 y la sentencia de horca
1015 2130 1482 2181 por robo al gañan decreta,
1010 2176 1423 2225 humiidemente escuchó
1003 2225 1459 2276 de su suerte la condena,
1007 2270 1529 2326 y estando al pié del suplicio
1000 2320 1522 2374 suplicó al juez que lo oyera:
