1737 2508
742 1246 1388 1360 CANCION
489 1379 1631 1508 DEL MOCITO DEL BARRIO.
404 1649 960 1713 Cuando yo me pongo feo
361 1694 922 1760 too Dio se echa á temblá,
366 1748 945 1816 porque si le arrimo un deo
360 1796 790 1863 se junde la Catreá.
389 1881 1060 1952 Esta oste, no ma é por que se pue,
374 1936 996 2015 y par eso mi Carmela, resalá,
375 1986 936 2063 cuando yo le diño un beso
372 2033 877 2105 yo no se lo que me dá:
367 2084 737 2166 puñalá, puñalá,
375 2124 920 2204 soy el mocito del Barrio,
378 2182 866 2248 ¿entiénda osté camará?
372 2224 944 2301 Soy el mocito del Barrio,
388 2270 947 2352 el que quiera que arse yá.
1129 1611 1741 1702 Si Dio me manda al infiesno
1097 1676 1524 1749 paa poermela guiyá
1086 1717 1722 1788 trinco al diablo po un cuesno
1090 1773 1546 1857 y lo coso á puñalá,
1230 1826 1556 1887 Esta osté, etc.
1141 1896 1739 1994 Si algun chavó á mi Curriya
1096 1969 1524 2039 la quisiere jonjavá
1098 2016 1562 2090 lo trinco po la patiya
1097 2054 1653 2137 y á Dio se lo vá á contá.
1242 2116 1589 2191 Esta osté, etc.
1147 2192 1713 2272 En Seviya, ná.... paqué....
1113 2257 1659 2327 si alguno la quiee pintá,
1110 2302 1622 2380 pronto le diño un mulé
