1765 2512
210 265 682 324 =Si mi casa no é posá.
208 320 598 377 —Yo le ije, resalá,
203 382 699 430 no le jase, alli me cuelo
213 438 696 485 y me saca osté elansuelo
197 492 662 542 que me jiso osté tragá.
194 548 628 595 Si la tierra fuera má
194 600 716 653 y osté fuera cualquier pé,
193 653 591 704 yo le tenderia la ré
197 713 576 760 para poderla pescá.
196 767 708 819 Al decirle esta espresion
191 823 616 871 que le sorté, camará,
191 876 621 924 me se quiso esmayá
188 932 696 983 de algun má de corazon.
188 984 796 1040 Po si es berdá moso gueno,
190 1040 658 1094 y eso que dise seguro;
182 1098 612 1147 no se queará le juro
184 1153 707 1206 ninguna noche al sereno.
186 1208 605 1258 Siga osté tras é mi,
221 1264 734 1314 ¿Po no boy mejó al lao?
196 1315 742 1371 No é igual cuerpo saláo?
188 1366 678 1425 —Y ella me contesta, si,
184 1427 668 1480 Compare cuándo dicaba
180 1485 611 1535 aquel moito de andá,
176 1539 719 1591 no jasia mas que trompesá
174 1597 718 1646 con las piedras que jayaba.
179 1649 731 1702 Yo no se lo que era aqueyo
176 1704 562 1751 lo que si pueo desi
173 1760 611 1809 que me sé queria sali
169 1817 681 1862 el corazon po el cueyo.
172 1869 812 1915 Esto lo que jago yo
167 1926 736 1978 cuando pincharo una mosa,
165 1982 712 2034 muy pulia y muy jermosa,
163 2036 648 2086 me se quita el malumó.
165 2090 534 2137 Y si pasa camará
164 2151 696 2198 po mi puerta una paqueta
928 287 1472 341 tres patá me dá en la jeta,
932 343 1346 392 no lo pueo remedia.
930 400 1412 447 Quiero una mosa bonita
923 453 1428 505 aunque no sea caballera,
928 508 1420 560 me gusta una sigarrera
923 565 1448 615 mas que ochenta señorita.
924 619 1387 668 Compare, jablo é bera:
928 680 1364 724 platico como é debio,
928 731 1471 782 en la tierra habrá mas brio
922 784 1414 836 que tienen la sigarreras.
920 839 1368 888 Con su mantiya terciá
917 889 1330 945 y su bestio é laniya,
923 951 1312 998 no paese Carmeliya
915 1005 1336 1055 una santa en el artá.
920 1058 1458 1113 Tiene osté mucha razon.
917 1110 1508 1169 —Que se la tengo, me jundo,
919 1173 1568 1223 si no se en cuentra en el mundo
912 1231 1360 1275 mujé de ma pefesion,
920 1277 1383 1327 Se juntó güena coyera,
911 1331 1424 1385 un mositó como un pino,
917 1387 1428 1437 y una mosa sandunguera.
910 1440 1308 1490 Soy torero y bebeó,
911 1495 1402 1547 y si é licó, de lo gueno,
915 1558 1443 1598 en tres mese no me lleno
912 1605 1266 1654 esta pansá é licó:
907 1662 1564 1709 Canto tambien la serrana
911 1717 1524 1771 de Juan de Dios y el Planeta,
908 1772 1338 1821 yo canto la Sevillana,
906 1828 1564 1869 y toco las castañetas.
901 1881 1333 1931 Si hablamos é toreá,
907 1937 1405 1987 toita la jente se espanta
905 1987 1562 2039 tan solo de ver mi planta,
901 2047 1588 2091 y mi mucha sereníá
904 2098 1566 2148 Veraste, camaraita
904 2156 1562 2201 salí yo en uña corria,
