1752 2480
82 278 762 319 Po sepa osté amigo mio
83 333 754 374 que é nacio en una tierra
88 388 594 430 que á nadie le pie guerra
81 443 629 485 pero ninguno á juio.
83 498 498 539 Los moso son jastaí,
79 552 662 594 valiente y bien plantao
78 608 760 650 bonito y bien jablao,
84 664 598 707 es mi tierra y lo pueo ísí;
76 720 742 762 la mapa é lo jandaluse.
77 774 542 815 Tienen mucha balentia
77 830 596 871 y una palabra mas dulce
92 886 636 928 que el turron y la arropia,
83 941 702 985 Pues una ve que fui yó
87 999 567 1038 por mi gusto á Gibraltá,
88 1047 695 1085 no habia jecho mas que entrá,
79 1100 601 1145 y me hize un inglé, chan,
87 1156 641 1199 ¿áblamé claro chavó, le ije,
87 1212 474 1252 y no con romance
79 1264 663 1309 no dé luga á que me cance
96 1320 673 1366 por que le monto en el Sol.
88 1378 483 1418 Y me ijo, comelen,
81 1430 625 1475 le di en broma un bofeton
96 1485 640 1531 que los mueyes de la cara
91 1541 684 1585 le hicieron temblar al peñon,
88 1597 630 1639 Se armó ayi una saragata
88 1653 594 1696 menua, porque enseguia,
86 1713 740 1752 acudio la policia
85 1765 585 1805 á las voces ¡que lo mata!
96 1821 679 1865 Y dicen, destite preso
95 1879 743 1919 y salta un judio maula,
85 1931 514 1973 lla caite en la jaula,
89 1984 666 2029 te ajorcaron po el pescueso.
94 2037 715 2085 Me abri de patas, y lo agarro
809 273 1482 314 por el gaznate al judio
808 327 1488 369 le jise pegar un berrio
818 384 1494 427 que á mi me dijo un francé
821 439 1387 481 que el mismo lo habia oio,
813 493 1307 539 cuando saia de Arjel
817 548 1280 589 Comensé agarra puñao
815 605 1468 644 de ingleses, y en dos por tres
820 657 1260 699 toitos me los dejé
818 710 1469 755 en esta máno estripao.
819 768 1425 811 Al traquio que pegaron
811 825 1278 866 acuen too los sordaos
821 880 1300 921 que éstaban acuartelao,
820 935 1350 977 y en seguia me cercaron.
820 991 1242 1033 Calaron la bayoneta,
820 1045 1337 1088 y biendome tan encerrao,
818 1101 1375 1144 y que me benian á prendé,
815 1156 1276 1197 meti mano á mi alfilé
823 1211 1340 1254 que tenia en la chaqueta;
821 1266 1298 1308 y ná, paqué, me parti
822 1322 1250 1364 hacia ellos y na má;
819 1374 1308 1421 y entre ó cuatro tiento,
823 1432 1354 1471 me cargué tres rejimiento
826 1488 1398 1525 y un paisano que iba á entrá.
821 1538 1322 1582 Y yó duro con lo jundo,
820 1595 1437 1636 á este quieo y á este no quieo
828 1650 1231 1693 que iban poco lijero
815 1706 1481 1751 najando pa el otro mundo;
828 1764 1298 1805 pegué alli mas puñalá
825 1816 1478 1861 y estrocé á mas canaya
830 1871 1395 1918 que arena tiene la playa
826 1927 1469 1975 y no tomé á Gibrañá
823 1984 1345 2028 por que lo mejor se calla.
1423 2027 1519 2071 FIN.
201 2074 1397 2236 CARMONA 1859:—Imp. de D. José María Moreno,
