1737 2508
305 300 835 341 compare en Ronda una vé
297 353 744 397 y me suertan una re,
298 408 810 454 mu ligera y muy brabia,
303 462 765 510 y como soy tan torero,
305 521 721 563 le hije a mi camará
299 575 880 620 caracole no hay que temblá,
297 629 906 675 que está en la plaza un toreró.
303 686 706 728 En cuanto le ije jé,
303 741 844 787 arto allá que aqui estoy yó,
304 795 771 839 compare me se queo
298 851 782 896 mas quieto que esa paé.
306 905 720 952 Vièndolo atemorisao,
304 959 739 1007 lo agarré po é josico;
299 1015 892 1062 como si fuera un borrico
297 1069 892 1118 muy viejo y mu amansao.
303 1127 845 1175 Viendo la gente esta azaña
304 1183 825 1229 me tiravan los sombreros
300 1237 790 1285 diciendo vixa el torero,
307 1293 938 1342 no hay quien lo jaga en España.
299 1348 703 1395 Si jablamos é bebé,
305 1402 856 1452 compare, pierdo la cuenta,
299 1456 786 1507 consumo toa las ventas,
306 1513 796 1560 que hay de aqui á Jere.
305 1568 900 1612 E salio tan valiente,
303 1626 928 1672 que los hombres pa reñí
298 1681 878 1728 me pien permiso á mi
301 1741 880 1783 por que me ven mu pruente.
301 1793 688 1841 Veraste camaraita;
295 1852 665 1890 salí una ve areñí
293 1906 867 1949 con un mosito valiente
295 1960 869 2006 y nos diquelo un agente
296 2019 726 2062 quiero deci, un cañí,
297 2073 808 2120 En cuanto vení lo vimos,
300 2127 684 2172 con mucha sereniá,
300 2183 795 2227 di en el suelo una patá
1025 308 1570 347 y al instante nos jundimos.
1027 365 1656 404 Llegamos los dos abajo
1031 417 1649 458 y le ije, camará
1029 474 1660 514 aqui no vendra á estorbar
1027 530 1470 569 ese moso escarabajo.
1033 585 1659 625 Tirosté y rese oste el creo
1030 641 1665 680 ar decirle esta éspresion;
1029 696 1663 734 le clavé en el corazon
1028 750 1659 792 de mi tiñosa dies deos.
1034 806 1652 847 Alli se queó metio
1030 862 1660 901 =¿Y osté por donde salió?
1057 918 1657 957 —Que por donde sali yó
1037 972 1664 1013 por donde abia colao.
1033 1030 1652 1068 De un soplo que largè
1029 1076 1656 1124 me jise puerta al instante,
1031 1139 1439 1180 y me se puso elante
1031 1196 1455 1236 el mismo cañí aquel.
1039 1245 1656 1293 Y me ijo ¿y mi camará
1031 1307 1419 1348 ebajo la tierra está
1033 1361 1660 1401 quie oste ilo ave ayá
1028 1412 1662 1452 Ló que yo quiero al instante,
1031 1467 1659 1508 é llevarlo á osté á la casilla
1031 1518 1524 1565 —A mi preso fortunita?
1026 1578 1665 1618 ombre quitese osté é elante,
1025 1633 1664 1673 miste que boy apasá
1025 1688 1660 1729 y si osté me ataja er paso,
1032 1743 1658 1784 de una puñalá lo paso
1027 1797 1665 1839 y lo ago dos tajá.
1034 1853 1660 1895 Arpunto se vinó ami:
1025 1909 1664 1950 y con mucha lijerésa,
1032 1966 1638 2006 me díó un palo en la cabeza.
1032 2018 1642 2061 Mire oste camaraita
1029 2076 1654 2116 á que no estoy achocao,
1036 2132 1542 2173 llasevé si soi mas fuerte,
1033 2189 1580 2228 que un cacho é jierro colao.
