<?xml version="1.0" encoding="UTF-8" standalone="yes"?>
<PcGts xmlns="http://schema.primaresearch.org/PAGE/gts/pagecontent/2013-07-15" xmlns:xsi="http://www.w3.org/2001/XMLSchema-instance" xsi:schemaLocation="http://schema.primaresearch.org/PAGE/gts/pagecontent/2013-07-15 http://schema.primaresearch.org/PAGE/gts/pagecontent/2013-07-15/pagecontent.xsd">
    <Metadata>
        <Creator>prov=University of Rostock/Institute of Mathematics/CITlab|PLANET AI GmbH/Gundram Leifert/gundram.leifert@planet-ai.de:name=Pliegos de Cordel (XIXe) - v4(htr_id=27283)::::v=2.6.7
prov=University of Rostock/Institute of Mathematics/CITlab|PLANET AI GmbH/Tobias Gruening/tobias.gruening@planet-ai.de:name=de.uros.citlab.module.baseline2polygon.B2PSeamMultiOriented:v=2.6.7
prov=University of Rostock/Institute of Mathematics/CITlab|PLANET AI GmbH/Tobias Gruening/tobias.gruening@planet-ai.de:name=/net_tf/LA73_249_0mod360.pb:de.uros.citlab.segmentation.CITlab_LA_ML:v=2.6.7
Transkribus</Creator>
        <Created>2020-12-04T09:32:32.629+01:00</Created>
        <LastChange>2020-12-17T17:06:51.767+01:00</LastChange>
        <Comments>
                Measurement unit: pixel
                PrimaryLanguage: 
                Producer: Transkribus
            </Comments>
        <TranskribusMetadata docId="525391" pageId="22319213" pageNr="89" tsid="50412532" status="DONE" userId="66244" imgUrl="https://files.transkribus.eu/Get?id=SSLIQHOJOTXFQNCDGDXNIKPA&amp;fileType=view" xmlUrl="https://files.transkribus.eu/Get?id=XVYRONDSXGQDIFEKQNDHSSEV" imageId="17388728"/>
    </Metadata>
    <Page imageFilename="Moreno_260_1.jpeg" imageWidth="1752" imageHeight="2480">
        <PrintSpace>
            <Coords points="216,0 1752,0 1752,2208 216,2208"/>
        </PrintSpace>
        <ReadingOrder>
            <OrderedGroup id="ro_1608295542890" caption="Regions reading order">
                <RegionRefIndexed index="0" regionRef="r_1_1"/>
                <RegionRefIndexed index="2" regionRef="r_3_1"/>
                <RegionRefIndexed index="3" regionRef="r_4_1"/>
                <RegionRefIndexed index="4" regionRef="r_7_1"/>
                <RegionRefIndexed index="5" regionRef="r_8_1"/>
            </OrderedGroup>
        </ReadingOrder>
        <TextRegion orientation="0.0" type="paragraph" id="r_1_1" custom="readingOrder {index:0;}">
            <Coords points="1262,205 1517,205 1517,273 1262,273"/>
            <TextLine id="r_1_1l1" custom="readingOrder {index:0;}">
                <Coords points="1268,294 1295,297 1322,298 1349,298 1376,298 1403,297 1430,296 1457,296 1484,297 1512,299 1512,149 1484,147 1457,146 1430,146 1403,147 1376,148 1349,148 1322,148 1295,147 1268,144"/>
                <Baseline points="1268,244 1295,247 1322,248 1349,248 1376,248 1403,247 1430,246 1457,246 1484,247 1512,249"/>
                <TextEquiv>
                    <Unicode>(Núm. 275.)</Unicode>
                </TextEquiv>
            </TextLine>
            <TextEquiv>
                <Unicode>(Núm. 275.)</Unicode>
            </TextEquiv>
        </TextRegion>
        <GraphicRegion id="r_2" custom="readingOrder {index:1;}">
            <Coords points="454,273 940,268 940,1178 454,1183"/>
        </GraphicRegion>
        <TextRegion orientation="0.0" type="paragraph" id="r_3_1" custom="readingOrder {index:2;}">
            <Coords points="678,1220 1172,1220 1172,1292 678,1292"/>
            <TextLine id="r_3_1l1" custom="readingOrder {index:0;}">
                <Coords points="679,1330 704,1331 730,1331 756,1332 782,1332 807,1332 833,1332 859,1332 885,1332 911,1332 936,1332 962,1331 988,1331 1014,1331 1040,1330 1065,1330 1091,1330 1117,1329 1143,1329 1169,1328 1169,1178 1143,1179 1117,1179 1091,1180 1065,1180 1040,1180 1014,1181 988,1181 962,1181 936,1182 911,1182 885,1182 859,1182 833,1182 807,1182 782,1182 756,1182 730,1181 704,1181 679,1180"/>
                <Baseline points="679,1280 704,1281 730,1281 756,1282 782,1282 807,1282 833,1282 859,1282 885,1282 911,1282 936,1282 962,1281 988,1281 1014,1281 1040,1280 1065,1280 1091,1280 1117,1279 1143,1279 1169,1278"/>
                <TextEquiv>
                    <Unicode>JOSELILLO</Unicode>
                </TextEquiv>
            </TextLine>
            <TextEquiv>
                <Unicode>JOSELILLO</Unicode>
            </TextEquiv>
        </TextRegion>
        <TextRegion orientation="0.0" type="paragraph" id="r_4_1" custom="readingOrder {index:3;}">
            <Coords points="494,1334 1350,1334 1350,1474 494,1474"/>
            <TextLine id="r_4_1l1" custom="readingOrder {index:0;}">
                <Coords points="526,1505 566,1506 606,1507 647,1508 687,1509 728,1509 768,1510 808,1510 849,1509 889,1509 930,1509 970,1508 1010,1507 1051,1507 1091,1507 1132,1506 1172,1506 1212,1506 1253,1506 1293,1506 1334,1506 1334,1356 1293,1356 1253,1356 1212,1356 1172,1356 1132,1356 1091,1357 1051,1357 1010,1357 970,1358 930,1359 889,1359 849,1359 808,1360 768,1360 728,1359 687,1359 647,1358 606,1357 566,1356 526,1355"/>
                <Baseline points="526,1455 566,1456 606,1457 647,1458 687,1459 728,1459 768,1460 808,1460 849,1459 889,1459 930,1459 970,1458 1010,1457 1051,1457 1091,1457 1132,1456 1172,1456 1212,1456 1253,1456 1293,1456 1334,1456"/>
                <TextEquiv>
                    <Unicode>EL GITANO.</Unicode>
                </TextEquiv>
            </TextLine>
            <TextEquiv>
                <Unicode>EL GITANO.</Unicode>
            </TextEquiv>
        </TextRegion>
        <TextRegion orientation="0.0" type="paragraph" id="r_7_1" custom="readingOrder {index:4;}">
            <Coords points="216,1588 847,1588 847,2208 216,2208"/>
            <TextLine id="r_7_1l1" custom="readingOrder {index:0;}">
                <Coords points="264,1645 291,1644 319,1644 346,1644 374,1644 402,1644 429,1644 457,1644 485,1644 512,1644 540,1645 568,1645 595,1645 623,1645 651,1645 678,1645 706,1645 734,1645 761,1645 789,1644 817,1644 817,1605 789,1605 761,1606 734,1606 706,1606 678,1606 651,1606 623,1606 595,1606 568,1606 540,1606 512,1605 485,1605 457,1605 429,1605 402,1605 374,1605 346,1605 319,1605 291,1605 264,1606"/>
                <Baseline points="264,1632 291,1631 319,1631 346,1631 374,1631 402,1631 429,1631 457,1631 485,1631 512,1631 540,1632 568,1632 595,1632 623,1632 651,1632 678,1632 706,1632 734,1632 761,1632 789,1631 817,1631"/>
                <TextEquiv>
                    <Unicode>Joseliyo en dé cuando acá</Unicode>
                </TextEquiv>
            </TextLine>
            <TextLine id="r_7_1l2" custom="readingOrder {index:1;}">
                <Coords points="219,1703 244,1702 270,1702 295,1701 321,1701 346,1700 372,1700 397,1700 423,1700 448,1700 474,1700 499,1700 525,1700 550,1700 576,1700 601,1700 627,1701 652,1701 678,1702 678,1665 652,1664 627,1664 601,1663 576,1663 550,1663 525,1663 499,1663 474,1663 448,1663 423,1663 397,1663 372,1663 346,1663 321,1664 295,1664 270,1665 244,1665 219,1666"/>
                <Baseline points="219,1691 244,1690 270,1690 295,1689 321,1689 346,1688 372,1688 397,1688 423,1688 448,1688 474,1688 499,1688 525,1688 550,1688 576,1688 601,1688 627,1689 652,1689 678,1690"/>
                <TextEquiv>
                    <Unicode>tea gechao esa queria?</Unicode>
                </TextEquiv>
            </TextLine>
            <TextLine id="r_7_1l3" custom="readingOrder {index:2;}">
                <Coords points="225,1754 254,1754 283,1755 312,1755 341,1756 371,1756 400,1757 429,1757 458,1758 487,1758 517,1758 546,1759 575,1759 604,1759 633,1759 663,1759 692,1759 721,1758 750,1758 779,1757 809,1756 809,1719 779,1720 750,1721 721,1721 692,1722 663,1722 633,1722 604,1722 575,1722 546,1722 517,1721 487,1721 458,1721 429,1720 400,1720 371,1719 341,1719 312,1718 283,1718 254,1717 225,1717"/>
                <Baseline points="225,1742 254,1742 283,1743 312,1743 341,1744 371,1744 400,1745 429,1745 458,1746 487,1746 517,1746 546,1747 575,1747 604,1747 633,1747 663,1747 692,1747 721,1746 750,1746 779,1745 809,1744"/>
                <TextEquiv>
                    <Unicode>Dege el dia que la pincharé</Unicode>
                </TextEquiv>
            </TextLine>
            <TextLine id="r_7_1l4" custom="readingOrder {index:3;}">
                <Coords points="219,1815 244,1815 270,1814 295,1813 321,1813 346,1813 372,1812 397,1812 423,1813 449,1813 474,1813 500,1813 525,1814 551,1814 576,1815 602,1815 628,1815 628,1776 602,1776 576,1776 551,1775 525,1775 500,1774 474,1774 449,1774 423,1774 397,1773 372,1773 346,1774 321,1774 295,1774 270,1775 244,1776 219,1776"/>
                <Baseline points="219,1802 244,1802 270,1801 295,1800 321,1800 346,1800 372,1799 397,1799 423,1800 449,1800 474,1800 500,1800 525,1801 551,1801 576,1802 602,1802 628,1802"/>
                <TextEquiv>
                    <Unicode>cuando la vi camará</Unicode>
                </TextEquiv>
            </TextLine>
            <TextLine id="r_7_1l5" custom="readingOrder {index:4;}">
                <Coords points="224,1870 249,1870 274,1870 300,1870 325,1870 351,1870 376,1870 402,1870 427,1870 453,1869 478,1869 504,1869 529,1869 555,1869 580,1870 606,1870 606,1831 580,1831 555,1830 529,1830 504,1830 478,1830 453,1830 427,1831 402,1831 376,1831 351,1831 325,1831 300,1831 274,1831 249,1831 224,1831"/>
                <Baseline points="224,1857 249,1857 274,1857 300,1857 325,1857 351,1857 376,1857 402,1857 427,1857 453,1856 478,1856 504,1856 529,1856 555,1856 580,1857 606,1857"/>
                <TextEquiv>
                    <Unicode>me ejó mu plantao</Unicode>
                </TextEquiv>
            </TextLine>
            <TextLine id="r_7_1l6" custom="readingOrder {index:5;}">
                <Coords points="219,1929 244,1927 269,1926 295,1925 320,1925 346,1924 371,1923 397,1923 422,1923 448,1923 473,1923 498,1923 524,1924 549,1924 575,1924 600,1925 626,1925 651,1926 677,1926 677,1889 651,1889 626,1888 600,1888 575,1887 549,1887 524,1887 498,1886 473,1886 448,1886 422,1886 397,1886 371,1886 346,1887 320,1888 295,1888 269,1889 244,1890 219,1892"/>
                <Baseline points="219,1917 244,1915 269,1914 295,1913 320,1913 346,1912 371,1911 397,1911 422,1911 448,1911 473,1911 498,1911 524,1912 549,1912 575,1912 600,1913 626,1913 651,1914 677,1914"/>
                <TextEquiv>
                    <Unicode>y poniendome á su lao,</Unicode>
                </TextEquiv>
            </TextLine>
            <TextLine id="r_7_1l7" custom="readingOrder {index:6;}">
                <Coords points="220,1980 245,1979 270,1979 296,1979 321,1979 346,1978 372,1978 397,1978 422,1978 448,1978 473,1978 498,1978 524,1979 549,1979 574,1979 600,1979 625,1979 651,1979 651,1942 625,1942 600,1942 574,1942 549,1942 524,1942 498,1941 473,1941 448,1941 422,1941 397,1941 372,1941 346,1941 321,1942 296,1942 270,1942 245,1942 220,1943"/>
                <Baseline points="220,1968 245,1967 270,1967 296,1967 321,1967 346,1966 372,1966 397,1966 422,1966 448,1966 473,1966 498,1966 524,1967 549,1967 574,1967 600,1967 625,1967 651,1967"/>
                <TextEquiv>
                    <Unicode>le ige, viva er salero</Unicode>
                </TextEquiv>
            </TextLine>
            <TextLine id="r_7_1l8" custom="readingOrder {index:7;}">
                <Coords points="219,2034 250,2034 281,2035 312,2035 343,2035 374,2035 405,2035 437,2035 468,2035 499,2035 530,2034 561,2034 592,2034 623,2034 655,2034 686,2034 717,2034 748,2035 779,2035 810,2036 842,2037 842,1998 810,1997 779,1996 748,1996 717,1995 686,1995 655,1995 623,1995 592,1995 561,1995 530,1995 499,1996 468,1996 437,1996 405,1996 374,1996 343,1996 312,1996 281,1996 250,1995 219,1995"/>
                <Baseline points="219,2021 250,2021 281,2022 312,2022 343,2022 374,2022 405,2022 437,2022 468,2022 499,2022 530,2021 561,2021 592,2021 623,2021 655,2021 686,2021 717,2021 748,2022 779,2022 810,2023 842,2024"/>
                <TextEquiv>
                    <Unicode>ella que no es mua, compare,</Unicode>
                </TextEquiv>
            </TextLine>
            <TextLine id="r_7_1l9" custom="readingOrder {index:8;}">
                <Coords points="228,2093 256,2092 284,2091 313,2091 341,2090 370,2090 398,2090 426,2090 455,2090 483,2090 512,2090 540,2090 568,2090 597,2090 625,2090 654,2090 682,2090 710,2090 739,2090 767,2089 796,2088 796,2049 767,2050 739,2051 710,2051 682,2051 654,2051 625,2051 597,2051 568,2051 540,2051 512,2051 483,2051 455,2051 426,2051 398,2051 370,2051 341,2051 313,2052 284,2052 256,2053 228,2054"/>
                <Baseline points="228,2080 256,2079 284,2078 313,2078 341,2077 370,2077 398,2077 426,2077 455,2077 483,2077 512,2077 540,2077 568,2077 597,2077 625,2077 654,2077 682,2077 710,2077 739,2077 767,2076 796,2075"/>
                <TextEquiv>
                    <Unicode>sartó y me hijo, ¿que la dao?</Unicode>
                </TextEquiv>
            </TextLine>
            <TextLine id="r_7_1l10" custom="readingOrder {index:9;}">
                <Coords points="223,2148 249,2148 275,2147 301,2147 328,2146 354,2146 380,2145 406,2145 433,2145 459,2145 485,2145 512,2144 538,2144 564,2144 590,2144 617,2144 643,2144 669,2145 696,2145 696,2106 669,2106 643,2105 617,2105 590,2105 564,2105 538,2105 512,2105 485,2106 459,2106 433,2106 406,2106 380,2106 354,2107 328,2107 301,2108 275,2108 249,2109 223,2109"/>
                <Baseline points="223,2135 249,2135 275,2134 301,2134 328,2133 354,2133 380,2132 406,2132 433,2132 459,2132 485,2132 512,2131 538,2131 564,2131 590,2131 617,2131 643,2131 669,2132 696,2132"/>
                <TextEquiv>
                    <Unicode>yo le respondi acharao:</Unicode>
                </TextEquiv>
            </TextLine>
            <TextLine id="r_7_1l11" custom="readingOrder {index:10;}">
                <Coords points="231,2205 259,2204 288,2203 316,2202 345,2201 374,2201 402,2201 431,2200 460,2200 488,2200 517,2200 546,2201 574,2201 603,2201 632,2201 660,2201 689,2201 718,2201 746,2201 775,2201 804,2200 804,2161 775,2162 746,2162 718,2162 689,2162 660,2162 632,2162 603,2162 574,2162 546,2162 517,2161 488,2161 460,2161 431,2161 402,2162 374,2162 345,2162 316,2163 288,2164 259,2165 231,2166"/>
                <Baseline points="231,2192 259,2191 288,2190 316,2189 345,2188 374,2188 402,2188 431,2187 460,2187 488,2187 517,2187 546,2188 574,2188 603,2188 632,2188 660,2188 689,2188 718,2188 746,2188 775,2188 804,2187"/>
                <TextEquiv>
                    <Unicode>que me lleva osté énganchao</Unicode>
                </TextEquiv>
            </TextLine>
            <TextEquiv>
                <Unicode>Joseliyo en dé cuando acá
tea gechao esa queria?
Dege el dia que la pincharé
cuando la vi camará
me ejó mu plantao
y poniendome á su lao,
le ige, viva er salero
ella que no es mua, compare,
sartó y me hijo, ¿que la dao?
yo le respondi acharao:
que me lleva osté énganchao</Unicode>
            </TextEquiv>
        </TextRegion>
        <TextRegion orientation="0.0" type="paragraph" id="r_8_1" custom="readingOrder {index:5;}">
            <Coords points="941,1589 1516,1589 1516,2206 941,2206"/>
            <TextLine id="r_8_1l1" custom="readingOrder {index:0;}">
                <Coords points="943,1643 968,1643 993,1644 1018,1644 1043,1645 1068,1645 1093,1645 1118,1644 1143,1644 1168,1644 1193,1644 1218,1644 1243,1644 1268,1645 1294,1646 1294,1607 1268,1606 1243,1605 1218,1605 1193,1605 1168,1605 1143,1605 1118,1605 1093,1606 1068,1606 1043,1606 1018,1605 993,1605 968,1604 943,1604"/>
                <Baseline points="943,1630 968,1630 993,1631 1018,1631 1043,1632 1068,1632 1093,1632 1118,1631 1143,1631 1168,1631 1193,1631 1218,1631 1243,1631 1268,1632 1294,1633"/>
                <TextEquiv>
                    <Unicode>en tós su farelae.</Unicode>
                </TextEquiv>
            </TextLine>
            <TextLine id="r_8_1l3" custom="readingOrder {index:1;}">
                <Coords points="941,1695 969,1696 997,1696 1025,1696 1054,1697 1082,1697 1110,1697 1139,1697 1167,1698 1195,1698 1224,1698 1252,1698 1280,1698 1308,1697 1337,1697 1365,1697 1393,1697 1422,1696 1450,1696 1478,1695 1507,1695 1507,1662 1478,1662 1450,1663 1422,1663 1393,1664 1365,1664 1337,1664 1308,1664 1280,1665 1252,1665 1224,1665 1195,1665 1167,1665 1139,1664 1110,1664 1082,1664 1054,1664 1025,1663 997,1663 969,1663 941,1662"/>
                <Baseline points="941,1684 969,1685 997,1685 1025,1685 1054,1686 1082,1686 1110,1686 1139,1686 1167,1687 1195,1687 1224,1687 1252,1687 1280,1687 1308,1686 1337,1686 1365,1686 1393,1686 1422,1685 1450,1685 1478,1684 1507,1684"/>
                <TextEquiv>
                    <Unicode>¡Es osté chosqué fardero!</Unicode>
                </TextEquiv>
            </TextLine>
            <TextLine id="r_8_1l4" custom="readingOrder {index:2;}">
                <Coords points="977,1749 1002,1750 1027,1751 1053,1752 1078,1753 1104,1753 1129,1753 1155,1754 1180,1754 1205,1754 1231,1754 1256,1754 1282,1754 1307,1754 1333,1754 1358,1754 1384,1755 1384,1718 1358,1717 1333,1717 1307,1717 1282,1717 1256,1717 1231,1717 1205,1717 1180,1717 1155,1717 1129,1716 1104,1716 1078,1716 1053,1715 1027,1714 1002,1713 977,1712"/>
                <Baseline points="977,1737 1002,1738 1027,1739 1053,1740 1078,1741 1104,1741 1129,1741 1155,1742 1180,1742 1205,1742 1231,1742 1256,1742 1282,1742 1307,1742 1333,1742 1358,1742 1384,1743"/>
                <TextEquiv>
                    <Unicode>—Yo le hije; yo nosé,</Unicode>
                </TextEquiv>
            </TextLine>
            <TextLine id="r_8_1l5" custom="readingOrder {index:3;}">
                <Coords points="945,1809 970,1809 995,1810 1020,1810 1045,1810 1071,1810 1096,1810 1121,1810 1146,1810 1171,1809 1197,1809 1222,1809 1247,1808 1272,1808 1297,1808 1323,1808 1348,1808 1373,1808 1398,1808 1424,1809 1424,1770 1398,1769 1373,1769 1348,1769 1323,1769 1297,1769 1272,1769 1247,1769 1222,1770 1197,1770 1171,1770 1146,1771 1121,1771 1096,1771 1071,1771 1045,1771 1020,1771 995,1771 970,1770 945,1770"/>
                <Baseline points="945,1796 970,1796 995,1797 1020,1797 1045,1797 1071,1797 1096,1797 1121,1797 1146,1797 1171,1796 1197,1796 1222,1796 1247,1795 1272,1795 1297,1795 1323,1795 1348,1795 1373,1795 1398,1795 1424,1796"/>
                <TextEquiv>
                    <Unicode>lo que yo quiero de oste</Unicode>
                </TextEquiv>
            </TextLine>
            <TextLine id="r_8_1l6" custom="readingOrder {index:4;}">
                <Coords points="949,1863 974,1863 999,1864 1025,1864 1050,1864 1075,1864 1101,1863 1126,1863 1152,1863 1177,1863 1202,1863 1228,1863 1253,1863 1278,1864 1304,1865 1329,1865 1355,1867 1355,1828 1329,1826 1304,1826 1278,1825 1253,1824 1228,1824 1202,1824 1177,1824 1152,1824 1126,1824 1101,1824 1075,1825 1050,1825 1025,1825 999,1825 974,1824 949,1824"/>
                <Baseline points="949,1850 974,1850 999,1851 1025,1851 1050,1851 1075,1851 1101,1850 1126,1850 1152,1850 1177,1850 1202,1850 1228,1850 1253,1850 1278,1851 1304,1852 1329,1852 1355,1854"/>
                <TextEquiv>
                    <Unicode>é un cacho é salero;</Unicode>
                </TextEquiv>
            </TextLine>
            <TextLine id="r_8_1l7" custom="readingOrder {index:5;}">
                <Coords points="949,1918 974,1918 999,1919 1024,1919 1049,1919 1075,1919 1100,1919 1125,1919 1150,1919 1176,1919 1201,1919 1226,1919 1251,1919 1276,1919 1302,1919 1327,1920 1352,1920 1377,1921 1403,1921 1403,1882 1377,1882 1352,1881 1327,1881 1302,1880 1276,1880 1251,1880 1226,1880 1201,1880 1176,1880 1150,1880 1125,1880 1100,1880 1075,1880 1049,1880 1024,1880 999,1880 974,1879 949,1879"/>
                <Baseline points="949,1905 974,1905 999,1906 1024,1906 1049,1906 1075,1906 1100,1906 1125,1906 1150,1906 1176,1906 1201,1906 1226,1906 1251,1906 1276,1906 1302,1906 1327,1907 1352,1907 1377,1908 1403,1908"/>
                <TextEquiv>
                    <Unicode>yo voy con osté mi via</Unicode>
                </TextEquiv>
            </TextLine>
            <TextLine id="r_8_1l9" custom="readingOrder {index:6;}">
                <Coords points="948,1974 974,1974 1001,1975 1028,1975 1054,1975 1081,1975 1108,1975 1135,1975 1161,1975 1188,1975 1215,1975 1241,1975 1268,1975 1295,1976 1322,1977 1322,1938 1295,1937 1268,1936 1241,1936 1215,1936 1188,1936 1161,1936 1135,1936 1108,1936 1081,1936 1054,1936 1028,1936 1001,1936 974,1935 948,1935"/>
                <Baseline points="948,1961 974,1961 1001,1962 1028,1962 1054,1962 1081,1962 1108,1962 1135,1962 1161,1962 1188,1962 1215,1962 1241,1962 1268,1962 1295,1963 1322,1964"/>
                <TextEquiv>
                    <Unicode>asta su casa, y alli</Unicode>
                </TextEquiv>
            </TextLine>
            <TextLine id="r_8_1l11" custom="readingOrder {index:7;}">
                <Coords points="954,2028 980,2028 1006,2029 1032,2029 1058,2030 1084,2030 1110,2030 1136,2030 1162,2030 1188,2030 1214,2030 1240,2030 1266,2030 1292,2030 1318,2030 1344,2030 1370,2030 1396,2030 1422,2030 1448,2030 1475,2031 1475,1992 1448,1991 1422,1991 1396,1991 1370,1991 1344,1991 1318,1991 1292,1991 1266,1991 1240,1991 1214,1991 1188,1991 1162,1991 1136,1991 1110,1991 1084,1991 1058,1991 1032,1990 1006,1990 980,1989 954,1989"/>
                <Baseline points="954,2015 980,2015 1006,2016 1032,2016 1058,2017 1084,2017 1110,2017 1136,2017 1162,2017 1188,2017 1214,2017 1240,2017 1266,2017 1292,2017 1318,2017 1344,2017 1370,2017 1396,2017 1422,2017 1448,2017 1475,2018"/>
                <TextEquiv>
                    <Unicode>verá osté un hombre barí</Unicode>
                </TextEquiv>
            </TextLine>
            <TextLine id="r_8_1l12" custom="readingOrder {index:8;}">
                <Coords points="956,2086 983,2086 1011,2087 1038,2087 1066,2087 1094,2087 1121,2087 1149,2087 1176,2086 1204,2086 1232,2086 1259,2086 1287,2086 1314,2086 1342,2086 1370,2086 1397,2087 1425,2087 1452,2088 1480,2088 1508,2089 1508,2050 1480,2049 1452,2049 1425,2048 1397,2048 1370,2047 1342,2047 1314,2047 1287,2047 1259,2047 1232,2047 1204,2047 1176,2047 1149,2048 1121,2048 1094,2048 1066,2048 1038,2048 1011,2048 983,2047 956,2047"/>
                <Baseline points="956,2073 983,2073 1011,2074 1038,2074 1066,2074 1094,2074 1121,2074 1149,2074 1176,2073 1204,2073 1232,2073 1259,2073 1287,2073 1314,2073 1342,2073 1370,2073 1397,2074 1425,2074 1452,2075 1480,2075 1508,2076"/>
                <TextEquiv>
                    <Unicode>con mas claria que el dia.</Unicode>
                </TextEquiv>
            </TextLine>
            <TextLine id="r_8_1l13" custom="readingOrder {index:9;}">
                <Coords points="951,2143 976,2143 1001,2142 1026,2142 1051,2142 1076,2142 1101,2142 1126,2142 1151,2141 1177,2141 1202,2141 1227,2141 1252,2141 1277,2141 1302,2141 1327,2141 1352,2141 1378,2141 1378,2102 1352,2102 1327,2102 1302,2102 1277,2102 1252,2102 1227,2102 1202,2102 1177,2102 1151,2102 1126,2103 1101,2103 1076,2103 1051,2103 1026,2103 1001,2103 976,2104 951,2104"/>
                <Baseline points="951,2130 976,2130 1001,2129 1026,2129 1051,2129 1076,2129 1101,2129 1126,2129 1151,2128 1177,2128 1202,2128 1227,2128 1252,2128 1277,2128 1302,2128 1327,2128 1352,2128 1378,2128"/>
                <TextEquiv>
                    <Unicode>Mas eya me contestó</Unicode>
                </TextEquiv>
            </TextLine>
            <TextLine id="r_8_1l14" custom="readingOrder {index:10;}">
                <Coords points="948,2198 975,2198 1002,2198 1029,2199 1057,2199 1084,2199 1111,2199 1138,2199 1166,2200 1193,2200 1220,2200 1247,2200 1275,2200 1302,2199 1329,2199 1356,2199 1384,2199 1411,2198 1438,2198 1465,2198 1493,2197 1493,2158 1465,2159 1438,2159 1411,2159 1384,2160 1356,2160 1329,2160 1302,2160 1275,2161 1247,2161 1220,2161 1193,2161 1166,2161 1138,2160 1111,2160 1084,2160 1057,2160 1029,2160 1002,2159 975,2159 948,2159"/>
                <Baseline points="948,2185 975,2185 1002,2185 1029,2186 1057,2186 1084,2186 1111,2186 1138,2186 1166,2187 1193,2187 1220,2187 1247,2187 1275,2187 1302,2186 1329,2186 1356,2186 1384,2186 1411,2185 1438,2185 1465,2185 1493,2184"/>
                <TextEquiv>
                    <Unicode>con mucha gracia y anelo:</Unicode>
                </TextEquiv>
            </TextLine>
            <TextEquiv>
                <Unicode>en tós su farelae.
¡Es osté chosqué fardero!
—Yo le hije; yo nosé,
lo que yo quiero de oste
é un cacho é salero;
yo voy con osté mi via
asta su casa, y alli
verá osté un hombre barí
con mas claria que el dia.
Mas eya me contestó
con mucha gracia y anelo:</Unicode>
            </TextEquiv>
        </TextRegion>
        <GraphicRegion id="Graphic_1607086773077_1485" custom="readingOrder {index:6;}">
            <Coords points="952,1175 1389,1175 1389,322 952,322"/>
        </GraphicRegion>
    </Page>
</PcGts>
