1765 2512
161 247 667 286 Y sin embargo, aduladas
117 296 669 335 de los locos pretendientes
126 345 553 383 oyen todas alabanzas
121 394 653 432 que sin duda no merecen.
167 442 596 478 Uno la titulan diosas,
125 490 591 526 otro ángel, otro fénix,
117 538 567 581 y sin amor aseguran
123 586 655 624 que morir antes prefieren.
167 634 677 668 Juramentos se prodigan,
124 680 620 718 música y cartas llueven,
123 729 589 767 hay empeños, desafios,
125 775 675 819 y aun amenazas de muerte.
173 820 801 864 ¡Ay necias! Que esas palabras
127 873 653 911 ese armibar y esas mieles,
131 918 757 958 veneno son con que os matan
127 967 735 1008 lasos y redes que os tienden.
183 1016 753 1054 Vosotras no sois de bronce,
129 1062 761 1103 vuestra sangre no es de nieve
131 1110 711 1153 para amar tambien nacisteis,
131 1159 757 1202 y este amor tambien os pierde.
181 1208 619 1246 De vuestro poco teson
127 1259 689 1298 pagais las resultas siempre,
128 1305 669 1345 y vuestra inocencia misma
135 1352 661 1391 sacrificais las mas veces.
149 1396 807 1439 No indigais si es hombre honrado
134 1450 717 1491 si buen genio ó malo tiene,
133 1496 707 1538 y si haceros muy díchosas
141 1544 775 1583 vuestra union con él promete.
184 1592 705 1633 Son bonitos? son galanes?
131 1640 723 1682 son graciosos, y elocuentes?
139 1690 741 1730 brillan, gastan? Pues ya todo
141 1739 629 1777 lo que necesitan tienen.
185 1787 661 1826 Accedeis á sus caricias;
138 1835 812 1877 os conquistan.. ay!.. os vencen...
845 240 1356 278 y en la plaza conquistada
839 289 1347 327 el vencedor, dicta leyes.
895 335 1405 372 Y si luego os abandonan?
848 384 1402 420 no es mucho que entonces entre
847 431 1375 468 en vuestro pecho el furor,
847 480 1383 522 y la rabia mas vehemente.
903 528 1452 565 ¡Cuántas por este mal pago
847 575 1391 614 se dieron, locas la muerte
853 622 1371 662 dando luto á sus familias,
894 671 1413 709 y trastorno á sus parientes!
903 718 1473 758 ¡Cuantas viéndose infelices,
895 766 1335 806 y sin remedio evidente,
857 818 1305 855 cometieron crimen vil
857 862 1453 904 contra el fruto de su vientre!
903 911 1417 951 Y cuando daño tan grande
855 960 1329 1000 á las cautas no sucede,
861 1007 1375 1048 cuantas la edad del amor
859 1054 1345 1096 majaderamente pierden.
915 1101 1541 1143 ¡Cuántas por fin desde entonces
855 1149 1441 1191 aunque el lance no resuene,
868 1197 1369 1239 vieron consumir sus años
863 1248 1355 1288 en angustias y cordeles!
921 1293 1423 1333 ¡Cuántas que jóvenes son
870 1341 1507 1383 presumiendo de serlo siempre,
869 1390 1447 1431 hacen de los hombres burla,
863 1439 1375 1482 colmándole de desdenes?
916 1489 1331 1529 Y vienen dias y dias,
916 1538 1363 1577 y pasan meses y meses;
911 1582 1381 1624 y al fin quedan para tias
908 1632 1383 1673 y como nacieron mueren!
917 1680 1501 1718 Dejo aparte otros mil males,
871 1729 1545 1771 que á las doncellas comprenden,
873 1777 1379 1817 porque me dilato mucho,
871 1824 1445 1874 y el papel llama á ser breve.
772 2051 916 2088 FIN.
655 2263 1051 2303 CARMONA:—1856.
139 2305 1565 2359 Imprenta de D. José Maria Moreno, calle Juan de la Cabra núm. 5.
