1765 2512
176 275 569 313 Jesus María y José!
179 323 651 363 Que tal babanca sea yó?
180 373 689 411 En hablando de las niñas
175 420 631 457 se me pierde la razon,
175 466 668 505 y muchos hay en la sala
175 515 697 551 lo mismito en conclusion;
176 563 632 600 el majito que está allí
184 611 666 648 es un pollo de atencion,
171 661 746 699 y el que menos corre, vuela
176 708 644 742 en llegando la ocasion.
175 756 713 792 Por fin, señoras, perdonen,
175 803 800 839 porque es tan grande el amor
184 852 854 887 que os tengo, que asi que os veo,
177 899 708 937 me dá rehumatismo y toz,
182 946 672 986 jaqueca, dolor de elavo,
184 995 666 1034 tabardillo y sarampion,
181 1043 586 1080 viruelas y garrotillo,
180 1091 672 1130 y en este lado un dolor,
188 1140 784 1175 que es menester quemar lana,
185 1186 724 1223 mantequilla, y una uncion
192 1234 710 1271 en aqueste lado izquierdo,
187 1282 741 1319 porque vuelva en mi razon,
187 1331 697 1369 y luego que vuelve en mí
186 1380 708 1414 marcho al instante á este son.
186 1427 694 1464 Señoras, el juicio pierdo,
184 1475 694 1512 me perdonaran por Dios,
183 1524 663 1562 porque soy un atrevido;
198 1571 694 1607 válgame aquí san Anton,
187 1619 735 1659 yo quiero servir á ustedes
191 1667 696 1704 con que pidan sin temor:
189 1714 728 1752 mándeme ustedes que me eche
191 1765 697 1802 por ventana ó por balcon,
198 1812 650 1848 ó de cabeza ó de pies,
192 1860 624 1896 como le guste mejor,
200 1907 718 1943 denme ustedes bofetadas,
200 1956 658 1992 ó denme con un rejon,
199 2004 625 2040 ó rájenme la cabeza:
195 2052 713 2088 me echare en el suelo yó,
195 2099 709 2137 y dedme ustedes patadas:
199 2146 699 2183 mas detente, borrachon
196 2197 604 2232 borrico de Bercebú,
191 2243 581 2279 no basta decirte só?
202 2290 724 2327 En viendo yo las madamas
191 2341 695 2377 se me muda el facistol,
895 265 1441 307 y algunos de los presentes,
903 313 1377 354 y uno de ellos el señor,
905 362 1408 401 asechando como el gato,
903 409 1441 450 que está mirando al raton
903 459 1369 500 Y por fin, sea ó no sea,
908 506 1443 545 yo tengo á ustedes pasion,
907 553 1444 594 á ustedes digo, madamas,
907 602 1356 641 os amo con tal fervor,
909 649 1459 690 que me hiciera mil pedazos
911 697 1461 738 bailando aquí el chilindron;
909 746 1359 786 no lo puedo remediar,
905 796 1319 834 es conocida pasion,
902 841 1444 882 en viendo yo las madamas
903 890 1384 929 me quedo sin reflexion,
910 939 1390 978 los ojillos se me bullen,
905 988 1391 1029 y me hago un salpicon;
906 1035 1413 1075 para mi ninguna hay fea;
911 1084 1385 1121 si es morena me gustó,
907 1130 1497 1169 si es blanca me robó el alma
911 1177 1395 1217 si es quebrada de color
907 1225 1429 1266 me gusta aquel colorcito,
914 1274 1477 1313 si es encarnada, un primor,
912 1323 1507 1361 si es verdinegra un prodigio,
907 1372 1305 1411 y si tiene condicion
908 1420 1392 1456 me alegra solo el oirla,
914 1469 1316 1506 si es pacífica mejor;
915 1516 1453 1554 que tenga la boca grande,
915 1563 1433 1601 que la tenga chica, arroz;
917 1610 1351 1650 sea chata ó narigona
917 1661 1448 1698 que tenga garvo, que no,
922 1708 1358 1745 sea aseada, ó cochina,
922 1757 1352 1794 cada una es una flor;
919 1802 1385 1841 siendo muger, para mi
919 1850 1395 1889 tiene la gracia de Dios:
915 1897 1398 1936 á todas las de esta sala
919 1944 1551 1986 las quiero mas que un doblon:
923 1995 1383 2037 y porque vean ustedes
928 2045 1402 2079 donde llega mi aficion,
922 2091 1350 2128 aunque sea una vieja,
927 2139 1473 2178 que pase de ochenta y dos,
923 2187 1420 2225 con siete u ocho jorobas,
918 2235 1423 2272 y mas fea que un ladron,
923 2283 1369 2322 porque parece muger
917 2332 1493 2372 la quiero, que es un horror;
