1737 2508
244 239 660 286 esto es querer al uso
254 288 766 332 perque los majos de hoy
252 338 691 381 á toditas las quieren,
255 384 681 428 y por todas les dá tos
246 431 813 476 y hablando fuera de muelas,
251 479 725 524 escupa usted, mi señor,
254 521 855 571 ve usted esta Cruz que pongo
252 574 724 621 en pecho de emperador
256 622 757 669 pues á toditas las quiero
251 671 725 716 en Sevilla, en Badajoz,
259 719 765 764 en Cordoba, en Cataluña
260 767 725 813 en Roma y en el Japon,
256 815 787 861 sea aquí, ó sea en Flandes
256 864 661 909 daré vida y corazon
257 913 785 958 por las señoras mugeres,
258 960 678 1005 y si tocan haré son,
260 1005 840 1053 y con la espada en la mano
267 1057 751 1100 daré vueltas al rededor,
267 1106 717 1149 diciendo fuera de ahí,
972 223 1452 267 cierra España, batallon.
972 270 1579 315 Si, las quiero muy de veras,
980 317 1536 363 que han sido, serán, y son
975 370 1445 411 la cosa mas admirable,
981 417 1428 457 que su Magestad crió.
971 464 1457 506 Perdonadme, señoritas,
981 511 1480 554 que todas en mi opinion
983 559 1561 602 sois rosas las mas fragantes,
984 608 1411 651 claveles de rico olor,
987 656 1505 697 y asi en mis manos y pies,
983 705 1481 745 en mi pluma, y corazon,
991 749 1590 792 tendreis por ser muy debido
989 802 1427 842 el sitio mas superior,
996 849 1477 890 porque sois la filigrana,
996 896 1514 937 y sois nuestro resplandor:
990 943 1543 987 me confieso yuestro esclavo
995 993 1461 1034 con la mayor sumicion,
990 1040 1495 1082 de lo poco que os alabo
998 1090 1475 1131 os pido á todas perdon.
430 1292 1520 1347 DESENGAÑMOS DELAIS DNMCELASa.
327 1494 961 1541 ¿Que importa que de hermosura
279 1541 771 1585 el cielo á una niña llene
279 1589 817 1633 si sus mismas perfecciones
283 1636 853 1682 encontra de ella se vuelven?
332 1684 805 1730 Apenas llega á los años
280 1734 807 1778 que los corazones vencen,
281 1781 799 1826 y que su rostro y su talle
276 1829 831 1874 fuertes pasiones encienden:
330 1879 734 1919 Apenas en el teatro
288 1925 905 1970 del gran mundo se embellece,
280 1974 768 2016 y cual astro nuevo sale
289 2022 759 2064 en su delicioso oriente.
335 2069 840 2111 Enjambre de adoradores
284 2119 732 2161 acuden á su aliciente,
293 2167 773 2208 á tributarle homenages,
284 2216 694 2257 à recibir rocicleses.
338 2262 837 2303 Otros astros abandonan,
313 2312 905 2355 que eclípse al punto padecen,
1004 1481 1549 1523 y el triunfo de la que nace,
1008 1529 1581 1571 derrota es de la que muere.
1057 1579 1561 1618 Sitiada entonces la niña,
1003 1625 1437 1666 alucinada é inocente,
1012 1673 1531 1715 rendimientos vé tan solo,
1014 1721 1469 1763 y adoracion reverente.
1060 1767 1600 1811 Cual númen en sus altares
1007 1818 1533 1860 mira el incienso peregne,
1015 1866 1541 1906 sin recelar fraude ó dolo,
1018 1913 1492 1955 de su ser enorgullece.
1064 1959 1566 2002 Los obsequios, los recibe
1015 2011 1517 2051 como moneda corriente,
1022 2056 1507 2099 sin recelar que la digan
1021 2102 1633 2148 lo que ellos mismos no creen.
1073 2153 1635 2194 Que no todas son hermos as,
1019 2201 1492 2244 y no todas ciertamente
1026 2248 1509 2291 las perfecciones reunen
1028 2298 1523 2341 en grado muy eminente.
