<?xml version="1.0" encoding="UTF-8" standalone="yes"?>
<PcGts xmlns="http://schema.primaresearch.org/PAGE/gts/pagecontent/2013-07-15" xmlns:xsi="http://www.w3.org/2001/XMLSchema-instance" xsi:schemaLocation="http://schema.primaresearch.org/PAGE/gts/pagecontent/2013-07-15 http://schema.primaresearch.org/PAGE/gts/pagecontent/2013-07-15/pagecontent.xsd">
    <Metadata>
        <Creator>prov=University of Rostock/Institute of Mathematics/CITlab|PLANET AI GmbH/Gundram Leifert/gundram.leifert@planet-ai.de:name=Pliegos de Cordel (XIXe) - v4(htr_id=27283)::::v=2.6.7
prov=University of Rostock/Institute of Mathematics/CITlab|PLANET AI GmbH/Tobias Gruening/tobias.gruening@planet-ai.de:name=de.uros.citlab.module.baseline2polygon.B2PSeamMultiOriented:v=2.6.7
prov=University of Rostock/Institute of Mathematics/CITlab|PLANET AI GmbH/Tobias Gruening/tobias.gruening@planet-ai.de:name=/net_tf/LA73_249_0mod360.pb:de.uros.citlab.segmentation.CITlab_LA_ML:v=2.6.7
Transkribus</Creator>
        <Created>2020-12-04T14:17:26.254+01:00</Created>
        <LastChange>2020-12-18T15:07:03.477+01:00</LastChange>
        <Comments>
                Measurement unit: pixel
                PrimaryLanguage: 
                Producer: Transkribus
            </Comments>
        <TranskribusMetadata docId="525392" pageId="22319403" pageNr="83" tsid="50432657" status="DONE" userId="66244" imgUrl="https://files.transkribus.eu/Get?id=WRFOASSKLAJGPKXPTLAMULZT&amp;fileType=view" xmlUrl="https://files.transkribus.eu/Get?id=BHZHEFVPUEKNZNKYFRRKFEMW" imageId="17388918"/>
    </Metadata>
    <Page imageFilename="Moreno_278_3.jpeg" imageWidth="1737" imageHeight="2508">
        <PrintSpace>
            <Coords points="0,0 1736,0 1736,2508 0,2508"/>
        </PrintSpace>
        <ReadingOrder>
            <OrderedGroup id="ro_1608304705846" caption="Regions reading order">
                <RegionRefIndexed index="0" regionRef="r_1_1"/>
                <RegionRefIndexed index="1" regionRef="r_2_1"/>
                <RegionRefIndexed index="2" regionRef="r_3_1"/>
            </OrderedGroup>
        </ReadingOrder>
        <TextRegion orientation="0.0" type="paragraph" id="r_1_1" custom="readingOrder {index:0;}">
            <Coords points="279,198 1593,198 1593,616 279,616"/>
            <TextLine id="r_1_1l3" custom="readingOrder {index:0;}">
                <Coords points="468,297 524,298 580,300 636,301 692,302 748,304 804,306 860,307 916,309 972,310 1029,311 1085,312 1141,313 1197,314 1253,314 1309,314 1365,314 1421,313 1477,312 1533,311 1590,309 1590,279 1533,281 1477,282 1421,283 1365,284 1309,284 1253,284 1197,284 1141,283 1085,282 1029,281 972,280 916,279 860,277 804,276 748,274 692,272 636,271 580,270 524,268 468,267"/>
                <Baseline points="468,287 524,288 580,290 636,291 692,292 748,294 804,296 860,297 916,299 972,300 1029,301 1085,302 1141,303 1197,304 1253,304 1309,304 1365,304 1421,303 1477,302 1533,301 1590,299"/>
                <TextEquiv>
                    <Unicode>DECIMAS GLOSADAS,</Unicode>
                </TextEquiv>
            </TextLine>
            <TextLine id="r_1_1l8" custom="readingOrder {index:1;}">
                <Coords points="286,444 351,446 416,447 481,448 546,450 611,451 676,452 741,454 806,456 871,457 936,458 1001,460 1066,462 1131,463 1196,464 1261,466 1326,467 1391,468 1456,469 1521,470 1586,471 1586,434 1521,433 1456,432 1391,431 1326,430 1261,429 1196,427 1131,426 1066,425 1001,423 936,421 871,420 806,419 741,417 676,415 611,414 546,413 481,411 416,410 351,409 286,407"/>
                <Baseline points="286,432 351,434 416,435 481,436 546,438 611,439 676,440 741,442 806,444 871,445 936,446 1001,448 1066,450 1131,451 1196,452 1261,454 1326,455 1391,456 1456,457 1521,458 1586,459"/>
                <TextEquiv>
                    <Unicode>compuestas por Juan Bautista Gomez,</Unicode>
                </TextEquiv>
            </TextLine>
            <TextLine id="r_1_1l9" custom="readingOrder {index:2;}">
                <Coords points="335,526 397,528 460,530 522,532 585,533 648,535 710,536 773,538 835,539 898,540 961,542 1023,543 1086,544 1148,545 1211,546 1274,548 1336,549 1399,550 1461,552 1524,554 1587,556 1587,520 1524,518 1461,516 1399,514 1336,513 1274,512 1211,510 1148,509 1086,508 1023,507 961,506 898,504 835,503 773,502 710,500 648,499 585,497 522,496 460,494 397,492 335,490"/>
                <Baseline points="335,514 397,516 460,518 522,520 585,521 648,523 710,524 773,526 835,527 898,528 961,530 1023,531 1086,532 1148,533 1211,534 1274,536 1336,537 1399,538 1461,540 1524,542 1587,544"/>
                <TextEquiv>
                    <Unicode>conocidas por la de los Negritos.</Unicode>
                </TextEquiv>
            </TextLine>
            <TextEquiv>
                <Unicode>DECIMAS GLOSADAS,
compuestas por Juan Bautista Gomez,
conocidas por la de los Negritos.</Unicode>
            </TextEquiv>
        </TextRegion>
        <TextRegion orientation="0.0" type="paragraph" id="r_2_1" custom="readingOrder {index:1;}">
            <Coords points="184,670 902,670 902,2354 184,2354"/>
            <TextLine id="r_2_1l1" custom="readingOrder {index:0;}">
                <Coords points="259,725 285,725 311,724 337,724 363,724 389,724 415,724 441,724 467,724 493,725 519,725 545,726 571,726 597,727 623,727 649,728 675,729 701,729 727,730 753,730 779,731 779,697 753,696 727,696 701,695 675,695 649,694 623,693 597,693 571,692 545,692 519,691 493,691 467,690 441,690 415,690 389,690 363,690 337,690 311,690 285,691 259,691"/>
                <Baseline points="259,714 285,714 311,713 337,713 363,713 389,713 415,713 441,713 467,713 493,714 519,714 545,715 571,715 597,716 623,716 649,717 675,718 701,718 727,719 753,719 779,720"/>
                <TextEquiv>
                    <Unicode>A tus plantas bella Flora</Unicode>
                </TextEquiv>
            </TextLine>
            <TextLine id="r_2_1l2" custom="readingOrder {index:1;}">
                <Coords points="211,773 236,773 261,772 287,772 312,772 338,772 363,772 389,772 414,772 440,773 465,773 490,774 516,774 541,775 567,775 592,776 618,777 643,778 669,778 694,780 720,780 720,746 694,746 669,744 643,744 618,743 592,742 567,741 541,741 516,740 490,740 465,739 440,739 414,738 389,738 363,738 338,738 312,738 287,738 261,738 236,739 211,739"/>
                <Baseline points="211,762 236,762 261,761 287,761 312,761 338,761 363,761 389,761 414,761 440,762 465,762 490,763 516,763 541,764 567,764 592,765 618,766 643,767 669,767 694,769 720,769"/>
                <TextEquiv>
                    <Unicode>está postrado un Negrito,</Unicode>
                </TextEquiv>
            </TextLine>
            <TextLine id="r_2_1l3" custom="readingOrder {index:2;}">
                <Coords points="216,820 241,820 266,820 291,821 316,821 341,821 366,822 391,822 416,822 441,822 466,823 491,823 516,824 541,824 566,824 591,825 616,825 641,826 666,826 691,827 691,793 666,792 641,792 616,791 591,791 566,790 541,790 516,790 491,789 466,789 441,788 416,788 391,788 366,788 341,787 316,787 291,787 266,786 241,786 216,786"/>
                <Baseline points="216,809 241,809 266,809 291,810 316,810 341,810 366,811 391,811 416,811 441,811 466,812 491,812 516,813 541,813 566,813 591,814 616,814 641,815 666,815 691,816"/>
                <TextEquiv>
                    <Unicode>que no tiene otro delito</Unicode>
                </TextEquiv>
            </TextLine>
            <TextLine id="r_2_1l4" custom="readingOrder {index:3;}">
                <Coords points="211,869 238,869 266,869 293,870 321,870 348,871 376,871 403,872 431,872 458,873 486,873 514,874 541,875 569,876 596,876 624,877 651,877 679,878 706,879 734,879 762,880 762,846 734,845 706,845 679,844 651,843 624,843 596,842 569,842 541,841 514,840 486,839 458,839 431,838 403,838 376,837 348,837 321,836 293,836 266,835 238,835 211,835"/>
                <Baseline points="211,858 238,858 266,858 293,859 321,859 348,860 376,860 403,861 431,861 458,862 486,862 514,863 541,864 569,865 596,865 624,866 651,866 679,867 706,868 734,868 762,869"/>
                <TextEquiv>
                    <Unicode>ni mas causa que te adora.</Unicode>
                </TextEquiv>
            </TextLine>
            <TextLine id="r_2_1l5" custom="readingOrder {index:4;}">
                <Coords points="257,918 283,918 310,919 337,919 364,919 390,920 417,920 444,921 471,921 497,922 524,922 551,923 578,923 604,924 631,924 658,925 685,926 711,926 738,927 765,927 792,928 792,894 765,893 738,893 711,892 685,892 658,891 631,890 604,890 578,889 551,889 524,888 497,888 471,887 444,887 417,886 390,886 364,885 337,885 310,885 283,884 257,884"/>
                <Baseline points="257,907 283,907 310,908 337,908 364,908 390,909 417,909 444,910 471,910 497,911 524,911 551,912 578,912 604,913 631,913 658,914 685,915 711,915 738,916 765,916 792,917"/>
                <TextEquiv>
                    <Unicode>Divagando por los bosques,</Unicode>
                </TextEquiv>
            </TextLine>
            <TextLine id="r_2_1l6" custom="readingOrder {index:5;}">
                <Coords points="214,968 239,968 265,969 290,969 316,970 341,970 367,970 393,970 418,970 444,970 469,970 495,971 520,971 546,971 572,972 597,972 623,973 648,974 674,975 700,976 700,942 674,941 648,940 623,939 597,938 572,938 546,937 520,937 495,937 469,936 444,936 418,936 393,936 367,936 341,936 316,936 290,935 265,935 239,934 214,934"/>
                <Baseline points="214,957 239,957 265,958 290,958 316,959 341,959 367,959 393,959 418,959 444,959 469,959 495,960 520,960 546,960 572,961 597,961 623,962 648,963 674,964 700,965"/>
                <TextEquiv>
                    <Unicode>iba en trage de pastora:</Unicode>
                </TextEquiv>
            </TextLine>
            <TextLine id="r_2_1l7" custom="readingOrder {index:6;}">
                <Coords points="213,1018 238,1018 263,1019 289,1019 314,1019 340,1019 365,1019 390,1019 416,1019 441,1019 467,1019 492,1019 517,1019 543,1020 568,1020 594,1021 619,1022 644,1022 670,1023 695,1025 721,1026 721,992 695,991 670,989 644,988 619,988 594,987 568,986 543,986 517,985 492,985 467,985 441,985 416,985 390,985 365,985 340,985 314,985 289,985 263,985 238,984 213,984"/>
                <Baseline points="213,1007 238,1007 263,1008 289,1008 314,1008 340,1008 365,1008 390,1008 416,1008 441,1008 467,1008 492,1008 517,1008 543,1009 568,1009 594,1010 619,1011 644,1011 670,1012 695,1014 721,1015"/>
                <TextEquiv>
                    <Unicode>¿cuántas veces á deshora</Unicode>
                </TextEquiv>
            </TextLine>
            <TextLine id="r_2_1l8" custom="readingOrder {index:7;}">
                <Coords points="209,1065 234,1066 259,1066 284,1066 309,1067 334,1067 359,1067 384,1067 409,1067 434,1068 460,1068 485,1068 510,1068 535,1069 560,1069 585,1069 610,1070 635,1070 660,1071 685,1072 711,1073 711,1039 685,1038 660,1037 635,1036 610,1036 585,1035 560,1035 535,1035 510,1034 485,1034 460,1034 434,1034 409,1033 384,1033 359,1033 334,1033 309,1033 284,1032 259,1032 234,1032 209,1031"/>
                <Baseline points="209,1054 234,1055 259,1055 284,1055 309,1056 334,1056 359,1056 384,1056 409,1056 434,1057 460,1057 485,1057 510,1057 535,1058 560,1058 585,1058 610,1059 635,1059 660,1060 685,1061 711,1062"/>
                <TextEquiv>
                    <Unicode>pasé sin sentir las noches</Unicode>
                </TextEquiv>
            </TextLine>
            <TextLine id="r_2_1l9" custom="readingOrder {index:8;}">
                <Coords points="208,1114 233,1114 259,1115 285,1115 311,1115 336,1116 362,1116 388,1116 414,1116 439,1116 465,1117 491,1117 517,1117 542,1117 568,1118 594,1118 620,1118 645,1119 671,1119 697,1120 723,1121 723,1087 697,1086 671,1085 645,1085 620,1084 594,1084 568,1084 542,1083 517,1083 491,1083 465,1083 439,1082 414,1082 388,1082 362,1082 336,1082 311,1081 285,1081 259,1081 233,1080 208,1080"/>
                <Baseline points="208,1103 233,1103 259,1104 285,1104 311,1104 336,1105 362,1105 388,1105 414,1105 439,1105 465,1106 491,1106 517,1106 542,1106 568,1107 594,1107 620,1107 645,1108 671,1108 697,1109 723,1110"/>
                <TextEquiv>
                    <Unicode>entre amorosos reproches</Unicode>
                </TextEquiv>
            </TextLine>
            <TextLine id="r_2_1l10" custom="readingOrder {index:9;}">
                <Coords points="199,1163 231,1164 263,1164 295,1165 328,1165 360,1165 392,1166 424,1166 457,1166 489,1167 521,1167 553,1168 586,1168 618,1169 650,1170 682,1171 715,1172 747,1174 779,1176 811,1177 844,1180 844,1146 811,1143 779,1142 747,1140 715,1138 682,1137 650,1136 618,1135 586,1134 553,1134 521,1133 489,1133 457,1132 424,1132 392,1132 360,1131 328,1131 295,1131 263,1130 231,1130 199,1129"/>
                <Baseline points="199,1152 231,1153 263,1153 295,1154 328,1154 360,1154 392,1155 424,1155 457,1155 489,1156 521,1156 553,1157 586,1157 618,1158 650,1159 682,1160 715,1161 747,1163 779,1165 811,1166 844,1169"/>
                <TextEquiv>
                    <Unicode>hasta amanecer la aurora? </Unicode>
                </TextEquiv>
            </TextLine>
            <TextLine id="r_2_1l11" custom="readingOrder {index:10;}">
                <Coords points="208,1210 233,1211 258,1212 283,1213 308,1213 333,1214 358,1214 383,1214 408,1214 433,1214 458,1215 483,1215 508,1215 533,1215 558,1215 583,1216 608,1217 633,1218 658,1219 684,1220 684,1186 658,1185 633,1184 608,1183 583,1182 558,1181 533,1181 508,1181 483,1181 458,1181 433,1180 408,1180 383,1180 358,1180 333,1180 308,1179 283,1179 258,1178 233,1177 208,1176"/>
                <Baseline points="208,1199 233,1200 258,1201 283,1202 308,1202 333,1203 358,1203 383,1203 408,1203 433,1203 458,1204 483,1204 508,1204 533,1204 558,1204 583,1205 608,1206 633,1207 658,1208 684,1209"/>
                <TextEquiv>
                    <Unicode>Desde tan dichosa hora</Unicode>
                </TextEquiv>
            </TextLine>
            <TextLine id="r_2_1l13" custom="readingOrder {index:11;}">
                <Coords points="201,1260 228,1260 255,1261 283,1261 310,1262 338,1262 365,1262 393,1263 420,1263 448,1263 475,1263 502,1264 530,1264 557,1264 585,1265 612,1265 640,1266 667,1267 695,1269 722,1270 750,1271 750,1237 722,1236 695,1235 667,1233 640,1232 612,1231 585,1231 557,1230 530,1230 502,1230 475,1229 448,1229 420,1229 393,1229 365,1228 338,1228 310,1228 283,1227 255,1227 228,1226 201,1226"/>
                <Baseline points="201,1249 228,1249 255,1250 283,1250 310,1251 338,1251 365,1251 393,1252 420,1252 448,1252 475,1252 502,1253 530,1253 557,1253 585,1254 612,1254 640,1255 667,1256 695,1258 722,1259 750,1260"/>
                <TextEquiv>
                    <Unicode>tu retrato en mi alma llevo,</Unicode>
                </TextEquiv>
            </TextLine>
            <TextLine id="r_2_1l15" custom="readingOrder {index:12;}">
                <Coords points="209,1311 234,1310 260,1310 286,1310 312,1310 338,1310 364,1310 390,1310 416,1311 442,1311 467,1311 493,1312 519,1312 545,1313 571,1313 597,1314 623,1315 649,1315 675,1316 701,1317 701,1283 675,1282 649,1281 623,1281 597,1280 571,1279 545,1279 519,1278 493,1278 467,1277 442,1277 416,1277 390,1276 364,1276 338,1276 312,1276 286,1276 260,1276 234,1276 209,1277"/>
                <Baseline points="209,1300 234,1299 260,1299 286,1299 312,1299 338,1299 364,1299 390,1299 416,1300 442,1300 467,1300 493,1301 519,1301 545,1302 571,1302 597,1303 623,1304 649,1304 675,1305 701,1306"/>
                <TextEquiv>
                    <Unicode>para rendirme de nuevo</Unicode>
                </TextEquiv>
            </TextLine>
            <TextLine id="r_2_1l16" custom="readingOrder {index:13;}">
                <Coords points="204,1359 239,1359 275,1359 311,1359 346,1360 382,1360 418,1361 454,1361 489,1362 525,1363 561,1364 597,1364 632,1365 668,1366 704,1367 740,1368 775,1369 811,1370 847,1370 883,1371 883,1337 847,1336 811,1336 775,1335 740,1334 704,1333 668,1332 632,1331 597,1330 561,1330 525,1329 489,1328 454,1327 418,1327 382,1326 346,1326 311,1325 275,1325 239,1325 204,1325"/>
                <Baseline points="204,1348 239,1348 275,1348 311,1348 346,1349 382,1349 418,1350 454,1350 489,1351 525,1352 561,1353 597,1353 632,1354 668,1355 704,1356 740,1357 775,1358 811,1359 847,1359 883,1360"/>
                <TextEquiv>
                    <Unicode>á tus plantas bella Flora.</Unicode>
                </TextEquiv>
            </TextLine>
            <TextLine id="r_2_1l17" custom="readingOrder {index:14;}">
                <Coords points="253,1406 284,1407 315,1408 347,1408 378,1409 410,1409 441,1410 473,1411 504,1411 536,1412 567,1412 598,1413 630,1414 661,1414 693,1415 724,1416 756,1417 787,1418 819,1419 850,1420 882,1422 882,1388 850,1386 819,1385 787,1384 756,1383 724,1382 693,1381 661,1380 630,1380 598,1379 567,1378 536,1378 504,1377 473,1377 441,1376 410,1375 378,1375 347,1374 315,1374 284,1373 253,1372"/>
                <Baseline points="253,1395 284,1396 315,1397 347,1397 378,1398 410,1398 441,1399 473,1400 504,1400 536,1401 567,1401 598,1402 630,1403 661,1403 693,1404 724,1405 756,1406 787,1407 819,1408 850,1409 882,1411"/>
                <TextEquiv>
                    <Unicode>Cuando el amor ha triunfado</Unicode>
                </TextEquiv>
            </TextLine>
            <TextLine id="r_2_1l18" custom="readingOrder {index:15;}">
                <Coords points="207,1457 242,1457 278,1457 314,1458 349,1458 385,1458 421,1459 457,1460 492,1460 528,1461 564,1462 600,1463 635,1464 671,1465 707,1466 743,1468 778,1469 814,1471 850,1472 886,1474 886,1440 850,1438 814,1437 778,1435 743,1434 707,1432 671,1431 635,1430 600,1429 564,1428 528,1427 492,1426 457,1426 421,1425 385,1424 349,1424 314,1424 278,1423 242,1423 207,1423"/>
                <Baseline points="207,1446 242,1446 278,1446 314,1447 349,1447 385,1447 421,1448 457,1449 492,1449 528,1450 564,1451 600,1452 635,1453 671,1454 707,1455 743,1457 778,1458 814,1460 850,1461 886,1463"/>
                <TextEquiv>
                    <Unicode>del recato y deila ciencia,</Unicode>
                </TextEquiv>
            </TextLine>
            <TextLine id="r_2_1l19" custom="readingOrder {index:16;}">
                <Coords points="199,1506 232,1506 265,1506 299,1506 332,1507 366,1507 399,1507 432,1507 466,1508 499,1508 533,1509 566,1510 599,1510 633,1511 666,1512 700,1513 733,1514 766,1515 800,1516 833,1518 867,1519 867,1485 833,1484 800,1482 766,1481 733,1480 700,1479 666,1478 633,1477 599,1476 566,1476 533,1475 499,1474 466,1474 432,1473 399,1473 366,1473 332,1473 299,1472 265,1472 232,1472 199,1472"/>
                <Baseline points="199,1495 232,1495 265,1495 299,1495 332,1496 366,1496 399,1496 432,1496 466,1497 499,1497 533,1498 566,1499 599,1499 633,1500 666,1501 700,1502 733,1503 766,1504 800,1505 833,1507 867,1508"/>
                <TextEquiv>
                    <Unicode>son tales las exigencias </Unicode>
                </TextEquiv>
            </TextLine>
            <TextLine id="r_2_1l20" custom="readingOrder {index:17;}">
                <Coords points="201,1555 235,1554 269,1554 303,1554 337,1554 372,1555 406,1555 440,1556 474,1557 508,1557 543,1558 577,1559 611,1560 645,1562 679,1563 714,1564 748,1565 782,1566 816,1568 850,1569 885,1570 885,1536 850,1535 816,1534 782,1532 748,1531 714,1530 679,1529 645,1528 611,1526 577,1525 543,1524 508,1523 474,1523 440,1522 406,1521 372,1521 337,1520 303,1520 269,1520 235,1520 201,1521"/>
                <Baseline points="201,1544 235,1543 269,1543 303,1543 337,1543 372,1544 406,1544 440,1545 474,1546 508,1546 543,1547 577,1548 611,1549 645,1551 679,1552 714,1553 748,1554 782,1555 816,1557 850,1558 885,1559"/>
                <TextEquiv>
                    <Unicode>que impone al enamorado,</Unicode>
                </TextEquiv>
            </TextLine>
            <TextLine id="r_2_1l21" custom="readingOrder {index:18;}">
                <Coords points="209,1603 243,1603 277,1603 311,1603 345,1604 379,1604 413,1604 447,1605 481,1605 515,1606 549,1607 583,1608 617,1609 651,1610 685,1611 719,1612 753,1613 787,1614 821,1615 855,1616 889,1617 889,1583 855,1582 821,1581 787,1580 753,1579 719,1578 685,1577 651,1576 617,1575 583,1574 549,1573 515,1572 481,1571 447,1571 413,1570 379,1570 345,1570 311,1569 277,1569 243,1569 209,1569"/>
                <Baseline points="209,1592 243,1592 277,1592 311,1592 345,1593 379,1593 413,1593 447,1594 481,1594 515,1595 549,1596 583,1597 617,1598 651,1599 685,1600 719,1601 753,1602 787,1603 821,1604 855,1605 889,1606"/>
                <TextEquiv>
                    <Unicode>que diera un hombre un condado</Unicode>
                </TextEquiv>
            </TextLine>
            <TextLine id="r_2_1l22" custom="readingOrder {index:19;}">
                <Coords points="209,1652 240,1652 271,1653 302,1653 333,1653 364,1654 395,1655 426,1655 457,1656 488,1656 520,1657 551,1657 582,1658 613,1659 644,1659 675,1660 706,1661 737,1661 768,1662 799,1662 831,1663 831,1629 799,1628 768,1628 737,1627 706,1627 675,1626 644,1625 613,1625 582,1624 551,1623 520,1623 488,1622 457,1622 426,1621 395,1621 364,1620 333,1619 302,1619 271,1619 240,1618 209,1618"/>
                <Baseline points="209,1641 240,1641 271,1642 302,1642 333,1642 364,1643 395,1644 426,1644 457,1645 488,1645 520,1646 551,1646 582,1647 613,1648 644,1648 675,1649 706,1650 737,1650 768,1651 799,1651 831,1652"/>
                <TextEquiv>
                    <Unicode>por lograr un cariñitos:</Unicode>
                </TextEquiv>
            </TextLine>
            <TextLine id="r_2_1l23" custom="readingOrder {index:20;}">
                <Coords points="203,1699 234,1700 266,1701 297,1701 329,1702 361,1702 392,1703 424,1703 455,1704 487,1705 519,1705 550,1706 582,1707 613,1708 645,1709 677,1710 708,1711 740,1712 771,1713 803,1715 835,1717 835,1683 803,1681 771,1679 740,1678 708,1677 677,1676 645,1675 613,1674 582,1673 550,1672 519,1671 487,1671 455,1670 424,1669 392,1669 361,1668 329,1668 297,1667 266,1667 234,1666 203,1665"/>
                <Baseline points="203,1688 234,1689 266,1690 297,1690 329,1691 361,1691 392,1692 424,1692 455,1693 487,1694 519,1694 550,1695 582,1696 613,1697 645,1698 677,1699 708,1700 740,1701 771,1702 803,1704 835,1706"/>
                <TextEquiv>
                    <Unicode>por un suspiro, un besito</Unicode>
                </TextEquiv>
            </TextLine>
            <TextLine id="r_2_1l24" custom="readingOrder {index:21;}">
                <Coords points="205,1749 238,1750 271,1750 305,1751 338,1751 371,1752 405,1752 438,1753 471,1753 505,1754 538,1755 571,1755 605,1756 638,1757 671,1758 705,1759 738,1760 771,1762 805,1764 838,1765 872,1767 872,1734 838,1732 805,1731 771,1729 738,1727 705,1726 671,1725 638,1724 605,1723 571,1722 538,1722 505,1721 471,1720 438,1720 405,1719 371,1719 338,1718 305,1718 271,1717 238,1717 205,1716"/>
                <Baseline points="205,1738 238,1739 271,1739 305,1740 338,1740 371,1741 405,1741 438,1742 471,1742 505,1743 538,1744 571,1744 605,1745 638,1746 671,1747 705,1748 738,1749 771,1751 805,1753 838,1754 872,1756"/>
                <TextEquiv>
                    <Unicode>escapado. por fortunaz:</Unicode>
                </TextEquiv>
            </TextLine>
            <TextLine id="r_2_1l25" custom="readingOrder {index:22;}">
                <Coords points="195,1798 229,1799 263,1799 297,1800 331,1800 365,1801 399,1801 433,1802 467,1802 501,1803 536,1804 570,1804 604,1805 638,1806 672,1807 706,1808 740,1809 774,1810 808,1811 842,1812 877,1813 877,1779 842,1778 808,1777 774,1776 740,1775 706,1774 672,1773 638,1772 604,1771 570,1770 536,1770 501,1769 467,1768 433,1768 399,1767 365,1767 331,1766 297,1766 263,1765 229,1765 195,1764"/>
                <Baseline points="195,1787 229,1788 263,1788 297,1789 331,1789 365,1790 399,1790 433,1791 467,1791 501,1792 536,1793 570,1793 604,1794 638,1795 672,1796 706,1797 740,1798 774,1799 808,1800 842,1801 877,1802"/>
                <TextEquiv>
                    <Unicode>al pie de su blanca luna</Unicode>
                </TextEquiv>
            </TextLine>
            <TextLine id="r_2_1l26" custom="readingOrder {index:23;}">
                <Coords points="197,1846 230,1847 264,1848 298,1848 331,1849 365,1850 399,1850 432,1851 466,1852 500,1852 534,1853 567,1854 601,1854 635,1855 668,1856 702,1857 736,1857 769,1859 803,1859 837,1861 871,1862 871,1828 837,1827 803,1825 769,1825 736,1823 702,1823 668,1822 635,1821 601,1820 567,1820 534,1819 500,1818 466,1818 432,1817 399,1816 365,1816 331,1815 298,1814 264,1814 230,1813 197,1812"/>
                <Baseline points="197,1835 230,1836 264,1837 298,1837 331,1838 365,1839 399,1839 432,1840 466,1841 500,1841 534,1842 567,1843 601,1843 635,1844 668,1845 702,1846 736,1846 769,1848 803,1848 837,1850 871,1851"/>
                <TextEquiv>
                    <Unicode>está postrado un Negrito.</Unicode>
                </TextEquiv>
            </TextLine>
            <TextLine id="r_2_1l27" custom="readingOrder {index:24;}">
                <Coords points="251,1893 282,1895 314,1896 345,1898 377,1899 408,1900 440,1900 471,1901 503,1902 534,1902 566,1903 598,1903 629,1904 661,1904 692,1905 724,1906 755,1907 787,1908 818,1909 850,1911 882,1912 882,1878 850,1877 818,1875 787,1874 755,1873 724,1872 692,1871 661,1870 629,1870 598,1869 566,1869 534,1868 503,1868 471,1867 440,1866 408,1866 377,1865 345,1864 314,1862 282,1861 251,1859"/>
                <Baseline points="251,1882 282,1884 314,1885 345,1887 377,1888 408,1889 440,1889 471,1890 503,1891 534,1891 566,1892 598,1892 629,1893 661,1893 692,1894 724,1895 755,1896 787,1897 818,1898 850,1900 882,1901"/>
                <TextEquiv>
                    <Unicode>Vénus, que de mis dolores</Unicode>
                </TextEquiv>
            </TextLine>
            <TextLine id="r_2_1l28" custom="readingOrder {index:25;}">
                <Coords points="199,1945 232,1945 266,1946 300,1947 334,1947 368,1948 402,1948 436,1949 470,1949 504,1950 538,1951 571,1951 605,1952 639,1953 673,1954 707,1955 741,1956 775,1958 809,1959 843,1961 877,1963 877,1929 843,1927 809,1925 775,1924 741,1922 707,1921 673,1920 639,1919 605,1918 571,1917 538,1917 504,1916 470,1915 436,1915 402,1914 368,1914 334,1913 300,1913 266,1912 232,1911 199,1911"/>
                <Baseline points="199,1934 232,1934 266,1935 300,1936 334,1936 368,1937 402,1937 436,1938 470,1938 504,1939 538,1940 571,1940 605,1941 639,1942 673,1943 707,1944 741,1945 775,1947 809,1948 843,1950 877,1952"/>
                <TextEquiv>
                    <Unicode>es juez, parte y testigo.</Unicode>
                </TextEquiv>
            </TextLine>
            <TextLine id="r_2_1l29" custom="readingOrder {index:26;}">
                <Coords points="198,1993 230,1994 262,1995 294,1995 326,1996 358,1996 390,1997 422,1997 454,1998 486,1998 518,1999 550,1999 582,2000 614,2001 646,2001 678,2002 710,2003 742,2004 774,2006 806,2007 839,2009 839,1975 806,1973 774,1972 742,1970 710,1969 678,1968 646,1967 614,1967 582,1966 550,1965 518,1965 486,1964 454,1964 422,1963 390,1963 358,1962 326,1962 294,1961 262,1961 230,1960 198,1959"/>
                <Baseline points="198,1982 230,1983 262,1984 294,1984 326,1985 358,1985 390,1986 422,1986 454,1987 486,1987 518,1988 550,1988 582,1989 614,1990 646,1990 678,1991 710,1992 742,1993 774,1995 806,1996 839,1998"/>
                <TextEquiv>
                    <Unicode>dará el premio ó el castigo</Unicode>
                </TextEquiv>
            </TextLine>
            <TextLine id="r_2_1l30" custom="readingOrder {index:27;}">
                <Coords points="193,2043 226,2044 260,2045 293,2045 327,2046 360,2046 394,2047 427,2047 461,2048 494,2048 528,2049 561,2049 595,2050 628,2051 662,2052 695,2052 729,2053 762,2054 796,2055 829,2057 863,2058 863,2024 829,2023 796,2021 762,2020 729,2019 695,2018 662,2018 628,2017 595,2016 561,2015 528,2015 494,2014 461,2014 427,2013 394,2013 360,2012 327,2012 293,2011 260,2011 226,2010 193,2009"/>
                <Baseline points="193,2032 226,2033 260,2034 293,2034 327,2035 360,2035 394,2036 427,2036 461,2037 494,2037 528,2038 561,2038 595,2039 628,2040 662,2041 695,2041 729,2042 762,2043 796,2044 829,2046 863,2047"/>
                <TextEquiv>
                    <Unicode>que merezcan mis amores;</Unicode>
                </TextEquiv>
            </TextLine>
            <TextLine id="r_2_1l31" custom="readingOrder {index:28;}">
                <Coords points="198,2092 228,2093 259,2093 289,2093 320,2093 350,2094 381,2094 411,2095 442,2095 472,2096 503,2096 533,2097 564,2098 594,2099 625,2100 655,2101 686,2102 716,2103 747,2104 777,2105 808,2106 808,2072 777,2071 747,2070 716,2069 686,2068 655,2067 625,2066 594,2065 564,2064 533,2063 503,2062 472,2062 442,2061 411,2061 381,2060 350,2060 320,2059 289,2059 259,2059 228,2059 198,2058"/>
                <Baseline points="198,2081 228,2082 259,2082 289,2082 320,2082 350,2083 381,2083 411,2084 442,2084 472,2085 503,2085 533,2086 564,2087 594,2088 625,2089 655,2090 686,2091 716,2092 747,2093 777,2094 808,2095"/>
                <TextEquiv>
                    <Unicode>La diosa oyó susclamares</Unicode>
                </TextEquiv>
            </TextLine>
            <TextLine id="r_2_1l32" custom="readingOrder {index:29;}">
                <Coords points="193,2139 219,2140 246,2141 272,2141 299,2142 326,2143 352,2143 379,2144 406,2144 432,2145 459,2145 486,2145 512,2146 539,2146 566,2147 592,2147 619,2148 646,2149 672,2149 699,2151 726,2151 726,2118 699,2118 672,2116 646,2116 619,2115 592,2114 566,2114 539,2113 512,2113 486,2112 459,2112 432,2112 406,2111 379,2111 352,2110 326,2110 299,2109 272,2108 246,2108 219,2107 193,2106"/>
                <Baseline points="193,2128 219,2129 246,2130 272,2130 299,2131 326,2132 352,2132 379,2133 406,2133 432,2134 459,2134 486,2134 512,2135 539,2135 566,2136 592,2136 619,2137 646,2138 672,2138 699,2140 726,2140"/>
                <TextEquiv>
                    <Unicode>compadeciendo al Negrito;</Unicode>
                </TextEquiv>
            </TextLine>
            <TextLine id="r_2_1l33" custom="readingOrder {index:30;}">
                <Coords points="195,2184 220,2186 246,2187 272,2189 298,2190 324,2191 350,2192 376,2193 402,2193 428,2194 453,2195 479,2195 505,2196 531,2196 557,2196 583,2197 609,2197 635,2197 661,2198 687,2198 687,2165 661,2165 635,2164 609,2164 583,2164 557,2163 531,2163 505,2163 479,2162 453,2162 428,2161 402,2160 376,2160 350,2159 324,2158 298,2157 272,2156 246,2154 220,2153 195,2151"/>
                <Baseline points="195,2173 220,2175 246,2176 272,2178 298,2179 324,2180 350,2181 376,2182 402,2182 428,2183 453,2184 479,2184 505,2185 531,2185 557,2185 583,2186 609,2186 635,2186 661,2187 687,2187"/>
                <TextEquiv>
                    <Unicode>Vénus sin mas requisito</Unicode>
                </TextEquiv>
            </TextLine>
            <TextLine id="r_2_1l34" custom="readingOrder {index:31;}">
                <Coords points="196,2236 222,2237 248,2238 274,2238 300,2239 326,2240 352,2240 378,2241 404,2242 430,2242 456,2243 482,2244 508,2244 534,2245 560,2245 586,2246 612,2246 639,2247 639,2213 612,2212 586,2212 560,2211 534,2211 508,2210 482,2210 456,2209 430,2208 404,2208 378,2207 352,2206 326,2206 300,2205 274,2204 248,2204 222,2203 196,2202"/>
                <Baseline points="196,2225 222,2226 248,2227 274,2227 300,2228 326,2229 352,2229 378,2230 404,2231 430,2231 456,2232 482,2233 508,2233 534,2234 560,2234 586,2235 612,2235 639,2236"/>
                <TextEquiv>
                    <Unicode>á su favor ha fallado,</Unicode>
                </TextEquiv>
            </TextLine>
            <TextLine id="r_2_1l36" custom="readingOrder {index:32;}">
                <Coords points="191,2287 217,2287 243,2288 269,2288 295,2288 321,2288 347,2289 373,2289 399,2290 425,2290 452,2291 478,2291 504,2292 530,2293 556,2294 582,2294 608,2295 634,2296 660,2296 687,2297 687,2264 660,2263 634,2263 608,2262 582,2261 556,2261 530,2260 504,2259 478,2258 452,2258 425,2257 399,2257 373,2256 347,2256 321,2255 295,2255 269,2255 243,2255 217,2254 191,2254"/>
                <Baseline points="191,2276 217,2276 243,2277 269,2277 295,2277 321,2277 347,2278 373,2278 399,2279 425,2279 452,2280 478,2280 504,2281 530,2282 556,2283 582,2283 608,2284 634,2285 660,2285 687,2286"/>
                <TextEquiv>
                    <Unicode>y la misma ha confesado</Unicode>
                </TextEquiv>
            </TextLine>
            <TextLine id="r_2_1l38" custom="readingOrder {index:33;}">
                <Coords points="194,2334 229,2335 264,2337 299,2338 335,2338 370,2339 405,2340 441,2341 476,2341 511,2341 547,2342 582,2342 617,2342 652,2343 688,2343 723,2343 758,2343 794,2343 829,2344 864,2344 900,2344 900,2311 864,2311 829,2311 794,2310 758,2310 723,2310 688,2310 652,2310 617,2309 582,2309 547,2309 511,2308 476,2308 441,2308 405,2307 370,2306 335,2305 299,2305 264,2304 229,2302 194,2301"/>
                <Baseline points="194,2323 229,2324 264,2326 299,2327 335,2327 370,2328 405,2329 441,2330 476,2330 511,2330 547,2331 582,2331 617,2331 652,2332 688,2332 723,2332 758,2332 794,2332 829,2333 864,2333 900,2333"/>
                <TextEquiv>
                    <Unicode>que nostiene otro delito.</Unicode>
                </TextEquiv>
            </TextLine>
            <TextEquiv>
                <Unicode>A tus plantas bella Flora
está postrado un Negrito,
que no tiene otro delito
ni mas causa que te adora.
Divagando por los bosques,
iba en trage de pastora:
¿cuántas veces á deshora
pasé sin sentir las noches
entre amorosos reproches
hasta amanecer la aurora? 
Desde tan dichosa hora
tu retrato en mi alma llevo,
para rendirme de nuevo
á tus plantas bella Flora.
Cuando el amor ha triunfado
del recato y deila ciencia,
son tales las exigencias 
que impone al enamorado,
que diera un hombre un condado
por lograr un cariñitos:
por un suspiro, un besito
escapado. por fortunaz:
al pie de su blanca luna
está postrado un Negrito.
Vénus, que de mis dolores
es juez, parte y testigo.
dará el premio ó el castigo
que merezcan mis amores;
La diosa oyó susclamares
compadeciendo al Negrito;
Vénus sin mas requisito
á su favor ha fallado,
y la misma ha confesado
que nostiene otro delito.</Unicode>
            </TextEquiv>
        </TextRegion>
        <TextRegion orientation="0.0" type="paragraph" id="r_3_1" custom="readingOrder {index:2;}">
            <Coords points="916,682 1582,682 1582,2364 916,2364"/>
            <TextLine id="r_3_1l1" custom="readingOrder {index:0;}">
                <Coords points="981,735 1006,736 1031,737 1057,738 1082,738 1107,739 1133,740 1158,740 1183,741 1209,741 1234,742 1260,742 1285,743 1310,744 1336,744 1361,745 1386,746 1412,747 1437,748 1463,749 1463,715 1437,714 1412,713 1386,712 1361,711 1336,710 1310,710 1285,709 1260,708 1234,708 1209,707 1183,707 1158,706 1133,706 1107,705 1082,704 1057,704 1031,703 1006,702 981,701"/>
                <Baseline points="981,724 1006,725 1031,726 1057,727 1082,727 1107,728 1133,729 1158,729 1183,730 1209,730 1234,731 1260,731 1285,732 1310,733 1336,733 1361,734 1386,735 1412,736 1437,737 1463,738"/>
                <TextEquiv>
                    <Unicode>Por amorosas querellas</Unicode>
                </TextEquiv>
            </TextLine>
            <TextLine id="r_3_1l2" custom="readingOrder {index:1;}">
                <Coords points="940,786 965,787 990,787 1016,788 1041,788 1067,788 1092,789 1118,789 1143,790 1169,790 1194,791 1220,791 1245,792 1271,792 1296,793 1322,794 1347,794 1373,795 1398,795 1424,796 1424,763 1398,762 1373,762 1347,761 1322,761 1296,760 1271,759 1245,759 1220,758 1194,758 1169,757 1143,757 1118,756 1092,756 1067,755 1041,755 1016,755 990,754 965,754 940,753"/>
                <Baseline points="940,775 965,776 990,776 1016,777 1041,777 1067,777 1092,778 1118,778 1143,779 1169,779 1194,780 1220,780 1245,781 1271,781 1296,782 1322,783 1347,783 1373,784 1398,784 1424,785"/>
                <TextEquiv>
                    <Unicode>que el amor á suscitado,</Unicode>
                </TextEquiv>
            </TextLine>
            <TextLine id="r_3_1l3" custom="readingOrder {index:2;}">
                <Coords points="949,835 980,835 1011,834 1042,834 1074,835 1105,836 1136,837 1167,838 1199,839 1230,841 1261,842 1292,842 1324,843 1355,844 1386,844 1417,844 1449,843 1480,842 1511,839 1542,837 1574,834 1574,801 1542,804 1511,806 1480,809 1449,810 1417,811 1386,811 1355,811 1324,810 1292,809 1261,809 1230,808 1199,806 1167,805 1136,804 1105,803 1074,802 1042,801 1011,801 980,802 949,802"/>
                <Baseline points="949,824 980,824 1011,823 1042,823 1074,824 1105,825 1136,826 1167,827 1199,828 1230,830 1261,831 1292,831 1324,832 1355,833 1386,833 1417,833 1449,832 1480,831 1511,828 1542,826 1574,823"/>
                <TextEquiv>
                    <Unicode>fué el Negrito sentenciodo!</Unicode>
                </TextEquiv>
            </TextLine>
            <TextLine id="r_3_1l4" custom="readingOrder {index:3;}">
                <Coords points="939,883 965,883 992,884 1018,884 1045,885 1071,885 1098,886 1124,887 1151,887 1177,888 1204,888 1231,889 1257,890 1284,891 1310,891 1337,892 1363,893 1390,894 1416,894 1443,896 1470,896 1470,862 1443,862 1416,860 1390,860 1363,859 1337,858 1310,857 1284,857 1257,856 1231,855 1204,854 1177,854 1151,853 1124,853 1098,852 1071,851 1045,851 1018,850 992,850 965,849 939,849"/>
                <Baseline points="939,872 965,872 992,873 1018,873 1045,874 1071,874 1098,875 1124,876 1151,876 1177,877 1204,877 1231,878 1257,879 1284,880 1310,880 1337,881 1363,882 1390,883 1416,883 1443,885 1470,885"/>
                <TextEquiv>
                    <Unicode>á un serrallo de doncellas,</Unicode>
                </TextEquiv>
            </TextLine>
            <TextLine id="r_3_1l5" custom="readingOrder {index:4;}">
                <Coords points="948,932 976,932 1004,933 1032,933 1060,933 1089,934 1117,934 1145,935 1173,936 1201,937 1230,937 1258,938 1286,939 1314,940 1342,941 1371,942 1399,942 1427,943 1455,944 1483,944 1512,944 1512,910 1483,910 1455,910 1427,909 1399,908 1371,908 1342,907 1314,906 1286,905 1258,904 1230,903 1201,903 1173,902 1145,901 1117,900 1089,900 1060,899 1032,899 1004,899 976,898 948,898"/>
                <Baseline points="948,921 976,921 1004,922 1032,922 1060,922 1089,923 1117,923 1145,924 1173,925 1201,926 1230,926 1258,927 1286,928 1314,929 1342,930 1371,931 1399,931 1427,932 1455,933 1483,933 1512,933"/>
                <TextEquiv>
                    <Unicode>cual gallo en medio de ellas</Unicode>
                </TextEquiv>
            </TextLine>
            <TextLine id="r_3_1l6" custom="readingOrder {index:5;}">
                <Coords points="943,979 969,979 995,980 1021,981 1047,982 1073,982 1100,983 1126,984 1152,984 1178,985 1204,985 1230,986 1257,987 1283,987 1309,988 1335,989 1361,989 1387,991 1414,992 1414,958 1387,957 1361,955 1335,955 1309,954 1283,953 1257,953 1230,952 1204,951 1178,951 1152,950 1126,950 1100,949 1073,948 1047,948 1021,947 995,946 969,945 943,945"/>
                <Baseline points="943,968 969,968 995,969 1021,970 1047,971 1073,971 1100,972 1126,973 1152,973 1178,974 1204,974 1230,975 1257,976 1283,976 1309,977 1335,978 1361,978 1387,980 1414,981"/>
                <TextEquiv>
                    <Unicode>canta ufano á toda hora,</Unicode>
                </TextEquiv>
            </TextLine>
            <TextLine id="r_3_1l7" custom="readingOrder {index:6;}">
                <Coords points="950,1030 976,1030 1002,1031 1028,1031 1054,1032 1080,1032 1106,1033 1132,1033 1158,1034 1185,1034 1211,1035 1237,1035 1263,1036 1289,1036 1315,1037 1341,1038 1367,1038 1394,1038 1394,1004 1367,1004 1341,1004 1315,1003 1289,1002 1263,1002 1237,1001 1211,1001 1185,1000 1158,1000 1132,999 1106,999 1080,998 1054,998 1028,997 1002,997 976,996 950,996"/>
                <Baseline points="950,1019 976,1019 1002,1020 1028,1020 1054,1021 1080,1021 1106,1022 1132,1022 1158,1023 1185,1023 1211,1024 1237,1024 1263,1025 1289,1025 1315,1026 1341,1027 1367,1027 1394,1027"/>
                <TextEquiv>
                    <Unicode>participándola á Flora</Unicode>
                </TextEquiv>
            </TextLine>
            <TextLine id="r_3_1l8" custom="readingOrder {index:7;}">
                <Coords points="947,1079 973,1079 999,1079 1025,1080 1052,1080 1078,1081 1104,1081 1130,1082 1157,1082 1183,1083 1209,1083 1235,1084 1262,1085 1288,1086 1314,1086 1340,1088 1367,1088 1393,1089 1419,1091 1446,1092 1446,1059 1419,1058 1393,1056 1367,1055 1340,1055 1314,1053 1288,1053 1262,1052 1235,1051 1209,1050 1183,1050 1157,1049 1130,1049 1104,1048 1078,1048 1052,1047 1025,1047 999,1046 973,1046 947,1046"/>
                <Baseline points="947,1068 973,1068 999,1068 1025,1069 1052,1069 1078,1070 1104,1070 1130,1071 1157,1071 1183,1072 1209,1072 1235,1073 1262,1074 1288,1075 1314,1075 1340,1077 1367,1077 1393,1078 1419,1080 1446,1081"/>
                <TextEquiv>
                    <Unicode>aquí vive un sentenciado,</Unicode>
                </TextEquiv>
            </TextLine>
            <TextLine id="r_3_1l9" custom="readingOrder {index:8;}">
                <Coords points="943,1129 968,1129 993,1129 1019,1130 1044,1130 1070,1130 1095,1130 1121,1131 1146,1131 1172,1131 1197,1132 1222,1132 1248,1132 1273,1133 1299,1133 1324,1134 1350,1135 1375,1135 1401,1136 1426,1137 1452,1138 1452,1105 1426,1104 1401,1103 1375,1102 1350,1102 1324,1101 1299,1100 1273,1100 1248,1099 1222,1099 1197,1099 1172,1098 1146,1098 1121,1098 1095,1097 1070,1097 1044,1097 1019,1097 993,1096 968,1096 943,1096"/>
                <Baseline points="943,1118 968,1118 993,1118 1019,1119 1044,1119 1070,1119 1095,1119 1121,1120 1146,1120 1172,1120 1197,1121 1222,1121 1248,1121 1273,1122 1299,1122 1324,1123 1350,1124 1375,1124 1401,1125 1426,1126 1452,1127"/>
                <TextEquiv>
                    <Unicode>que no tiene otro pecado</Unicode>
                </TextEquiv>
            </TextLine>
            <TextLine id="r_3_1l10" custom="readingOrder {index:9;}">
                <Coords points="940,1175 971,1177 1003,1178 1035,1179 1066,1180 1098,1181 1130,1181 1161,1182 1193,1182 1225,1183 1257,1183 1288,1184 1320,1185 1352,1185 1383,1186 1415,1188 1447,1189 1478,1191 1510,1194 1542,1196 1574,1199 1574,1165 1542,1162 1510,1160 1478,1157 1447,1155 1415,1154 1383,1152 1352,1151 1320,1151 1288,1150 1257,1149 1225,1149 1193,1148 1161,1148 1130,1147 1098,1147 1066,1146 1035,1145 1003,1144 971,1143 940,1141"/>
                <Baseline points="940,1164 971,1166 1003,1167 1035,1168 1066,1169 1098,1170 1130,1170 1161,1171 1193,1171 1225,1172 1257,1172 1288,1173 1320,1174 1352,1174 1383,1175 1415,1177 1447,1178 1478,1180 1510,1183 1542,1185 1574,1188"/>
                <TextEquiv>
                    <Unicode>ni mas causa que te adora.</Unicode>
                </TextEquiv>
            </TextLine>
            <TextLine id="r_3_1l11" custom="readingOrder {index:10;}">
                <Coords points="990,1225 1019,1227 1048,1228 1077,1228 1106,1229 1135,1229 1164,1230 1194,1230 1223,1231 1252,1231 1281,1231 1310,1232 1339,1233 1368,1234 1398,1235 1427,1236 1456,1238 1485,1240 1514,1243 1543,1246 1573,1250 1573,1216 1543,1212 1514,1209 1485,1206 1456,1204 1427,1202 1398,1201 1368,1200 1339,1199 1310,1198 1281,1197 1252,1197 1223,1197 1194,1196 1164,1196 1135,1195 1106,1195 1077,1194 1048,1194 1019,1193 990,1191"/>
                <Baseline points="990,1214 1019,1216 1048,1217 1077,1217 1106,1218 1135,1218 1164,1219 1194,1219 1223,1220 1252,1220 1281,1220 1310,1221 1339,1222 1368,1223 1398,1224 1427,1225 1456,1227 1485,1229 1514,1232 1543,1235 1573,1239"/>
                <TextEquiv>
                    <Unicode>Si me juzgas atrevido</Unicode>
                </TextEquiv>
            </TextLine>
            <TextLine id="r_3_1l12" custom="readingOrder {index:11;}">
                <Coords points="934,1274 965,1275 997,1275 1029,1276 1061,1276 1093,1277 1125,1277 1156,1278 1188,1279 1220,1280 1252,1281 1284,1282 1316,1283 1348,1284 1379,1286 1411,1287 1443,1289 1475,1291 1507,1293 1539,1295 1571,1298 1571,1264 1539,1261 1507,1259 1475,1257 1443,1255 1411,1253 1379,1252 1348,1250 1316,1249 1284,1248 1252,1247 1220,1246 1188,1245 1156,1244 1125,1243 1093,1243 1061,1242 1029,1242 997,1241 965,1241 934,1240"/>
                <Baseline points="934,1263 965,1264 997,1264 1029,1265 1061,1265 1093,1266 1125,1266 1156,1267 1188,1268 1220,1269 1252,1270 1284,1271 1316,1272 1348,1273 1379,1275 1411,1276 1443,1278 1475,1280 1507,1282 1539,1284 1571,1287"/>
                <TextEquiv>
                    <Unicode>no temas ser homicida</Unicode>
                </TextEquiv>
            </TextLine>
            <TextLine id="r_3_1l13" custom="readingOrder {index:12;}">
                <Coords points="939,1324 970,1324 1002,1324 1034,1325 1066,1325 1098,1325 1130,1326 1162,1327 1194,1327 1226,1328 1258,1329 1289,1330 1321,1331 1353,1333 1385,1334 1417,1336 1449,1338 1481,1340 1513,1341 1545,1344 1577,1347 1577,1317 1545,1314 1513,1311 1481,1310 1449,1308 1417,1306 1385,1304 1353,1303 1321,1301 1289,1300 1258,1299 1226,1298 1194,1297 1162,1297 1130,1296 1098,1295 1066,1295 1034,1295 1002,1294 970,1294 939,1294"/>
                <Baseline points="939,1314 970,1314 1002,1314 1034,1315 1066,1315 1098,1315 1130,1316 1162,1317 1194,1317 1226,1318 1258,1319 1289,1320 1321,1321 1353,1323 1385,1324 1417,1326 1449,1328 1481,1330 1513,1331 1545,1334 1577,1337"/>
                <TextEquiv>
                    <Unicode>quilate pronto la vida</Unicode>
                </TextEquiv>
            </TextLine>
            <TextLine id="r_3_1l14" custom="readingOrder {index:13;}">
                <Coords points="936,1371 968,1371 1000,1373 1032,1374 1065,1374 1097,1375 1129,1375 1162,1376 1194,1377 1226,1377 1259,1378 1291,1378 1323,1379 1355,1380 1388,1380 1420,1381 1452,1382 1485,1383 1517,1385 1549,1386 1582,1387 1582,1357 1549,1356 1517,1355 1485,1353 1452,1352 1420,1351 1388,1350 1355,1350 1323,1349 1291,1348 1259,1348 1226,1347 1194,1347 1162,1346 1129,1345 1097,1345 1065,1344 1032,1344 1000,1343 968,1341 936,1341"/>
                <Baseline points="936,1361 968,1361 1000,1363 1032,1364 1065,1364 1097,1365 1129,1365 1162,1366 1194,1367 1226,1367 1259,1368 1291,1368 1323,1369 1355,1370 1388,1370 1420,1371 1452,1372 1485,1373 1517,1375 1549,1376 1582,1377"/>
                <TextEquiv>
                    <Unicode>si es que no he de ser quenido.</Unicode>
                </TextEquiv>
            </TextLine>
            <TextLine id="r_3_1l15" custom="readingOrder {index:14;}">
                <Coords points="982,1421 1011,1422 1041,1423 1070,1424 1100,1425 1130,1425 1159,1426 1189,1426 1219,1427 1248,1427 1278,1428 1308,1429 1337,1429 1367,1430 1397,1432 1426,1433 1456,1435 1486,1437 1515,1439 1545,1442 1575,1445 1575,1412 1545,1409 1515,1406 1486,1404 1456,1402 1426,1400 1397,1399 1367,1397 1337,1396 1308,1396 1278,1395 1248,1394 1219,1394 1189,1393 1159,1393 1130,1392 1100,1392 1070,1391 1041,1390 1011,1389 982,1388"/>
                <Baseline points="982,1410 1011,1411 1041,1412 1070,1413 1100,1414 1130,1414 1159,1415 1189,1415 1219,1416 1248,1416 1278,1417 1308,1418 1337,1418 1367,1419 1397,1421 1426,1422 1456,1424 1486,1426 1515,1428 1545,1431 1575,1434"/>
                <TextEquiv>
                    <Unicode>Yó sabré crucificarme</Unicode>
                </TextEquiv>
            </TextLine>
            <TextLine id="r_3_1l16" custom="readingOrder {index:15;}">
                <Coords points="938,1470 969,1471 1001,1472 1033,1472 1065,1473 1097,1474 1129,1474 1161,1474 1193,1475 1225,1475 1257,1475 1288,1476 1320,1476 1352,1477 1384,1478 1416,1480 1448,1482 1480,1483 1512,1486 1544,1488 1576,1491 1576,1458 1544,1455 1512,1453 1480,1450 1448,1449 1416,1447 1384,1445 1352,1444 1320,1443 1288,1443 1257,1442 1225,1442 1193,1442 1161,1441 1129,1441 1097,1441 1065,1440 1033,1439 1001,1439 969,1438 938,1437"/>
                <Baseline points="938,1459 969,1460 1001,1461 1033,1461 1065,1462 1097,1463 1129,1463 1161,1463 1193,1464 1225,1464 1257,1464 1288,1465 1320,1465 1352,1466 1384,1467 1416,1469 1448,1471 1480,1472 1512,1475 1544,1477 1576,1480"/>
                <TextEquiv>
                    <Unicode>y estar siempre á tu servicio</Unicode>
                </TextEquiv>
            </TextLine>
            <TextLine id="r_3_1l17" custom="readingOrder {index:16;}">
                <Coords points="934,1520 967,1521 1001,1521 1034,1522 1068,1522 1102,1522 1135,1523 1169,1523 1203,1524 1236,1525 1270,1526 1303,1527 1337,1528 1371,1529 1404,1531 1438,1532 1472,1535 1505,1537 1539,1540 1573,1543 1573,1509 1539,1506 1505,1503 1472,1501 1438,1498 1404,1497 1371,1495 1337,1494 1303,1493 1270,1492 1236,1491 1203,1490 1169,1489 1135,1489 1102,1488 1068,1488 1034,1488 1001,1487 967,1487 934,1486"/>
                <Baseline points="934,1509 967,1510 1001,1510 1034,1511 1068,1511 1102,1511 1135,1512 1169,1512 1203,1513 1236,1514 1270,1515 1303,1516 1337,1517 1371,1518 1404,1520 1438,1521 1472,1524 1505,1526 1539,1529 1573,1532"/>
                <TextEquiv>
                    <Unicode>por el grande beneficio</Unicode>
                </TextEquiv>
            </TextLine>
            <TextLine id="r_3_1l18" custom="readingOrder {index:17;}">
                <Coords points="940,1568 972,1569 1004,1570 1036,1570 1068,1571 1100,1571 1132,1571 1164,1572 1196,1572 1228,1573 1260,1573 1292,1574 1324,1575 1356,1575 1388,1576 1420,1578 1452,1580 1484,1581 1516,1584 1548,1587 1581,1590 1581,1556 1548,1553 1516,1550 1484,1547 1452,1546 1420,1544 1388,1542 1356,1541 1324,1541 1292,1540 1260,1539 1228,1539 1196,1538 1164,1538 1132,1537 1100,1537 1068,1537 1036,1536 1004,1536 972,1535 940,1534"/>
                <Baseline points="940,1557 972,1558 1004,1559 1036,1559 1068,1560 1100,1560 1132,1560 1164,1561 1196,1561 1228,1562 1260,1562 1292,1563 1324,1564 1356,1564 1388,1565 1420,1567 1452,1569 1484,1570 1516,1573 1548,1576 1581,1579"/>
                <TextEquiv>
                    <Unicode>que acabas de dispensarme;</Unicode>
                </TextEquiv>
            </TextLine>
            <TextLine id="r_3_1l19" custom="readingOrder {index:18;}">
                <Coords points="938,1616 969,1617 1001,1618 1033,1619 1065,1620 1097,1620 1129,1621 1160,1621 1192,1621 1224,1622 1256,1622 1288,1623 1320,1623 1352,1624 1383,1625 1415,1626 1447,1628 1479,1630 1511,1632 1543,1635 1575,1638 1575,1604 1543,1601 1511,1598 1479,1596 1447,1594 1415,1592 1383,1591 1352,1590 1320,1589 1288,1589 1256,1588 1224,1588 1192,1587 1160,1587 1129,1587 1097,1586 1065,1586 1033,1585 1001,1584 969,1583 938,1582"/>
                <Baseline points="938,1605 969,1606 1001,1607 1033,1608 1065,1609 1097,1609 1129,1610 1160,1610 1192,1610 1224,1611 1256,1611 1288,1612 1320,1612 1352,1613 1383,1614 1415,1615 1447,1617 1479,1619 1511,1621 1543,1624 1575,1627"/>
                <TextEquiv>
                    <Unicode>del que no podré olvidarme</Unicode>
                </TextEquiv>
            </TextLine>
            <TextLine id="r_3_1l20" custom="readingOrder {index:19;}">
                <Coords points="933,1666 965,1667 997,1667 1029,1668 1061,1668 1093,1668 1125,1669 1157,1669 1189,1670 1221,1671 1253,1672 1285,1672 1317,1673 1349,1674 1381,1676 1413,1677 1445,1679 1477,1680 1509,1683 1541,1685 1573,1688 1573,1654 1541,1651 1509,1649 1477,1646 1445,1645 1413,1643 1381,1642 1349,1640 1317,1639 1285,1638 1253,1638 1221,1637 1189,1636 1157,1635 1125,1635 1093,1634 1061,1634 1029,1634 997,1633 965,1633 933,1632"/>
                <Baseline points="933,1655 965,1656 997,1656 1029,1657 1061,1657 1093,1657 1125,1658 1157,1658 1189,1659 1221,1660 1253,1661 1285,1661 1317,1662 1349,1663 1381,1665 1413,1666 1445,1668 1477,1669 1509,1672 1541,1674 1573,1677"/>
                <TextEquiv>
                    <Unicode>porque soy agradecido;</Unicode>
                </TextEquiv>
            </TextLine>
            <TextLine id="r_3_1l21" custom="readingOrder {index:20;}">
                <Coords points="932,1713 964,1714 996,1715 1028,1716 1061,1717 1093,1717 1125,1718 1157,1718 1190,1719 1222,1719 1254,1719 1286,1720 1319,1721 1351,1722 1383,1723 1415,1724 1448,1726 1480,1728 1512,1731 1544,1733 1577,1737 1577,1703 1544,1699 1512,1697 1480,1694 1448,1692 1415,1690 1383,1689 1351,1688 1319,1687 1286,1686 1254,1685 1222,1685 1190,1685 1157,1684 1125,1684 1093,1683 1061,1683 1028,1682 996,1681 964,1680 932,1679"/>
                <Baseline points="932,1702 964,1703 996,1704 1028,1705 1061,1706 1093,1706 1125,1707 1157,1707 1190,1708 1222,1708 1254,1708 1286,1709 1319,1710 1351,1711 1383,1712 1415,1713 1448,1715 1480,1717 1512,1720 1544,1722 1577,1726"/>
                <TextEquiv>
                    <Unicode>aun no soy correspondido</Unicode>
                </TextEquiv>
            </TextLine>
            <TextLine id="r_3_1l22" custom="readingOrder {index:21;}">
                <Coords points="935,1761 967,1762 999,1763 1031,1764 1063,1766 1095,1766 1127,1767 1159,1767 1191,1768 1223,1768 1255,1769 1287,1769 1319,1770 1351,1771 1383,1772 1415,1773 1447,1774 1479,1777 1511,1779 1543,1781 1575,1784 1575,1750 1543,1747 1511,1745 1479,1743 1447,1740 1415,1739 1383,1738 1351,1737 1319,1736 1287,1735 1255,1735 1223,1734 1191,1734 1159,1733 1127,1733 1095,1732 1063,1732 1031,1730 999,1729 967,1728 935,1727"/>
                <Baseline points="935,1750 967,1751 999,1752 1031,1753 1063,1755 1095,1755 1127,1756 1159,1756 1191,1757 1223,1757 1255,1758 1287,1758 1319,1759 1351,1760 1383,1761 1415,1762 1447,1763 1479,1766 1511,1768 1543,1770 1575,1773"/>
                <TextEquiv>
                    <Unicode>y en el caso que lo fuera</Unicode>
                </TextEquiv>
            </TextLine>
            <TextLine id="r_3_1l23" custom="readingOrder {index:22;}">
                <Coords points="932,1812 964,1813 996,1814 1028,1814 1060,1815 1092,1815 1124,1816 1156,1816 1188,1817 1220,1817 1252,1818 1284,1818 1316,1819 1348,1820 1380,1821 1412,1823 1444,1824 1476,1826 1508,1829 1540,1832 1573,1835 1573,1801 1540,1798 1508,1795 1476,1792 1444,1790 1412,1789 1380,1787 1348,1786 1316,1785 1284,1784 1252,1784 1220,1783 1188,1783 1156,1782 1124,1782 1092,1781 1060,1781 1028,1780 996,1780 964,1779 932,1778"/>
                <Baseline points="932,1801 964,1802 996,1803 1028,1803 1060,1804 1092,1804 1124,1805 1156,1805 1188,1806 1220,1806 1252,1807 1284,1807 1316,1808 1348,1809 1380,1810 1412,1812 1444,1813 1476,1815 1508,1818 1540,1821 1573,1824"/>
                <TextEquiv>
                    <Unicode>es preciso que yo muera</Unicode>
                </TextEquiv>
            </TextLine>
            <TextLine id="r_3_1l24" custom="readingOrder {index:23;}">
                <Coords points="936,1860 969,1862 1003,1863 1036,1864 1070,1865 1104,1865 1137,1866 1171,1867 1205,1867 1238,1867 1272,1868 1305,1869 1339,1870 1373,1871 1406,1872 1440,1873 1474,1875 1507,1877 1541,1880 1575,1882 1575,1849 1541,1847 1507,1844 1474,1842 1440,1840 1406,1839 1373,1838 1339,1837 1305,1836 1272,1835 1238,1834 1205,1834 1171,1834 1137,1833 1104,1832 1070,1832 1036,1831 1003,1830 969,1829 936,1827"/>
                <Baseline points="936,1849 969,1851 1003,1852 1036,1853 1070,1854 1104,1854 1137,1855 1171,1856 1205,1856 1238,1856 1272,1857 1305,1858 1339,1859 1373,1860 1406,1861 1440,1862 1474,1864 1507,1866 1541,1869 1575,1871"/>
                <TextEquiv>
                    <Unicode>si me juzgas atrevido.</Unicode>
                </TextEquiv>
            </TextLine>
            <TextLine id="r_3_1l25" custom="readingOrder {index:24;}">
                <Coords points="976,1909 1006,1911 1036,1912 1066,1913 1096,1914 1126,1915 1156,1915 1186,1915 1216,1916 1246,1916 1277,1916 1307,1917 1337,1917 1367,1918 1397,1918 1427,1919 1457,1920 1487,1921 1517,1923 1547,1925 1578,1928 1578,1895 1547,1892 1517,1890 1487,1888 1457,1887 1427,1886 1397,1885 1367,1885 1337,1884 1307,1884 1277,1883 1246,1883 1216,1883 1186,1882 1156,1882 1126,1882 1096,1881 1066,1880 1036,1879 1006,1878 976,1876"/>
                <Baseline points="976,1898 1006,1900 1036,1901 1066,1902 1096,1903 1126,1904 1156,1904 1186,1904 1216,1905 1246,1905 1277,1905 1307,1906 1337,1906 1367,1907 1397,1907 1427,1908 1457,1909 1487,1910 1517,1912 1547,1914 1578,1917"/>
                <TextEquiv>
                    <Unicode>Mi ser y hasta mi existencia</Unicode>
                </TextEquiv>
            </TextLine>
            <TextLine id="r_3_1l26" custom="readingOrder {index:25;}">
                <Coords points="927,1957 959,1959 991,1960 1023,1961 1056,1962 1088,1963 1120,1963 1153,1964 1185,1964 1217,1964 1250,1965 1282,1965 1314,1965 1346,1966 1379,1967 1411,1968 1443,1970 1476,1972 1508,1974 1540,1977 1573,1981 1573,1947 1540,1943 1508,1940 1476,1938 1443,1936 1411,1934 1379,1933 1346,1932 1314,1931 1282,1931 1250,1931 1217,1930 1185,1930 1153,1930 1120,1929 1088,1929 1056,1928 1023,1927 991,1926 959,1925 927,1923"/>
                <Baseline points="927,1946 959,1948 991,1949 1023,1950 1056,1951 1088,1952 1120,1952 1153,1953 1185,1953 1217,1953 1250,1954 1282,1954 1314,1954 1346,1955 1379,1956 1411,1957 1443,1959 1476,1961 1508,1963 1540,1966 1573,1970"/>
                <TextEquiv>
                    <Unicode>te consagro ángel humano,</Unicode>
                </TextEquiv>
            </TextLine>
            <TextLine id="r_3_1l27" custom="readingOrder {index:26;}">
                <Coords points="923,2007 955,2008 988,2010 1021,2010 1054,2011 1086,2011 1119,2012 1152,2012 1185,2012 1217,2013 1250,2013 1283,2014 1316,2014 1348,2015 1381,2016 1414,2018 1447,2019 1479,2021 1512,2022 1545,2025 1578,2028 1578,1994 1545,1991 1512,1988 1479,1987 1447,1985 1414,1984 1381,1982 1348,1981 1316,1980 1283,1980 1250,1979 1217,1979 1185,1978 1152,1978 1119,1978 1086,1977 1054,1977 1021,1976 988,1976 955,1974 923,1973"/>
                <Baseline points="923,1996 955,1997 988,1999 1021,1999 1054,2000 1086,2000 1119,2001 1152,2001 1185,2001 1217,2002 1250,2002 1283,2003 1316,2003 1348,2004 1381,2005 1414,2007 1447,2008 1479,2010 1512,2011 1545,2014 1578,2017"/>
                <TextEquiv>
                    <Unicode>en cámbio tu blanca mano</Unicode>
                </TextEquiv>
            </TextLine>
            <TextLine id="r_3_1l28" custom="readingOrder {index:27;}">
                <Coords points="923,2055 955,2056 987,2058 1020,2059 1052,2059 1085,2060 1117,2061 1149,2061 1182,2062 1214,2063 1247,2063 1279,2064 1311,2064 1344,2065 1376,2066 1409,2068 1441,2068 1473,2070 1506,2073 1538,2075 1571,2078 1571,2044 1538,2041 1506,2039 1473,2036 1441,2034 1409,2034 1376,2032 1344,2031 1311,2030 1279,2030 1247,2029 1214,2029 1182,2028 1149,2027 1117,2027 1085,2026 1052,2025 1020,2025 987,2024 955,2022 923,2021"/>
                <Baseline points="923,2044 955,2045 987,2047 1020,2048 1052,2048 1085,2049 1117,2050 1149,2050 1182,2051 1214,2052 1247,2052 1279,2053 1311,2053 1344,2054 1376,2055 1409,2057 1441,2057 1473,2059 1506,2062 1538,2064 1571,2067"/>
                <TextEquiv>
                    <Unicode>me darás sin resistencia;</Unicode>
                </TextEquiv>
            </TextLine>
            <TextLine id="r_3_1l29" custom="readingOrder {index:28;}">
                <Coords points="922,2105 954,2106 987,2107 1020,2108 1053,2108 1085,2109 1118,2109 1151,2110 1184,2110 1216,2111 1249,2111 1282,2112 1315,2113 1347,2114 1380,2115 1413,2116 1446,2118 1478,2120 1511,2121 1544,2124 1577,2127 1577,2094 1544,2091 1511,2088 1478,2087 1446,2085 1413,2083 1380,2082 1347,2081 1315,2080 1282,2079 1249,2078 1216,2078 1184,2077 1151,2077 1118,2076 1085,2076 1053,2075 1020,2075 987,2074 954,2073 922,2072"/>
                <Baseline points="922,2094 954,2095 987,2096 1020,2097 1053,2097 1085,2098 1118,2098 1151,2099 1184,2099 1216,2100 1249,2100 1282,2101 1315,2102 1347,2103 1380,2104 1413,2105 1446,2107 1478,2109 1511,2110 1544,2113 1577,2116"/>
                <TextEquiv>
                    <Unicode>ni la muerfe ni la ausencia</Unicode>
                </TextEquiv>
            </TextLine>
            <TextLine id="r_3_1l30" custom="readingOrder {index:29;}">
                <Coords points="933,2155 959,2155 986,2156 1013,2156 1040,2157 1067,2157 1094,2157 1120,2158 1147,2159 1174,2159 1201,2160 1228,2160 1255,2161 1282,2161 1308,2162 1335,2162 1362,2163 1389,2163 1416,2164 1443,2164 1470,2164 1470,2131 1443,2131 1416,2131 1389,2130 1362,2130 1335,2129 1308,2129 1282,2128 1255,2128 1228,2127 1201,2127 1174,2126 1147,2126 1120,2125 1094,2124 1067,2124 1040,2124 1013,2123 986,2123 959,2122 933,2122"/>
                <Baseline points="933,2144 959,2144 986,2145 1013,2145 1040,2146 1067,2146 1094,2146 1120,2147 1147,2148 1174,2148 1201,2149 1228,2149 1255,2150 1282,2150 1308,2151 1335,2151 1362,2152 1389,2152 1416,2153 1443,2153 1470,2153"/>
                <TextEquiv>
                    <Unicode>curarán de amor la herida.</Unicode>
                </TextEquiv>
            </TextLine>
            <TextLine id="r_3_1l31" custom="readingOrder {index:30;}">
                <Coords points="941,2203 967,2204 993,2204 1020,2205 1046,2205 1073,2206 1099,2206 1125,2207 1152,2207 1178,2208 1205,2208 1231,2209 1257,2209 1284,2210 1310,2210 1337,2211 1363,2211 1389,2212 1416,2212 1442,2212 1469,2213 1469,2179 1442,2178 1416,2178 1389,2178 1363,2177 1337,2177 1310,2176 1284,2176 1257,2175 1231,2175 1205,2174 1178,2174 1152,2173 1125,2173 1099,2172 1073,2172 1046,2171 1020,2171 993,2170 967,2170 941,2169"/>
                <Baseline points="941,2192 967,2193 993,2193 1020,2194 1046,2194 1073,2195 1099,2195 1125,2196 1152,2196 1178,2197 1205,2197 1231,2198 1257,2198 1284,2199 1310,2199 1337,2200 1363,2200 1389,2201 1416,2201 1442,2201 1469,2202"/>
                <TextEquiv>
                    <Unicode>¿Para que quiero una vida</Unicode>
                </TextEquiv>
            </TextLine>
            <TextLine id="r_3_1l32" custom="readingOrder {index:31;}">
                <Coords points="927,2251 954,2252 981,2252 1008,2253 1035,2254 1063,2254 1090,2255 1117,2255 1144,2256 1171,2256 1199,2257 1226,2257 1253,2257 1280,2258 1307,2258 1335,2259 1362,2260 1389,2260 1416,2261 1443,2262 1471,2263 1471,2229 1443,2228 1416,2227 1389,2226 1362,2226 1335,2225 1307,2224 1280,2224 1253,2223 1226,2223 1199,2223 1171,2222 1144,2222 1117,2221 1090,2221 1063,2220 1035,2220 1008,2219 981,2218 954,2218 927,2217"/>
                <Baseline points="927,2240 954,2241 981,2241 1008,2242 1035,2243 1063,2243 1090,2244 1117,2244 1144,2245 1171,2245 1199,2246 1226,2246 1253,2246 1280,2247 1307,2247 1335,2248 1362,2249 1389,2249 1416,2250 1443,2251 1471,2252"/>
                <TextEquiv>
                    <Unicode>que aborrezco desde ahora?</Unicode>
                </TextEquiv>
            </TextLine>
            <TextLine id="r_3_1l33" custom="readingOrder {index:32;}">
                <Coords points="927,2301 952,2302 977,2303 1002,2303 1028,2304 1053,2304 1078,2305 1104,2305 1129,2305 1154,2305 1179,2306 1205,2306 1230,2306 1255,2307 1281,2307 1306,2308 1331,2308 1357,2309 1357,2275 1331,2274 1306,2274 1281,2273 1255,2273 1230,2272 1205,2272 1179,2272 1154,2271 1129,2271 1104,2271 1078,2271 1053,2270 1028,2270 1002,2269 977,2269 952,2268 927,2267"/>
                <Baseline points="927,2290 952,2291 977,2292 1002,2292 1028,2293 1053,2293 1078,2294 1104,2294 1129,2294 1154,2294 1179,2295 1205,2295 1230,2295 1255,2296 1281,2296 1306,2297 1331,2297 1357,2298"/>
                <TextEquiv>
                    <Unicode>acaba con ella Flora</Unicode>
                </TextEquiv>
            </TextLine>
            <TextLine id="r_3_1l34" custom="readingOrder {index:33;}">
                <Coords points="924,2350 956,2351 989,2352 1022,2352 1055,2353 1088,2354 1120,2354 1153,2355 1186,2356 1219,2356 1252,2357 1284,2358 1317,2358 1350,2359 1383,2360 1415,2361 1448,2362 1481,2363 1514,2364 1547,2366 1580,2368 1580,2334 1547,2332 1514,2330 1481,2329 1448,2328 1415,2327 1383,2326 1350,2325 1317,2324 1284,2324 1252,2323 1219,2322 1186,2322 1153,2321 1120,2320 1088,2320 1055,2319 1022,2318 989,2318 956,2317 924,2316"/>
                <Baseline points="924,2339 956,2340 989,2341 1022,2341 1055,2342 1088,2343 1120,2343 1153,2344 1186,2345 1219,2345 1252,2346 1284,2347 1317,2347 1350,2348 1383,2349 1415,2350 1448,2351 1481,2352 1514,2353 1547,2355 1580,2357"/>
                <TextEquiv>
                    <Unicode>no temas ser homicida.</Unicode>
                </TextEquiv>
            </TextLine>
            <TextEquiv>
                <Unicode>Por amorosas querellas
que el amor á suscitado,
fué el Negrito sentenciodo!
á un serrallo de doncellas,
cual gallo en medio de ellas
canta ufano á toda hora,
participándola á Flora
aquí vive un sentenciado,
que no tiene otro pecado
ni mas causa que te adora.
Si me juzgas atrevido
no temas ser homicida
quilate pronto la vida
si es que no he de ser quenido.
Yó sabré crucificarme
y estar siempre á tu servicio
por el grande beneficio
que acabas de dispensarme;
del que no podré olvidarme
porque soy agradecido;
aun no soy correspondido
y en el caso que lo fuera
es preciso que yo muera
si me juzgas atrevido.
Mi ser y hasta mi existencia
te consagro ángel humano,
en cámbio tu blanca mano
me darás sin resistencia;
ni la muerfe ni la ausencia
curarán de amor la herida.
¿Para que quiero una vida
que aborrezco desde ahora?
acaba con ella Flora
no temas ser homicida.</Unicode>
            </TextEquiv>
        </TextRegion>
    </Page>
</PcGts>
