1752 2480
1198 95 1546 256 Número 290.
573 1057 1297 1119 DECIMAS.
282 1240 865 1286 Una niña se entregó
230 1285 859 1336 á su amante con placer,
234 1338 863 1384 y la bribona decia
232 1387 870 1428 que el diablo se lo hizo, hacer,
265 1432 863 1486 Solicitaba, á su dama
229 1484 869 1532 este amante con valor,
230 1531 749 1566 y mas, le pidió un favor
235 1578 807 1619 que no ignoran las casadas,
234 1626 676 1667 y lo que le contestaba,
224 1681 681 1717 no lo puedo decir yo;
231 1727 734 1761 lo cierto es que concedió
227 1773 782 1814 dentro de pocos momentos,
226 1823 859 1876 y al cabo de poco tiempo
228 1873 868 1927 una niña se entregó.
267 1921 801 1966 No se lo que le ocurrió
229 1970 841 2024 que decia suspirando
226 2019 863 2073 en sus fatigas llorando:
227 2067 863 2122 adios verdadero honor
231 2119 867 2167 ya no, soy quien era yo,
228 2166 860 2215 bien claro seidá, á entender
219 2216 867 2265 lo que esto podria ser
232 2264 870 2311 cuando se le pasó el susto
968 1240 1571 1296 procuraba darle gusto
962 1287 1563 1347 á su amante con placer.
1010 1336 1573 1396 Esta niña se embarcó
960 1388 1565 1445 en tiempo que la marea
968 1434 1561 1497 subia con mucha idea,
971 1486 1565 1543 y asi ella se mareó;
960 1533 1571 1591 cuando el barco se lleno,
968 1580 1573 1640 que ocurtarlo no podia,
956 1626 1569 1686 sin saber lo quese hacia,
963 1679 1569 1738 ella tanto lo negaba
968 1727 1567 1782 que desembarcando estaba
959 1778 1349 1814 y la bribona decia.
1010 1825 1566 1870 Cuando se le fue el mareo,
960 1876 1571 1934 y salia por las calles.
955 1923 1571 1984 adornandose su talle
956 1971 1569 2033 llena de gracia y meneo
956 2021 1391 2060 decia, por lo que veo,
962 2070 1567 2124 que era una buena, muger;
966 2119 1568 2172 pero mal se dá á entender,
962 2168 1566 2212 porque al que le preguntaba
962 2215 1564 2269 la contestacion que daba
964 2268 1570 2314 que el diablo se lo hizo hacer
