1752 2480
224 176 810 213 Si en brazos de ofro te viera
183 226 614 262 no dudes que moriria,
184 274 608 310 aunque yo lo sentiria
180 322 718 361 mucho por la vez primera;
180 374 782 413 si en mi muerte consistiera
179 423 782 456 nuestra union, Flora querida,
177 467 775 506 á buscarla ten su guarida
184 519 696 555 yo mismo me presentara,
178 567 602 603 á decirle cara á cara
179 617 682 653 quitame pronto la vida
959 176 1540 211 Ven muerte,cobra eltributo
908 227 1356 263 antes que te se olvide,
915 274 1429 310 que por favor te lo pide
912 323 1496 359 un Negrito aunque sin fruto;
888 371 1535 416 si Dios poder absoluto
912 420 1434 454 de matar te ha conferido,
898 464 1488 502 mátame que yo lo pidojo.
911 515 1396 553 si, Flora te dá licencia,
912 564 1397 599 acaba con mi existencia
911 615 1536 650 si es que no he de ser querido.
216 749 1544 788 REDONDILLAS GLOSADAS CON DECIMAS.
687 854 1183 915 Permitame señorita
682 917 1184 963 de que le ate el zapatito;
680 973 1156 1012 no váya á dar un pasito
699 1024 1114 1061 y se rompa la patita.
230 1104 753 1147 Era la Mariblanca
190 1151 825 1199 la dama del zapatito,
192 1200 797 1248 la que contesto al Negrito:
183 1254 836 1296 soy de piedra y no muy franca;
190 1299 854 1343 necesito una paláncá
197 1347 833 1394 para romper mi cintita,
197 1394 839 1446 que ya soy algó durita;
195 1444 849 1494 y el tontuelo enamorado
188 1494 847 1539 le decia enagenado,
195 1544 853 1589 permitame señorita
238 1593 854 1635 Nadando su funtasia
200 1642 847 1686 en un marde confusiones,
195 1691 842 1733 rodeados de iluciones
193 1740 849 1782 soñó el ciegó que ¿veia:
203 1788 849 1832 cuando el alma se rompia
204 1837 823 1881 contra un poste el pobrecito
196 1886 851 1928 esclamaba el cieguecito
192 1934 845 1979 alborozado y contento;
204 1984 845 2027 vamos, señoragiya! esitiempo
200 2032 845 2077 de que le ute el zapatitó.
968 1103 1601 1142 A una estatua que veia,
917 1152 1601 1188 el valiente majadero
915 1201 1605 1238 se le quitaba el sombrero
922 1251 1604 1287 y hacia la cortesia;
925 1300 1603 1336 y el publico le decia
926 1351 1560 1386 de cuando en cuando al Negrito
928 1395 1601 1434 chasco se lleva, amiguito,
921 1444 1603 1487 ¿que hace alli tan afanado?
923 1498 1607 1530 estoy con mucho cuidado
924 1545 1610 1579 no vaya á dar un pasito.
966 1596 1602 1631 A una supuesta hermosura
922 1643 1606 1679 le dijo su pretendiente;
929 1692 1607 1729 ¿no se cansa de estar siempre
921 1740 1605 1775 en esa misma postura?
925 1787 1607 1824 Si para andar mas segura
920 1833 1559 1875 de mi apoyo necesita,
927 1886 1603 1924 le daré mi manecita
926 1934 1601 1971 y seré su pagecito
919 1984 1603 2022 no dé algun resbaloncito
921 2032 1607 2073 y se rompa la patita.
437 2226 1592 2263 CARMONA:—1860.
203 2275 1591 2315 Imprenta de D. José Maria Moreno, calle de Madre de Dios, núm. 1.
