1737 2508
1244 155 1476 308 Núm. 264.
248 1069 1668 1236 COLECCION DE CANCIONES ESPAÑOLAS.
398 1366 1508 1496 LA FLOR DE LA CANELA,
556 1517 1353 1641 DADICADA A UNA MORENA SANDUNGUERA
313 1884 920 1926 Si me pierdo, que me busquen
258 1934 782 1976 hácia el sol del medio dia
267 1984 768 2024 donde nacen las morenas
271 2032 736 2074 y la sal de Dios se cria.
403 2080 643 2118 Ay! morena,
363 2129 881 2168 ay morena de mi gorazon,
359 2178 775 2216 un beso y me aparto,
354 2226 701 2263 dámelo por Dios.
311 2273 878 2316 Todo el hombre que se casa
985 1875 1441 1915 con una muger bonita,
982 1924 1531 1965 hasta que llega á ser vieja,
988 1972 1440 2015 el susto no se le quita.
1125 2020 1465 2058 Ayl morena, etc.
1026 2068 1632 2104 Todo el hombre que se muere
989 2116 1477 2156 sin tratar á una morena,
975 2164 1561 2206 se va de este mundo al otro
984 2214 1532 2255 sin saber lo que es canela.
1123 2263 1468 2301 Ay! morena, etc.
