1737 2508
197 295 689 336 cada cual de sus pecados,
203 338 765 381 cuenta á Dios tendrá que dar,
203 384 625 425 no se podrá esceptuar
212 429 690 468 para este caso á ninguno,
206 473 657 511 pues iremos uno á uno
204 520 577 558 al valle de Josafut.
252 598 663 636 Ninguno podra llamar
207 643 645 684 en aquel tremendo dia
928 275 1360 320 en su defensa á Maria
927 324 1444 364 pues no le podrá amparar,
934 370 1299 406 en vano sera llorar,
930 409 1481 449 porque por nuestros pecados
931 456 1279 494 estará tan irritado
938 498 1373 538 el Señor de lo Señores,
934 540 1445 582 que ir hará á los pecadores
940 587 1407 627 a ser por Jesus juzgados.
697 741 1210 787 La mas hermosa doncella
660 788 1244 833 que en todo ol Orbe se ha visto
655 833 1183 878 por el hombre está rogando
655 881 1051 920 á su Hijo Jesucristo.
256 1003 717 1044 El patriarca y San Juan
214 1048 753 1087 san Anselmo y san Antonio,
215 1094 731 1132 san Andrés, san Celedonio,
223 1139 666 1174 y el glorioso Sebastian,
213 1182 739 1221 san Vicente y san German,
222 1226 622 1263 el sol y la luna bella,
223 1268 681 1307 los astros y las estrellas
223 1313 657 1351 no se cansan de mirar,
223 1357 639 1395 ni tampoco de alabar,
232 1401 699 1440 la mas hermosa doncella.
266 1492 671 1531 A la diestra de Jesus
224 1536 705 1577 está la hermosa doncella
228 1579 748 1620 como una radiente estrella
236 1624 711 1665 que llena el cielo de luz;
227 1667 756 1708 es la misma que en la Cruz
230 1711 695 1751 vió espirar á Jesucristo,
235 1756 680 1795 pidamos todos contritos
229 1799 657 1840 á esta Madre Dolorosa
244 1842 742 1884 es la mas linda y hermosa
240 1884 837 1928 que en todo el Orbe se ha visto.
987 984 1477 1024 La que sin mancha nació
943 1032 1281 1069 de pecado orijnal
943 1076 1319 1113 á la patria celestial
955 1120 1328 1157 llena de gozo subió:
950 1163 1345 1199 pero nunca se cansó
956 1204 1429 1244 de estar á Dios alabando
947 1246 1451 1288 siempre estuvo suplicando
952 1292 1435 1332 á la Sacra Omnipotencia,
955 1336 1465 1377 y para alcanzar clemencia,
959 1379 1493 1419 por el hombre está rogando.
992 1470 1425 1513 Por los agudos dolores
962 1516 1419 1557 que padecí en tu pasion,
955 1560 1441 1601 tén lastima y compasion
959 1604 1417 1644 de los pobres pecadores,
962 1649 1446 1688 cesen, cesen tus rigores,
970 1686 1603 1731 pues aunque en ellos no has visto
958 1733 1536 1778 ninguna enmienda, yo insisto
959 1784 1391 1821 en tu justicia aplacar,
963 1827 1335 1864 ayudémosle a rogar
966 1872 1364 1909 á su Hijo Jesucristo.
736 1977 1190 2018 Tú que pasas, miramé,
685 2022 1261 2063 detente un poco en mis llagas,
692 2065 1192 2109 y verás qne mal me pagas
696 2112 1133 2154 la sangre que derramé.
284 2223 695 2264 Pecador, por tí me ví
243 2268 699 2309 en una Cruz enclavado,
258 2313 676 2354 y de espinas coronado,
247 2360 697 2400 como bien me ves aquí,
982 2206 1397 2246 como te duelas de mí,
980 2251 1407 2290 á mi diestra te pondré,
975 2294 1369 2333 tambien te coronare
979 2341 1389 2380 en mi reino celestial,
