1765 2512
703 330 1224 377 Ni los clavos ni el madero
659 381 1127 424 me tienen aqui clavado,
659 425 1036 469 sino solo tu pecado
669 465 1207 512 por lo mucho que te quiero.
267 603 851 641 Clemencía por mí no imploro,
229 650 728 686 pues nunca á Dios ofendí,
225 695 600 731 solo pecador por tí
227 738 761 776 es por quien suspiro y lloro:
229 781 645 820 tan solamente atesoro
231 824 705 863 ir como humilde cordero
231 869 692 907 al Calvario donde espero
234 914 610 950 tus ofensas redimir,
235 957 703 999 y á ti no te hacen gemir
235 1001 741 1039 ni los clavos ni el madero.
273 1091 807 1134 Ni la cruz que me pusieron
245 1136 789 1179 en los hombros por tu amor,
244 1183 669 1222 ni la venta del traidor,
242 1225 783 1267 ni los golpes que me dieron,
240 1269 714 1310 todos juntos no pudieron
244 1313 731 1354 tanto mal haber causado,
241 1357 760 1398 como aquel primer pecado,
256 1400 773 1442 que llenó al cielo de horror
253 1445 719 1487 y hoy tus culpas pecador
253 1491 709 1529 me tienen aqui clavado,
995 581 1481 623 Por un Judas fui vendido,
953 628 1387 669 sentenciado por Pilato,
965 670 1455 715 y por las hombres ingratos
959 715 1403 758 blasfemado y escupido:
959 761 1415 803 mi rostro fué denegrido,
961 806 1407 845 mi cuerpo todo llagado,
960 848 1405 890 de espinas fuí coronado
959 892 1403 934 mi vista quedó sin luz:
959 937 1451 981 ¿quién esto causó á Jesús
961 983 1335 1022 sino solo tu pecado?
1015 1071 1492 1115 Deja tus vicios mundano,
965 1118 1425 1163 y si me quereis buscar,
977 1162 1350 1203 en las aras del altar
975 1200 1521 1249 podrás encontrarme á mano:
969 1249 1345 1292 allí te daré la mano
974 1292 1479 1334 con tal ansia y tal esmero,
979 1333 1574 1383 que en el propio instante espero
983 1383 1447 1423 quedes limpio de pecado,
979 1424 1471 1470 pues quedé Sacramentado
973 1465 1511 1517 por lo mucho que te quiero.
737 1602 1178 1643 Por el Angel del Señor
703 1647 1142 1687 seremos todos llamados
708 1692 1075 1733 al valle de Josafat,
708 1734 1187 1776 á ser por Jesus juzgados.
311 1873 749 1910 Solo afliccion y agonia,
266 1916 731 1954 penas, agustias y llantos
278 1959 723 1998 desesperacion y espanto
270 2004 751 2042 se presenciará aquel dia;
270 2046 713 2086 cuando el hijo de Maria
268 2093 680 2130 se presente con rigor
273 2140 645 2174 á tomar al pecador,
279 2182 753 2219 la cuenta de sus pecados,
283 2224 768 2261 siendo para esto llamados
273 2268 717 2310 por el Angel del Señor.
319 2362 764 2400 El sol quedará sin luz,
287 2407 671 2446 la luna se eclipsará.
995 1854 1371 1895 y en el aire se verá
999 1897 1383 1934 a la diestra de Jesús
995 1943 1393 1979 aquella pesada Cruz,
997 1986 1419 2022 donde fué crucificado,
997 2030 1402 2067 afligido y augustiado,
1007 2073 1399 2111 por ti infeliz pecador,
995 2112 1535 2157 no olvides que ante el Señor
1007 2161 1463 2199 seremos todos llamados.
1049 2251 1503 2290 Todos seremos llamados
1008 2296 1455 2336 á presencia del Eterno,
1001 2341 1547 2381 ni se esceptuará el infierno,
1007 2387 1501 2425 ni menos sus condenados,
