1737 2508
1165 107 1439 155 (Número 27.)
705 951 1069 997 COPLAS
429 1071 1361 1141 AL SANTISIMO NACIMIENTO
308 1235 1495 1311 DEL NIÑNO DEDIOAS.
390 1369 704 1415 INTRODUCCION.
252 1461 694 1506 La sagrada Virgen sale
217 1507 694 1549 para ponerse en camino,
214 1550 687 1592 preñada de nueve meses
222 1593 654 1636 padeciendo pena y frio.
256 1635 765 1680 San José vá con la Virgen
219 1681 655 1725 cuidando de su regalo,
224 1721 788 1770 que es de Ecequiel la carroza
221 1764 791 1816 y al cielo envidia ha causado.
308 1830 808 1881 San José dijo á la Virgen.
229 1899 701 1945 Animaos, querida Esposa,
280 1943 815 1988 no os falte ahora el esfuerzo,
278 1985 839 2030 que pues ya los gallos cantan
286 2029 775 2074 cerca tenemos el pueblo.
234 2074 821 2122 La Virgen. Estimo la voluntad,
278 2118 727 2161 y el valor os agradezco,
278 2161 823 2207 y á vuestros brazos me acojo
279 2209 753 2254 para descansar en ellos.
930 1340 1563 1395 San José. Descansad, qué yo seré
972 1387 1517 1436 mientras os dure el silencio,
974 1431 1443 1479 árgos del mayor tesoro
986 1476 1485 1522 que tiene la tierra y cielo.
938 1514 1611 1570 La Virgen. Ya, José, de nuestra duda
991 1566 1416 1611 la vos nos ha satifecho,
988 1608 1487 1654 pues dice que en un portal
996 1653 1436 1698 ha de ser el nacimiento.
952 1694 1617 1745 S. José Aqui está una puerta abierta
991 1742 1448 1784 y que sin duda sospecho
989 1786 1509 1829 la que habemos de buscar,
998 1829 1509 1874 entremos, Virgen, adentro.
1020 1874 1493 1918 En este portal entraron,
958 1920 1449 1961 y se acogen á un pesebre,
956 1963 1441 2005 y recogiendo unas pajas,
960 2005 1431 2053 alli tuvieron su alvergne:
1026 2045 1524 2096 En punto de media noche
964 2097 1459 2140 nació el Autor Soberano,
969 2141 1371 2185 con el fin de rescatar
955 2182 1459 2234 á todo el género humano.
