1628 2312
229 140 716 183 y el sta ntino lo mesmo;
219 187 696 232 yo que me sentí quemao
235 234 711 278 prencipié por la posento
226 286 687 325 venga un cantaro dagua
227 333 776 376 porque yo mestoy muriendo
231 384 691 422 y me pillaron dos pajes
232 431 709 471 ambos á dos jeringueros
229 482 687 523 y prencipian á escargar
233 530 657 565 en este probe trasero
223 576 718 615 tantagua que por la boca
234 625 758 663 toito el cardo iba saliendo,
225 674 723 718 yo les dije: en el instante
233 723 722 766 queispare en el mimento
225 772 677 812 os bautizo, temerosos
229 821 589 864 pararon el tiroteo
231 870 718 910 y subiéndome las bragas
233 917 685 955 encontreme mi trasero
225 965 752 1005 mas fresco cunas lechugas
231 1013 686 1055 y dí los agracimientos;
232 1062 671 1103 empues vino otro paje
237 1110 753 1150 con una cosa ó estrumento
241 1158 718 1201 que paecian onde llevan
239 1207 691 1248 agua tivia los Braberos
238 1256 631 1297 y me ize, veva osté
245 1304 857 1346 questo es cafre y es muy gueno:
239 1353 797 1395 yo respondí, esto no es cafre
241 1404 701 1446 que por via á mi pecho
244 1451 819 1491 questo es con lo que se pintan
244 1499 800 1538 las puertas de los conventos,
239 1549 715 1590 pero si quiere que veva
241 1598 802 1635 vava y tráigame un puchero,
245 1645 679 1686 y no hien lo jube icho
243 1696 741 1734 cuando ya me lo trujeron
933 132 1427 173 y asta que le vi la postre
932 181 1414 218 no paré destar veviendo,
935 230 1429 270 y me puse aquesta panza
933 278 1413 312 mas inchá cum pandero
937 324 1440 363 daquel caldo de castañas,
939 372 1450 414 y poniéndome en pierecho
937 423 1390 459 encarándome á maama
933 470 1456 507 le dí las gracias muy serio
935 520 1349 557 diciéndole, señorica,
936 566 1430 605 de mis mayores respeuto
944 616 1364 655 ispones desta presona
943 663 1461 706 por ca cualquier sarrilegio
935 713 1303 754 mallareis aparejáo
946 762 1515 801 en siendo al servicio guestro;
943 809 1413 851 yo vivo allá en mi lugar
947 860 1393 902 y pa su ercé sola tengo
946 908 1367 946 igos de pala, billotas
941 954 1371 997 y tamien un Pollinejo
943 1001 1379 1044 ermano é mi garrucha
945 1049 1379 1094 peo sobre to un cerdo
948 1099 1355 1141 ansina de su tamaño
940 1147 1548 1189 si lo quiere está á su impuesto:
945 1199 1307 1238 ella no me ijo naa
943 1246 1447 1287 aunque mescuchó to esto
950 1297 1317 1335 y meneó la cabeza
948 1345 1388 1383 á usanza de caballero,
952 1392 1452 1433 y yo arrastrando las patas
950 1441 1354 1481 me salí del aposento
947 1488 1435 1531 dando mil gradias à Dios
956 1541 1391 1581 de semejantes suceso,
953 1588 1329 1632 y ostés perdonarán
949 1636 1459 1683 por lo largo de mi cuento
853 1849 1015 2001 FIN.
586 2100 1304 2260 CARMONA:—IMP. DE D. JOSE M. MORENO,
