1765 2512
105 318 599 364 y todos los que iz sirven
109 367 571 408 con reverencia y amor
111 417 627 456 mostró en su Divino brazo
111 466 573 504 de su potencia el valor
103 515 619 553 abatiendo á los soberbios
114 564 548 602 por su altivo corazoh,
115 612 577 650 depuso á los poderosos
123 660 595 698 de la silla de su honor,
123 709 655 749 y á los pequeños humildes
124 759 564 793 dichosamente ensalzó,
119 805 675 846 de bienes llena á los pobres
119 855 531 894 pero á los ricos dejó
119 904 567 941 vacios por su avaricia
123 954 563 994 y peniciosa ambicion,
119 1004 625 1037 residió Israel su pueblo,
832 308 1295 348 de su piedad se acordó,
837 355 1415 398 pues ya en mi vientre recibe
827 402 1397 446 ser hombre el Hijo de Dios,
831 451 1348 495 segun dijo nuestro padre
831 500 1311 543 Abraham, Isaae y Jacob.
836 548 1416 592 Cumpla Dios én mi su sierva
838 596 1255 640 la palabra que le dió
847 643 1434 688 Gloria al Padre, Gloria al Hijo
839 694 1341 740 y al eterno y sacro amor,
848 741 1434 787 tres personas siémpre iguales
841 789 1345 836 y en esencia solo un Dios
847 838 1375 883 como se le dió al principio
847 889 1360 931 ahora y siempre se le dió,
844 939 1349 979 se le den todos los siglos,
848 987 1321 1027 Gloria infinita al Señor.
595 1078 1069 1236 JACULATORIA.
133 1250 1535 1312 CONPUESTA POR EL Sr. OBISPO DE TORTOSA PARA
134 1304 1543 1367 que todos los fieles pidan al Señor misericordia, y concede el dicho
129 1358 1537 1420 señor Obispo cuarenta dias de indulgencias á todas las personas que
354 1413 1329 1471 diariamente rezaren ó leyeren dicha Jaculatoria.
183 1529 679 1568 Pues que te amo Señor,
144 1578 707 1621 mas que á mi alma y mi vida
140 1628 563 1669 me duelo de tu caida
146 1676 598 1717 aqui me valga tu amor,
135 1725 595 1765 no me mires con rigor,
142 1774 664 1814 miradme con gran piedad,
143 1823 603 1864 yo conozco mi maldad,
147 1873 657 1917 yo de mi culpa me duelo,
143 1921 575 1965 y á tu Tribunal apelo
151 1971 605 2014 por tu amor y caridad;
159 2019 613 2061 yo soy la Oveja perdida
155 2070 607 2114 que salí de tu rebaño,
857 1517 1309 1563 y conociendo mi daño
857 1564 1359 1607 te doy mi alma y mi vida,
863 1610 1419 1654 Madre del Verbo encarnado
871 1662 1413 1703 tú me amparas y te ruego,
871 1709 1344 1752 y mi alma te la entrego
869 1760 1325 1800 mi corazon humillado;
865 1809 1381 1852 me pesa de haber pecado,
876 1859 1319 1901 dadme Señor un dolor,
881 1908 1313 1952 que sea con tal fervor,
881 1956 1339 2000 que mi corazon derrita,
875 2003 1339 2051 y mi alma esté contrita
879 2053 1371 2096 considerando en tu amor.
567 2208 1151 2253 REIMPRESO EN CARMONA.
208 2248 1513 2308 Imprenta de D. José M.a Moreno, calle de Madre de Dios núm. 1.
