1737 2508
558 1353 1233 1398 CANTICO
193 1453 1602 1492 A LA SAGRADA MAGNIFICA, TRADUCIDA DEL LATIN AL CASTELLANO
191 1499 1598 1537 por un verdadero Sacerdote, Canónigo de la Santa Iglesia Catedral de To-
200 1544 1596 1581 ledo, y revisada por el Sr. Arzobispo de dicha Iglesia se ha dignado el con-
195 1588 1596 1625 ceder ochenta dias de indulgencias á toda persona que rezare ó leyere la
195 1633 1604 1671 Magnífica de la Virgen, defensa singular para toda clase de tormentas,
531 1679 1281 1716 nuves tempestuosas, rayos y centellas..
244 1778 702 1817 Magnifica y engrandece
190 1826 666 1867 mi alma con todo amor
199 1875 629 1916 el Señor Omnipotente,
194 1922 696 1967 que el cielo y tierra crió,
194 1972 622 2012 y con admirable gozo
198 2019 602 2059 mi espiritu se alegró
200 2068 664 2108 en Dios su querido Hijo
192 2118 594 2159 mi Jesus y Salvador
193 2165 640 2206 porque miró la bajeza
193 2216 721 2255 de su Sierva y me ensalzó
195 2265 662 2305 á una dignidad tan alta
925 1776 1410 1816 que otra ninguna igualó,
915 1828 1396 1864 sin duda por esta causa
927 1876 1322 1913 toda fiel generacion
928 1925 1389 1961 dirá que por excelencia
916 1974 1316 2011 Bienaventurada soy,
924 2022 1608 2061 porque obró en mi grandes cosás
928 2070 1395 2109 el que es poderoso Dios
923 2118 1454 2159 y su nombre santo y digno
928 2171 1352 2205 de eterna veneracion,
920 2218 1372 2254 y su gran misericordia
924 2266 1394 2305 de gente en gente pasó,
