1765 2512
302 117 353 153 4
215 170 725 216 le unjieron estos piadosos
223 218 703 264 varones, que me asistian
220 267 701 315 en trance tan congojoso.
262 315 773 361 Yo que le estaba mirando
219 369 677 410 de los pies á la cabeza,
216 415 761 459 mi dolor siempre avivando,
215 464 695 508 con una amarga tristeza
216 512 615 557 le decia suspirando:
267 561 713 604 Hijo mio muy amado,
229 608 767 657 ¡quién os coronó de espinas
227 658 675 704 y os abrió este costado
228 707 743 749 y estas manos tan divinas,
226 753 753 797 y vuestros pies taladrados?
275 802 795 844 Si aqueste dolor tan fuerte
229 850 812 894 contemplas, dejando el vicio,
223 901 800 944 de lo que Dios te haga cargo
228 951 627 993 en el dia del Juicio,
229 998 762 1042 yo haré por tí el descargo.
384 1094 752 1135 SÉTIMO DOLOR.
285 1187 827 1236 ¡Oh qué angustia, pecador!
239 1241 733 1287 ¡oh qué dolor tan prolijo!
239 1292 685 1333 ¡oh qué pena sin igual
234 1338 714 1380 es el verme sin mi Hijo,
235 1387 701 1430 y el no poderle abrazar!
275 1433 829 1476 Los barones, con quebranto
239 1485 725 1525 me decian: gran Señora,
231 1532 759 1574 no os entregueis al llanto,
241 1581 746 1624 que ya ha llegado la hora
242 1629 745 1671 de su entierro sacrosanto.
287 1679 746 1717 Mitigad tanto tormento,
240 1728 677 1767 cese ya esa pena dura,
248 1772 793 1817 dadnos el Cuerpo sangriento
237 1826 644 1868 para darle sepultura
933 158 1431 196 en un nuevo monumento.
980 204 1479 245 Pero yo aunque agradecia
928 258 1306 295 fineza tan amorosa,
927 302 1441 342 dando á mi Hijo les decia:
928 350 1465 391 tomad esta prenda hermosa
934 399 1499 439 que otra igual no se hallaria.
973 446 1477 488 San Juan y la Magdalena
931 497 1455 540 me llevaron en sus brazos;
935 545 1396 588 todos cargados de pena
935 591 1468 636 fuimos siguiendo los pasos
939 641 1481 684 donde el sepulcro se ordena.
975 689 1469 732 Llegamos al monumento
931 739 1459 781 donde con piedad honrosa,
944 787 1374 831 depositason el Cuerpo
945 838 1369 878 tapándole con la losa;
950 881 1511 927 ¡contemplad mi sentimiento!
991 931 1506 974 Triste está la Vírgen pura
939 982 1419 1024 aquel sepulcro mirando,
947 1031 1401 1071 cual jamás vió criatura,
940 1079 1391 1121 á su Hijo contemplado
948 1126 1451 1171 con tal dolor y amargura.
991 1177 1433 1218 Está viva y sepultada,
953 1224 1431 1266 está muerta y tiene vida,
951 1273 1357 1316 está llagada y herida
948 1318 1492 1363 viendo muerto y destrozado
950 1368 1445 1415 al que era su luz querida.
1000 1415 1497 1463 Todas estas siete espadas
957 1469 1339 1512 pasaron su corazon,
950 1515 1455 1559 si de tí son contempladas,
960 1565 1341 1609 gozarás el galardon
960 1614 1401 1659 en la Celestial morada.
996 1662 1367 1707 Aflijida Madre mia
959 1712 1383 1759 ya siento veros penar,
949 1759 1421 1809 y por si os puedo aliviar
951 1810 1387 1854 rezaré una Ave-María.
557 1823 1321 1992 ACTO DE CONTRICION.
298 1962 1627 2022 Afligidisima Madre de Dios y Señora mia, de todo mi corazon me pesa de haber
241 1997 1617 2059 ofendido á tu amantisimo Unígénito Hijo, mí Señor Jesucristo, viendo que los gol.
251 2032 1625 2095 pes que dieron mis culpas en su Cuerpo, han sido penetrantes cuchillos que atra-
258 2069 1619 2130 viesan tu corazon. ¡Oh Madre llena de Dolores! me pesa de haberos ofendido, y pro-
243 2104 1626 2168 pongo de nunca mas pecar, rogándote me alcances la gracia de cumplirlo y el per.
252 2158 1053 2202 don que espero mediante tu piadosa intercesion.
387 2156 1473 2331 Reimpreso en Carmona:—Imp. y lib. de D. José M. Moreno.
