1708 2424
206 234 1610 277 azotes atado á la columna, Hicieronme en el cuerpo mil y cien llagas.
213 278 1615 321 Diéronme tres empujones mortales cuando llevaba la Cruz acuestas.
220 322 1621 366 Cuando iba al Calvario caí tres veces. Las gotas. de sangre que derramé
211 373 879 412 fueron treinta mil setecientas ocho.
211 480 1624 526 Copia de la sangre que Jesucristo derramó desde
211 552 1618 598 la oracion del Huerto hasta morir en la Cruz,
611 723 1206 766 ORACION.
269 833 699 872 Señor mio Jesucristo
224 882 690 919 dulce y amoroso padre,
224 931 633 969 enamorado y divíno,
223 979 747 1015 socorredme y amparadme.
223 1028 715 1064 Bien sé, Señor, que mis penas
219 1074 725 1111 son de muy bajo quilate
223 1120 685 1160 serán de valor notable:
217 1170 788 1208 confieso que os he ofendido,
221 1218 791 1257 y conozco que no van á luz
221 1267 719 1303 mis lágrimas y suspiros,
217 1314 713 1351 en penitencia agradarte:
219 1362 782 1401 y en penitencia os osfrezco,
223 1411 741 1446 Señor tu preciosa Sangre,
227 1457 889 1496 que aunque mis culpas son muchas
213 1505 798 1543 mas son las gotas de sangre.
221 1556 671 1591 Primera vez te saludo,
213 1603 783 1640 mi Dios que la darramaste,
223 1651 706 1687 y fue en la circuncision
220 1698 811 1737 vertiendo tu preciosa sangre.
292 1806 743 1847 Padre nuestro. etc.
266 1910 728 1949 Segunda vez te saludo
221 1960 749 1997 Señor, que la derramaste,
223 2009 821 2046 y fué en la oracion del huerto
219 2058 749 2093 orando á tu Eterno Padre.
220 2106 676 2141 Te suplico, Jesus mio,
223 2151 737 2190 que mi oracion te agrade
217 2202 773 2240 y que con vos esté siempre
215 2249 699 2285 mi voluntad con la tuya
222 2298 736 2336 sin faltarle en un quilate.
1010 842 1592 885 Padre nuestro, etc.
996 947 1442 983 Tercera vez te saludo
949 996 1514 1031 mi Dios, que la derramastes
948 1043 1440 1081 amarrado á una columna
946 1093 1486 1129 con golpes muy desiguales
946 1141 1482 1175 de aquellos fienos sayones
947 1188 1489 1226 y tu santo cuerpo hirieron
943 1236 1456 1272 llenándolo de cardenales.
952 1283 1375 1321 Aqui pido para todos
943 1331 1431 1367 Jesus no desmaye nadie
952 1378 1575 1417 que no es justo que se pierda
947 1427 1533 1469 el precio de vuestra sangre.
1015 1536 1583 1577 Padre nuestro, etc.
993 1642 1426 1679 Cuarta vez te saludo,
950 1690 1496 1727 mi Dios que la derramaste,
941 1739 1481 1779 y fué cuando os coronaron
949 1788 1439 1823 con espinas penetrantes,
943 1834 1425 1870 divino Rey de los reyes,
943 1884 1485 1922 para humillar mi soberbia;
941 1932 1613 1968 con vuestra humildad tan grande
951 1978 1435 2016 te suplico que me hagas
946 2027 1480 2065 humilde de aqui adelante.
1003 2136 1582 2177 Padre nuestro, etc.
990 2242 1428 2281 Quinta vez te saludo,
950 2293 1508 2331 mi Dios que la derramastes,
