1652 2456
208 278 1326 317 Primera: indulgencias plenaria y remesion de pecados.
203 326 1263 365 Segunda: que será libre de las penas del Purgatorio.
215 373 1576 415 Tercera: que si muere antes que se cumpla el término de los
167 422 1372 462 doce años, será como si los hubiera cumplido enteramente.
211 471 1014 508 Cuarta: que llevaré á la glora su alma.
210 567 1558 608 Quien lleváre esta oracion consigo, será libre del demonio,
149 615 1561 654 y no morirá de mala muerte. En la casa donde hubiere dicha ora-
154 663 1560 704 cion no habrá vision alguna ni cosa triste. La muger que estuviere
153 709 1562 753 de parto parirá sin peligro; y cuatro dias antes de su muerte,
151 757 1564 804 verá á mí Madre Santisima. Esto está aprobado por muchos Su:
156 805 1060 846 mos Pontifices, el dia 28 de Enero de 1598.
688 911 994 960 ORACION
526 1031 1172 1082 Para todos los dias.
220 1147 1556 1202 Mi Señor Jesucristo acordaos de mí, que soy
159 1218 1559 1270 pecador: Virgen Santisima, ruega por mi, siem-
147 1289 1542 1339 pre sereis alabada y bendita, ruega por este pe-
138 1357 1555 1408 cador á vuestro bendito Hijo; preciosa hermo-
143 1426 1549 1479 sura de los Angeles, de los Profetas, de los Pa-
144 1495 1549 1549 triarcas, corona de los mártires, consolacion del
136 1565 1562 1620 cléro, alegria en los trabajos, con Vos Virgen
143 1638 1556 1688 prudentísima se alegran los Angeles: enco-
142 1705 1560 1762 mienda mi alma y á todos los fieles cristianos
136 1780 1102 1828 y condúcenos al paraiso eterno.
541 2292 1130 2335 REIMPRESO EN CARMONA:
219 2342 1450 2386 Imprentade D. J. M. Moreno, calle Juan de la Cabra núm. 4.
