1676 2452
195 229 763 268 Y fué cuando en el calvario
183 282 845 318 os quitaron las bestiduras reales:
179 327 665 363 Te suplico me desnudes
184 377 756 415 de aquesta mi mortal carne,
183 426 727 460 que es mi mayor enemigo,
189 474 824 510 pues de ella no puedo librarme.
264 580 858 623 Padre nuestro, etc.
225 686 632 722 Sesta vez te saludo,
188 737 736 774 mi Dios que la derramaste,
181 783 743 821 y fué cuando en el calvario
188 832 487 867 es crucificaron
184 879 666 919 y levantaron en el aire.
185 929 625 963 Te suplico, Jesus mio,
185 975 662 1012 que mi ánimo se abrase
186 1022 773 1063 á tu amor, porque mis obras
185 1071 617 1111 á ti solo se levanten,
185 1120 593 1156 y si me vieras caido
186 1168 620 1208 como flaco miserable,
182 1216 658 1253 dulce Jesús de mi vida,
181 1266 752 1304 ten por bien de levantarme.
247 1386 688 1429 Padre nuestro. etc.
229 1501 662 1540 Sétima vez te saludo,
178 1551 764 1589 mi Dios, que la derramastes,
187 1598 620 1634 y fué cuando Lonjinos
189 1646 767 1684 partió tu pecho parte á parte
187 1694 682 1730 de aquella cruel lanzada;
181 1742 760 1780 y vos con clemencia grande
189 1790 713 1829 vertisteis sangre mezclada
183 1839 653 1878 con agua para lavarme:
911 232 1364 268 O que licor tan divino
915 282 1396 320 clado como fino amante,
906 329 1368 364 de aquella hora divina
911 377 1526 416 siempre fué firme y constante,
907 426 1383 462 y por todas siete veces
912 475 1414 511 te sirvas de perdonadme
907 523 1046 561 Amen.
982 629 1405 671 Padre nuestro. etc.
953 737 1500 772 Ahora, Señor te ofrecemos
905 784 1489 821 por mano de tu Eterno Padre
914 832 1334 870 y de la Virgen Maria,
911 881 1358 919 tu benditisima Madre,
911 930 1366 965 toda la Sangre, Señar,
908 977 1491 1013 que en tu pasion derramastes
912 1026 1468 1061 desde la oracion del Huerto
910 1072 1395 1109 hasta ponerte en el aire
904 1121 1360 1157 enclavado en una cruz
910 1169 1456 1205 con los clavos penetrantes:
904 1216 1350 1253 rogaiste á Dios por mí
911 1266 1393 1304 y por el linage humano;
909 1314 1434 1350 y ahora Señor le pedimos
911 1361 1395 1397 como pobres miserables
901 1411 1494 1448 por la convercion de infieles,
913 1457 1382 1494 heréges y protestantes,
903 1507 1437 1550 y por la augusta Monarca,
907 1555 1385 1594 y tambien por nuestros Padres,
903 1605 1345 1643 y por la Santa Iglesia
948 1652 1390 1685 y todas sus nacesidades,
905 1700 1411 1737 y por las almas benditas
909 1748 1584 1783 que en vuestra gloria descansen.
915 1794 1461 1834 Y ahora rezando un Credo,
908 1843 1376 1882 te rendimos homenage.
293 2033 1462 2081 Se reza un credo.
281 2185 1592 2225 Toda persona que rezáre siete Padre nuestros y Ave Marias
181 2234 1591 2277 cada dia por espacio de doce años hasta cumplir el número de
173 2285 1134 2328 gotas que darramé le concede cuatro gracias.
