<?xml version="1.0" encoding="UTF-8" standalone="yes"?>
<PcGts xmlns="http://schema.primaresearch.org/PAGE/gts/pagecontent/2013-07-15" xmlns:xsi="http://www.w3.org/2001/XMLSchema-instance" xsi:schemaLocation="http://schema.primaresearch.org/PAGE/gts/pagecontent/2013-07-15 http://schema.primaresearch.org/PAGE/gts/pagecontent/2013-07-15/pagecontent.xsd">
    <Metadata>
        <Creator>prov=University of Rostock/Institute of Mathematics/CITlab|PLANET AI GmbH/Gundram Leifert/gundram.leifert@planet-ai.de:name=Pliegos de Cordel (XIXe) - v4(htr_id=27283)::::v=2.6.7
prov=University of Rostock/Institute of Mathematics/CITlab|PLANET AI GmbH/Tobias Gruening/tobias.gruening@planet-ai.de:name=de.uros.citlab.module.baseline2polygon.B2PSeamMultiOriented:v=2.6.7
prov=University of Rostock/Institute of Mathematics/CITlab|PLANET AI GmbH/Tobias Gruening/tobias.gruening@planet-ai.de:name=/net_tf/LA73_249_0mod360.pb:de.uros.citlab.segmentation.CITlab_LA_ML:v=2.6.7
Transkribus</Creator>
        <Created>2020-11-09T10:42:59.178+01:00</Created>
        <LastChange>2020-11-09T17:27:47.820+01:00</LastChange>
        <Comments>
                Measurement unit: pixel
                PrimaryLanguage: 
                Producer: Transkribus
            </Comments>
        <TranskribusMetadata docId="525371" pageId="22317882" pageNr="12" tsid="48449631" status="DONE" userId="66244" imgUrl="https://files.transkribus.eu/Get?id=BLSHNYVQUBEJYIGOSKQZCNMM&amp;fileType=view" xmlUrl="https://files.transkribus.eu/Get?id=MDRXVBBWOHMCDGUYIWOTBXKP" imageId="17387405"/>
    </Metadata>
    <Page imageFilename="Moreno_093_4.jpeg" imageWidth="1752" imageHeight="2480">
        <PrintSpace>
            <Coords points="29,0 1751,0 1751,2456 29,2456"/>
        </PrintSpace>
        <ReadingOrder>
            <OrderedGroup id="ro_1606755291850" caption="Regions reading order">
                <RegionRefIndexed index="0" regionRef="r_1_1"/>
                <RegionRefIndexed index="1" regionRef="r_2_1"/>
                <RegionRefIndexed index="2" regionRef="r_3_1"/>
                <RegionRefIndexed index="3" regionRef="r_4_1"/>
            </OrderedGroup>
        </ReadingOrder>
        <TextRegion orientation="0.0" type="paragraph" id="r_1_1" custom="readingOrder {index:0;}">
            <Coords points="29,303 686,303 686,2097 29,2097"/>
            <TextLine id="r_1_1l1" custom="readingOrder {index:0;}">
                <Coords points="39,362 64,362 90,362 116,361 142,361 168,360 194,360 220,359 246,359 272,358 298,358 323,357 349,357 375,356 401,356 427,356 453,356 479,356 505,357 531,357 557,358 557,328 531,327 505,327 479,326 453,326 427,326 401,326 375,326 349,327 323,327 298,328 272,328 246,329 220,329 194,330 168,330 142,331 116,331 90,332 64,332 39,332"/>
                <Baseline points="39,352 64,352 90,352 116,351 142,351 168,350 194,350 220,349 246,349 272,348 298,348 323,347 349,347 375,346 401,346 427,346 453,346 479,346 505,347 531,347 557,348"/>
                <TextEquiv>
                    <Unicode>Había un rey muy devoto,</Unicode>
                </TextEquiv>
            </TextLine>
            <TextLine id="r_1_1l2" custom="readingOrder {index:1;}">
                <Coords points="47,408 73,408 99,407 125,406 151,405 178,404 204,403 230,403 256,402 283,402 309,401 335,401 361,400 387,400 414,400 440,400 466,400 492,400 519,401 519,371 492,370 466,370 440,370 414,370 387,370 361,370 335,371 309,371 283,372 256,372 230,373 204,373 178,374 151,375 125,376 99,377 73,378 47,378"/>
                <Baseline points="47,398 73,398 99,397 125,396 151,395 178,394 204,393 230,393 256,392 283,392 309,391 335,391 361,390 387,390 414,390 440,390 466,390 492,390 519,391"/>
                <TextEquiv>
                    <Unicode>y de ánimas compasivo,</Unicode>
                </TextEquiv>
            </TextLine>
            <TextLine id="r_1_1l3" custom="readingOrder {index:2;}">
                <Coords points="54,451 81,450 109,450 137,449 165,449 192,448 220,448 248,447 276,447 303,446 331,445 359,445 387,444 414,444 442,444 470,443 498,443 525,443 553,444 581,444 609,445 609,415 581,414 553,414 525,413 498,413 470,413 442,414 414,414 387,414 359,415 331,415 303,416 276,417 248,417 220,418 192,418 165,419 137,419 109,420 81,420 54,421"/>
                <Baseline points="54,441 81,440 109,440 137,439 165,439 192,438 220,438 248,437 276,437 303,436 331,435 359,435 387,434 414,434 442,434 470,433 498,433 525,433 553,434 581,434 609,435"/>
                <TextEquiv>
                    <Unicode>que hacia muchos sufragios,</Unicode>
                </TextEquiv>
            </TextLine>
            <TextLine id="r_1_1l4" custom="readingOrder {index:3;}">
                <Coords points="45,493 71,494 97,494 123,494 150,494 176,493 202,493 229,492 255,491 281,491 307,490 334,489 360,489 386,488 413,488 439,488 465,488 492,488 492,458 465,458 439,458 413,458 386,458 360,459 334,459 307,460 281,461 255,461 229,462 202,463 176,463 150,464 123,464 97,464 71,464 45,463"/>
                <Baseline points="45,483 71,484 97,484 123,484 150,484 176,483 202,483 229,482 255,481 281,481 307,480 334,479 360,479 386,478 413,478 439,478 465,478 492,478"/>
                <TextEquiv>
                    <Unicode>limosnas y sacrificios;</Unicode>
                </TextEquiv>
            </TextLine>
            <TextLine id="r_1_1l5" custom="readingOrder {index:4;}">
                <Coords points="48,540 75,539 102,538 129,538 157,537 184,536 211,535 238,534 266,533 293,533 320,532 347,531 375,531 402,531 429,531 456,531 484,531 511,532 538,533 565,534 593,535 593,505 565,504 538,503 511,502 484,501 456,501 429,501 402,501 375,501 347,501 320,502 293,503 266,503 238,504 211,505 184,506 157,507 129,508 102,508 75,509 48,510"/>
                <Baseline points="48,530 75,529 102,528 129,528 157,527 184,526 211,525 238,524 266,523 293,523 320,522 347,521 375,521 402,521 429,521 456,521 484,521 511,522 538,523 565,524 593,525"/>
                <TextEquiv>
                    <Unicode>le sucediò á este buen rey, </Unicode>
                </TextEquiv>
            </TextLine>
            <TextLine id="r_1_1l6" custom="readingOrder {index:5;}">
                <Coords points="49,582 74,582 99,582 124,582 149,581 174,581 199,580 224,580 249,579 274,579 299,578 324,577 349,577 374,577 399,576 424,576 449,576 474,575 499,575 524,576 550,576 550,546 524,546 499,545 474,545 449,546 424,546 399,546 374,547 349,547 324,547 299,548 274,549 249,549 224,550 199,550 174,551 149,551 124,552 99,552 74,552 49,552"/>
                <Baseline points="49,572 74,572 99,572 124,572 149,571 174,571 199,570 224,570 249,569 274,569 299,568 324,567 349,567 374,567 399,566 424,566 449,566 474,565 499,565 524,566 550,566"/>
                <TextEquiv>
                    <Unicode>que se hallaba perseguido</Unicode>
                </TextEquiv>
            </TextLine>
            <TextLine id="r_1_1l7" custom="readingOrder {index:6;}">
                <Coords points="45,627 70,627 95,627 120,626 145,626 171,625 196,625 221,624 246,624 271,623 297,622 322,622 347,622 372,621 397,621 423,621 448,621 473,621 498,621 523,622 549,622 549,592 523,592 498,591 473,591 448,591 423,591 397,591 372,591 347,592 322,592 297,592 271,593 246,594 221,594 196,595 171,595 145,596 120,596 95,597 70,597 45,597"/>
                <Baseline points="45,617 70,617 95,617 120,616 145,616 171,615 196,615 221,614 246,614 271,613 297,612 322,612 347,612 372,611 397,611 423,611 448,611 473,611 498,611 523,612 549,612"/>
                <TextEquiv>
                    <Unicode>de otro rey que era cruel</Unicode>
                </TextEquiv>
            </TextLine>
            <TextLine id="r_1_1l8" custom="readingOrder {index:7;}">
                <Coords points="39,673 64,673 90,672 115,672 141,671 166,670 192,670 217,669 243,668 268,667 294,667 319,666 345,665 370,665 396,665 421,665 447,665 472,666 498,666 498,636 472,636 447,635 421,635 396,635 370,635 345,635 319,636 294,637 268,637 243,638 217,639 192,640 166,640 141,641 115,642 90,642 64,643 39,643"/>
                <Baseline points="39,663 64,663 90,662 115,662 141,661 166,660 192,660 217,659 243,658 268,657 294,657 319,656 345,655 370,655 396,655 421,655 447,655 472,656 498,656"/>
                <TextEquiv>
                    <Unicode>y se declaró enemigo</Unicode>
                </TextEquiv>
            </TextLine>
            <TextLine id="r_1_1l9" custom="readingOrder {index:8;}">
                <Coords points="41,718 67,717 93,717 119,716 145,715 172,715 198,714 224,713 250,712 277,712 303,711 329,711 355,710 381,710 408,709 434,709 460,709 486,708 513,708 513,678 486,678 460,679 434,679 408,679 381,680 355,680 329,681 303,681 277,682 250,682 224,683 198,684 172,685 145,685 119,686 93,687 67,687 41,688"/>
                <Baseline points="41,708 67,707 93,707 119,706 145,705 172,705 198,704 224,703 250,702 277,702 303,701 329,701 355,700 381,700 408,699 434,699 460,699 486,698 513,698"/>
                <TextEquiv>
                    <Unicode>que ya su ejército todo</Unicode>
                </TextEquiv>
            </TextLine>
            <TextLine id="r_1_1l10" custom="readingOrder {index:9;}">
                <Coords points="47,759 72,759 97,759 122,758 147,758 172,758 198,757 223,757 248,756 273,755 298,755 323,755 349,754 374,754 399,754 424,754 449,754 475,754 475,724 449,724 424,724 399,724 374,724 349,724 323,725 298,725 273,725 248,726 223,727 198,727 172,728 147,728 122,728 97,729 72,729 47,729"/>
                <Baseline points="47,749 72,749 97,749 122,748 147,748 172,748 198,747 223,747 248,746 273,745 298,745 323,745 349,744 374,744 399,744 424,744 449,744 475,744"/>
                <TextEquiv>
                    <Unicode>se le hahia destruido</Unicode>
                </TextEquiv>
            </TextLine>
            <TextLine id="r_1_1l11" custom="readingOrder {index:10;}">
                <Coords points="51,807 76,806 101,805 126,804 151,803 176,802 202,801 227,800 252,799 277,799 302,798 327,798 353,798 378,798 403,799 428,799 453,800 479,801 479,771 453,770 428,769 403,769 378,768 353,768 327,768 302,768 277,769 252,769 227,770 202,771 176,772 151,773 126,774 101,775 76,776 51,777"/>
                <Baseline points="51,797 76,796 101,795 126,794 151,793 176,792 202,791 227,790 252,789 277,789 302,788 327,788 353,788 378,788 403,789 428,789 453,790 479,791"/>
                <TextEquiv>
                    <Unicode>y ganado sus estados,</Unicode>
                </TextEquiv>
            </TextLine>
            <TextLine id="r_1_1l12" custom="readingOrder {index:11;}">
                <Coords points="45,850 70,849 96,848 122,847 148,846 174,846 200,845 226,845 252,844 277,844 303,844 329,844 355,843 381,843 407,843 433,843 459,842 459,812 433,813 407,813 381,813 355,813 329,814 303,814 277,814 252,814 226,815 200,815 174,816 148,816 122,817 96,818 70,819 45,820"/>
                <Baseline points="45,840 70,839 96,838 122,837 148,836 174,836 200,835 226,835 252,834 277,834 303,834 329,834 355,833 381,833 407,833 433,833 459,832"/>
                <TextEquiv>
                    <Unicode>y se vió tán afligido,</Unicode>
                </TextEquiv>
            </TextLine>
            <TextLine id="r_1_1l13" custom="readingOrder {index:12;}">
                <Coords points="49,892 74,891 100,891 125,891 151,890 176,890 202,889 227,889 253,889 278,888 304,888 330,888 355,888 381,888 406,887 432,888 457,888 483,888 508,888 534,889 560,890 560,860 534,859 508,858 483,858 457,858 432,858 406,857 381,858 355,858 330,858 304,858 278,858 253,859 227,859 202,859 176,860 151,860 125,861 100,861 74,861 49,862"/>
                <Baseline points="49,882 74,881 100,881 125,881 151,880 176,880 202,879 227,879 253,879 278,878 304,878 330,878 355,878 381,878 406,877 432,878 457,878 483,878 508,878 534,879 560,880"/>
                <TextEquiv>
                    <Unicode>que un dia saliendo á dar</Unicode>
                </TextEquiv>
            </TextLine>
            <TextLine id="r_1_1l14" custom="readingOrder {index:13;}">
                <Coords points="39,937 64,936 89,935 114,935 139,934 164,934 189,933 214,933 239,933 264,932 290,932 315,932 340,932 365,932 390,932 415,932 440,932 465,933 490,933 516,933 516,903 490,903 465,903 440,902 415,902 390,902 365,902 340,902 315,902 290,902 264,902 239,903 214,903 189,903 164,904 139,904 114,905 89,905 64,906 39,907"/>
                <Baseline points="39,927 64,926 89,925 114,925 139,924 164,924 189,923 214,923 239,923 264,922 290,922 315,922 340,922 365,922 390,922 415,922 440,922 465,923 490,923 516,923"/>
                <TextEquiv>
                    <Unicode>la batalla á su enemigo</Unicode>
                </TextEquiv>
            </TextLine>
            <TextLine id="r_1_1l15" custom="readingOrder {index:14;}">
                <Coords points="45,980 73,980 101,980 129,980 158,979 186,979 214,979 242,978 271,978 299,978 327,977 355,977 384,977 412,977 440,977 468,977 497,977 525,977 553,978 581,978 610,979 610,949 581,948 553,948 525,947 497,947 468,947 440,947 412,947 384,947 355,947 327,947 299,948 271,948 242,948 214,949 186,949 158,949 129,950 101,950 73,950 45,950"/>
                <Baseline points="45,970 73,970 101,970 129,970 158,969 186,969 214,969 242,968 271,968 299,968 327,967 355,967 384,967 412,967 440,967 468,967 497,967 525,967 553,968 581,968 610,969"/>
                <TextEquiv>
                    <Unicode>con muy poca de la gente,</Unicode>
                </TextEquiv>
            </TextLine>
            <TextLine id="r_1_1l16" custom="readingOrder {index:15;}">
                <Coords points="49,1026 74,1026 99,1025 125,1024 150,1023 176,1023 201,1022 227,1022 252,1021 278,1021 303,1021 328,1021 354,1021 379,1021 405,1021 430,1021 456,1022 481,1022 507,1022 507,992 481,992 456,992 430,991 405,991 379,991 354,991 328,991 303,991 278,991 252,991 227,992 201,992 176,993 150,993 125,994 99,995 74,996 49,996"/>
                <Baseline points="49,1016 74,1016 99,1015 125,1014 150,1013 176,1013 201,1012 227,1012 252,1011 278,1011 303,1011 328,1011 354,1011 379,1011 405,1011 430,1011 456,1012 481,1012 507,1012"/>
                <TextEquiv>
                    <Unicode>ya se daba por perdido;</Unicode>
                </TextEquiv>
            </TextLine>
            <TextLine id="r_1_1l17" custom="readingOrder {index:16;}">
                <Coords points="55,1071 80,1070 106,1069 131,1068 157,1068 182,1067 208,1067 233,1066 259,1066 284,1066 310,1065 335,1065 361,1065 386,1065 412,1065 437,1065 463,1065 488,1065 514,1065 539,1065 565,1065 565,1035 539,1035 514,1035 488,1035 463,1035 437,1035 412,1035 386,1035 361,1035 335,1035 310,1035 284,1036 259,1036 233,1036 208,1037 182,1037 157,1038 131,1038 106,1039 80,1040 55,1041"/>
                <Baseline points="55,1061 80,1060 106,1059 131,1058 157,1058 182,1057 208,1057 233,1056 259,1056 284,1056 310,1055 335,1055 361,1055 386,1055 412,1055 437,1055 463,1055 488,1055 514,1055 539,1055 565,1055"/>
                <TextEquiv>
                    <Unicode>pero antes de comenzarla,</Unicode>
                </TextEquiv>
            </TextLine>
            <TextLine id="r_1_1l18" custom="readingOrder {index:17;}">
                <Coords points="51,1117 78,1116 105,1114 133,1113 160,1111 188,1110 215,1110 243,1109 270,1109 298,1109 325,1109 352,1109 380,1109 407,1109 435,1109 462,1110 490,1110 517,1110 545,1110 572,1110 600,1110 600,1080 572,1080 545,1080 517,1080 490,1080 462,1080 435,1079 407,1079 380,1079 352,1079 325,1079 298,1079 270,1079 243,1079 215,1080 188,1080 160,1081 133,1083 105,1084 78,1086 51,1087"/>
                <Baseline points="51,1107 78,1106 105,1104 133,1103 160,1101 188,1100 215,1100 243,1099 270,1099 298,1099 325,1099 352,1099 380,1099 407,1099 435,1099 462,1100 490,1100 517,1100 545,1100 572,1100 600,1100"/>
                <TextEquiv>
                    <Unicode>¡oh qué admírable prodigio!</Unicode>
                </TextEquiv>
            </TextLine>
            <TextLine id="line_1604939214571_153" custom="readingOrder {index:18;}">
                <Coords points="47,1122 549,1122 549,1147 47,1147"/>
                <TextEquiv>
                    <Unicode>se apareció un escuadron</Unicode>
                </TextEquiv>
            </TextLine>
            <TextLine id="r_1_1l20" custom="readingOrder {index:19;}">
                <Coords points="59,1201 85,1201 111,1202 138,1201 164,1201 191,1200 217,1200 243,1199 270,1199 296,1198 323,1198 349,1197 375,1197 402,1198 428,1198 455,1199 455,1169 428,1168 402,1168 375,1167 349,1167 323,1168 296,1168 270,1169 243,1169 217,1170 191,1170 164,1171 138,1171 111,1172 85,1171 59,1171"/>
                <Baseline points="59,1191 85,1191 111,1192 138,1191 164,1191 191,1190 217,1190 243,1189 270,1189 296,1188 323,1188 349,1187 375,1187 402,1188 428,1188 455,1189"/>
                <TextEquiv>
                    <Unicode>y un ejército lucido</Unicode>
                </TextEquiv>
            </TextLine>
            <TextLine id="line_1604939241026_164" custom="readingOrder {index:20;}">
                <Coords points="60,1243 587,1243 587,1209 60,1209"/>
                <TextEquiv>
                    <Unicode>de soldados muy hermosos,</Unicode>
                </TextEquiv>
            </TextLine>
            <TextLine id="r_1_1l21" custom="readingOrder {index:21;}">
                <Coords points="63,1291 92,1290 122,1289 152,1289 181,1288 211,1287 241,1287 270,1286 300,1286 330,1286 360,1286 389,1285 419,1285 449,1285 478,1285 508,1285 538,1285 567,1285 597,1285 627,1285 657,1285 657,1255 627,1255 597,1255 567,1255 538,1255 508,1255 478,1255 449,1255 419,1255 389,1255 360,1256 330,1256 300,1256 270,1256 241,1257 211,1257 181,1258 152,1259 122,1259 92,1260 63,1261"/>
                <Baseline points="63,1281 92,1280 122,1279 152,1279 181,1278 211,1277 241,1277 270,1276 300,1276 330,1276 360,1276 389,1275 419,1275 449,1275 478,1275 508,1275 538,1275 567,1275 597,1275 627,1275 657,1275"/>
                <TextEquiv>
                    <Unicode>tan bellos como el sol mismo;</Unicode>
                </TextEquiv>
            </TextLine>
            <TextLine id="r_1_1l22" custom="readingOrder {index:22;}">
                <Coords points="57,1335 82,1334 108,1333 134,1333 160,1333 185,1332 211,1332 237,1332 263,1332 289,1332 314,1332 340,1332 366,1332 392,1332 418,1331 443,1331 469,1331 495,1330 521,1330 547,1329 547,1299 521,1300 495,1300 469,1301 443,1301 418,1301 392,1302 366,1302 340,1302 314,1302 289,1302 263,1302 237,1302 211,1302 185,1302 160,1303 134,1303 108,1303 82,1304 57,1305"/>
                <Baseline points="57,1325 82,1324 108,1323 134,1323 160,1323 185,1322 211,1322 237,1322 263,1322 289,1322 314,1322 340,1322 366,1322 392,1322 418,1321 443,1321 469,1321 495,1320 521,1320 547,1319"/>
                <TextEquiv>
                    <Unicode>mas rubios que serafines</Unicode>
                </TextEquiv>
            </TextLine>
            <TextLine id="r_1_1l23" custom="readingOrder {index:23;}">
                <Coords points="51,1381 77,1380 103,1379 129,1378 156,1378 182,1377 208,1377 235,1377 261,1376 287,1376 314,1376 340,1376 366,1376 392,1376 419,1375 445,1375 471,1375 498,1375 524,1375 550,1375 577,1374 577,1344 550,1345 524,1345 498,1345 471,1345 445,1345 419,1345 392,1346 366,1346 340,1346 314,1346 287,1346 261,1346 235,1347 208,1347 182,1347 156,1348 129,1348 103,1349 77,1350 51,1351"/>
                <Baseline points="51,1371 77,1370 103,1369 129,1368 156,1368 182,1367 208,1367 235,1367 261,1366 287,1366 314,1366 340,1366 366,1366 392,1366 419,1365 445,1365 471,1365 498,1365 524,1365 550,1365 577,1364"/>
                <TextEquiv>
                    <Unicode>blancos como los armiños,</Unicode>
                </TextEquiv>
            </TextLine>
            <TextLine id="r_1_1l24" custom="readingOrder {index:24;}">
                <Coords points="57,1426 85,1424 113,1423 142,1422 170,1421 199,1420 227,1419 255,1419 284,1419 312,1419 341,1419 369,1419 397,1419 426,1419 454,1419 483,1419 511,1419 539,1419 568,1419 596,1419 625,1418 625,1388 596,1389 568,1389 539,1389 511,1389 483,1389 454,1389 426,1389 397,1389 369,1389 341,1389 312,1389 284,1389 255,1389 227,1389 199,1390 170,1391 142,1392 113,1393 85,1394 57,1396"/>
                <Baseline points="57,1416 85,1414 113,1413 142,1412 170,1411 199,1410 227,1409 255,1409 284,1409 312,1409 341,1409 369,1409 397,1409 426,1409 454,1409 483,1409 511,1409 539,1409 568,1409 596,1409 625,1408"/>
                <TextEquiv>
                    <Unicode>y blancas tambien sus armas, </Unicode>
                </TextEquiv>
            </TextLine>
            <TextLine id="r_1_1l25" custom="readingOrder {index:25;}">
                <Coords points="60,1467 86,1467 112,1467 138,1466 164,1466 191,1465 217,1465 243,1465 269,1464 295,1464 322,1464 348,1464 374,1463 400,1463 426,1463 453,1464 479,1464 505,1464 531,1465 558,1465 558,1435 531,1435 505,1434 479,1434 453,1434 426,1433 400,1433 374,1433 348,1434 322,1434 295,1434 269,1434 243,1435 217,1435 191,1435 164,1436 138,1436 112,1437 86,1437 60,1437"/>
                <Baseline points="60,1457 86,1457 112,1457 138,1456 164,1456 191,1455 217,1455 243,1455 269,1454 295,1454 322,1454 348,1454 374,1453 400,1453 426,1453 453,1454 479,1454 505,1454 531,1455 558,1455"/>
                <TextEquiv>
                    <Unicode>de blancas galas vestidos,</Unicode>
                </TextEquiv>
            </TextLine>
            <TextLine id="r_1_1l26" custom="readingOrder {index:26;}">
                <Coords points="67,1511 93,1511 119,1510 146,1509 172,1509 198,1508 225,1508 251,1508 277,1508 304,1508 330,1507 356,1507 383,1507 409,1507 435,1507 462,1507 488,1507 515,1507 515,1477 488,1477 462,1477 435,1477 409,1477 383,1477 356,1477 330,1477 304,1478 277,1478 251,1478 225,1478 198,1478 172,1479 146,1479 119,1480 93,1481 67,1481"/>
                <Baseline points="67,1501 93,1501 119,1500 146,1499 172,1499 198,1498 225,1498 251,1498 277,1498 304,1498 330,1497 356,1497 383,1497 409,1497 435,1497 462,1497 488,1497 515,1497"/>
                <TextEquiv>
                    <Unicode>cada uno un estandarte</Unicode>
                </TextEquiv>
            </TextLine>
            <TextLine id="r_1_1l27" custom="readingOrder {index:27;}">
                <Coords points="59,1555 84,1555 110,1555 136,1555 161,1554 187,1554 213,1554 238,1553 264,1553 290,1552 316,1552 341,1552 367,1551 393,1551 418,1551 444,1551 470,1552 495,1552 521,1553 547,1553 573,1555 573,1525 547,1523 521,1523 495,1522 470,1522 444,1521 418,1521 393,1521 367,1521 341,1522 316,1522 290,1522 264,1523 238,1523 213,1524 187,1524 161,1524 136,1525 110,1525 84,1525 59,1525"/>
                <Baseline points="59,1545 84,1545 110,1545 136,1545 161,1544 187,1544 213,1544 238,1543 264,1543 290,1542 316,1542 341,1542 367,1541 393,1541 418,1541 444,1541 470,1542 495,1542 521,1543 547,1543 573,1545"/>
                <TextEquiv>
                    <Unicode>blanco, grabados escritos</Unicode>
                </TextEquiv>
            </TextLine>
            <TextLine id="r_1_1l28" custom="readingOrder {index:28;}">
                <Coords points="68,1600 93,1599 119,1598 145,1597 170,1597 196,1596 222,1596 248,1596 273,1596 299,1596 325,1596 350,1596 376,1596 402,1596 428,1596 453,1596 479,1596 505,1596 531,1595 531,1565 505,1566 479,1566 453,1566 428,1566 402,1566 376,1566 350,1566 325,1566 299,1566 273,1566 248,1566 222,1566 196,1566 170,1567 145,1567 119,1568 93,1569 68,1570"/>
                <Baseline points="68,1590 93,1589 119,1588 145,1587 170,1587 196,1586 222,1586 248,1586 273,1586 299,1586 325,1586 350,1586 376,1586 402,1586 428,1586 453,1586 479,1586 505,1586 531,1585"/>
                <TextEquiv>
                    <Unicode>en todos estos renglones:</Unicode>
                </TextEquiv>
            </TextLine>
            <TextLine id="r_1_1l29" custom="readingOrder {index:29;}">
                <Coords points="69,1641 94,1641 119,1641 144,1641 170,1641 195,1641 220,1640 245,1640 271,1640 296,1640 321,1640 346,1640 372,1640 397,1640 422,1640 447,1640 473,1640 498,1640 523,1640 549,1640 549,1610 523,1610 498,1610 473,1610 447,1610 422,1610 397,1610 372,1610 346,1610 321,1610 296,1610 271,1610 245,1610 220,1610 195,1611 170,1611 144,1611 119,1611 94,1611 69,1611"/>
                <Baseline points="69,1631 94,1631 119,1631 144,1631 170,1631 195,1631 220,1630 245,1630 271,1630 296,1630 321,1630 346,1630 372,1630 397,1630 422,1630 447,1630 473,1630 498,1630 523,1630 549,1630"/>
                <TextEquiv>
                    <Unicode>«viva Jesus, Rey divino.</Unicode>
                </TextEquiv>
            </TextLine>
            <TextLine id="r_1_1l30" custom="readingOrder {index:30;}">
                <Coords points="67,1687 92,1686 117,1686 142,1686 168,1685 193,1685 218,1684 244,1684 269,1684 294,1684 319,1684 345,1684 370,1684 395,1684 421,1684 446,1684 471,1684 497,1683 497,1653 471,1654 446,1654 421,1654 395,1654 370,1654 345,1654 319,1654 294,1654 269,1654 244,1654 218,1654 193,1655 168,1655 142,1656 117,1656 92,1656 67,1657"/>
                <Baseline points="67,1677 92,1676 117,1676 142,1676 168,1675 193,1675 218,1674 244,1674 269,1674 294,1674 319,1674 345,1674 370,1674 395,1674 421,1674 446,1674 471,1674 497,1673"/>
                <TextEquiv>
                    <Unicode>Admirado de ver esto</Unicode>
                </TextEquiv>
            </TextLine>
            <TextLine id="r_1_1l31" custom="readingOrder {index:31;}">
                <Coords points="61,1733 86,1732 111,1732 136,1731 161,1731 186,1730 212,1730 237,1729 262,1729 287,1728 312,1728 338,1728 363,1729 388,1729 413,1730 438,1731 464,1732 464,1702 438,1701 413,1700 388,1699 363,1699 338,1698 312,1698 287,1698 262,1699 237,1699 212,1700 186,1700 161,1701 136,1701 111,1702 86,1702 61,1703"/>
                <Baseline points="61,1723 86,1722 111,1722 136,1721 161,1721 186,1720 212,1720 237,1719 262,1719 287,1718 312,1718 338,1718 363,1719 388,1719 413,1720 438,1721 464,1722"/>
                <TextEquiv>
                    <Unicode>el ejército enemigo,</Unicode>
                </TextEquiv>
            </TextLine>
            <TextLine id="r_1_1l32" custom="readingOrder {index:32;}">
                <Coords points="69,1776 95,1776 122,1775 149,1775 176,1774 203,1774 229,1774 256,1773 283,1773 310,1773 337,1773 363,1773 390,1773 417,1773 444,1773 471,1773 497,1772 524,1772 551,1772 578,1771 605,1771 605,1741 578,1741 551,1742 524,1742 497,1742 471,1743 444,1743 417,1743 390,1743 363,1743 337,1743 310,1743 283,1743 256,1743 229,1744 203,1744 176,1744 149,1745 122,1745 95,1746 69,1746"/>
                <Baseline points="69,1766 95,1766 122,1765 149,1765 176,1764 203,1764 229,1764 256,1763 283,1763 310,1763 337,1763 363,1763 390,1763 417,1763 444,1763 471,1763 497,1762 524,1762 551,1762 578,1761 605,1761"/>
                <TextEquiv>
                    <Unicode>pasmado, absorto y turbado,</Unicode>
                </TextEquiv>
            </TextLine>
            <TextLine id="r_1_1l33" custom="readingOrder {index:33;}">
                <Coords points="63,1820 89,1820 115,1819 141,1819 167,1818 193,1818 219,1817 245,1817 271,1816 298,1816 324,1816 350,1815 376,1815 402,1815 428,1815 454,1815 480,1816 506,1816 533,1817 533,1787 506,1786 480,1786 454,1785 428,1785 402,1785 376,1785 350,1785 324,1786 298,1786 271,1786 245,1787 219,1787 193,1788 167,1788 141,1789 115,1789 89,1790 63,1790"/>
                <Baseline points="63,1810 89,1810 115,1809 141,1809 167,1808 193,1808 219,1807 245,1807 271,1806 298,1806 324,1806 350,1805 376,1805 402,1805 428,1805 454,1805 480,1806 506,1806 533,1807"/>
                <TextEquiv>
                    <Unicode>tan confuso y aturdido,</Unicode>
                </TextEquiv>
            </TextLine>
            <TextLine id="r_1_1l34" custom="readingOrder {index:34;}">
                <Coords points="63,1864 93,1864 123,1863 153,1863 183,1862 213,1862 243,1861 273,1861 303,1861 333,1860 363,1860 393,1860 423,1859 453,1859 483,1859 513,1859 543,1859 573,1859 603,1859 633,1859 663,1860 663,1830 633,1829 603,1829 573,1829 543,1829 513,1829 483,1829 453,1829 423,1829 393,1830 363,1830 333,1830 303,1831 273,1831 243,1831 213,1832 183,1832 153,1833 123,1833 93,1834 63,1834"/>
                <Baseline points="63,1854 93,1854 123,1853 153,1853 183,1852 213,1852 243,1851 273,1851 303,1851 333,1850 363,1850 393,1850 423,1849 453,1849 483,1849 513,1849 543,1849 573,1849 603,1849 633,1849 663,1850"/>
                <TextEquiv>
                    <Unicode>al punto envió una embajada,</Unicode>
                </TextEquiv>
            </TextLine>
            <TextLine id="r_1_1l35" custom="readingOrder {index:35;}">
                <Coords points="63,1908 88,1908 113,1908 138,1907 164,1907 189,1906 214,1906 239,1906 265,1905 290,1905 315,1905 340,1905 366,1905 391,1905 416,1905 441,1905 467,1905 492,1905 517,1905 543,1905 543,1875 517,1875 492,1875 467,1875 441,1875 416,1875 391,1875 366,1875 340,1875 315,1875 290,1875 265,1875 239,1876 214,1876 189,1876 164,1877 138,1877 113,1878 88,1878 63,1878"/>
                <Baseline points="63,1898 88,1898 113,1898 138,1897 164,1897 189,1896 214,1896 239,1896 265,1895 290,1895 315,1895 340,1895 366,1895 391,1895 416,1895 441,1895 467,1895 492,1895 517,1895 543,1895"/>
                <TextEquiv>
                    <Unicode>de esta manera le dijo;</Unicode>
                </TextEquiv>
            </TextLine>
            <TextLine id="r_1_1l36" custom="readingOrder {index:36;}">
                <Coords points="75,1954 100,1953 125,1952 150,1951 175,1950 200,1950 225,1949 250,1949 275,1949 300,1948 325,1948 350,1948 375,1948 400,1948 425,1948 450,1948 475,1949 500,1949 525,1949 550,1949 575,1949 575,1919 550,1919 525,1919 500,1919 475,1919 450,1918 425,1918 400,1918 375,1918 350,1918 325,1918 300,1918 275,1919 250,1919 225,1919 200,1920 175,1920 150,1921 125,1922 100,1923 75,1924"/>
                <Baseline points="75,1944 100,1943 125,1942 150,1941 175,1940 200,1940 225,1939 250,1939 275,1939 300,1938 325,1938 350,1938 375,1938 400,1938 425,1938 450,1938 475,1939 500,1939 525,1939 550,1939 575,1939"/>
                <TextEquiv>
                    <Unicode>¿de donde os vino, Señor,</Unicode>
                </TextEquiv>
            </TextLine>
            <TextLine id="r_1_1l37" custom="readingOrder {index:37;}">
                <Coords points="70,1999 95,1998 120,1997 145,1996 171,1995 196,1994 221,1994 246,1994 272,1993 297,1993 322,1993 347,1993 373,1993 398,1993 423,1993 449,1993 449,1963 423,1963 398,1963 373,1963 347,1963 322,1963 297,1963 272,1963 246,1964 221,1964 196,1964 171,1965 145,1966 120,1967 95,1968 70,1969"/>
                <Baseline points="70,1989 95,1988 120,1987 145,1986 171,1985 196,1984 221,1984 246,1984 272,1983 297,1983 322,1983 347,1983 373,1983 398,1983 423,1983 449,1983"/>
                <TextEquiv>
                    <Unicode>ejército tan lucido?</Unicode>
                </TextEquiv>
            </TextLine>
            <TextLine id="r_1_1l38" custom="readingOrder {index:38;}">
                <Coords points="73,2046 99,2044 125,2042 151,2040 177,2039 204,2038 230,2037 256,2037 282,2036 308,2036 335,2036 361,2037 387,2037 413,2037 439,2037 466,2037 492,2037 518,2037 544,2037 571,2036 571,2006 544,2007 518,2007 492,2007 466,2007 439,2007 413,2007 387,2007 361,2007 335,2006 308,2006 282,2006 256,2007 230,2007 204,2008 177,2009 151,2010 125,2012 99,2014 73,2016"/>
                <Baseline points="73,2036 99,2034 125,2032 151,2030 177,2029 204,2028 230,2027 256,2027 282,2026 308,2026 335,2026 361,2027 387,2027 413,2027 439,2027 466,2027 492,2027 518,2027 544,2027 571,2026"/>
                <TextEquiv>
                    <Unicode>y un soldado muy hermo</Unicode>
                </TextEquiv>
            </TextLine>
            <TextLine id="r_1_1l39" custom="readingOrder {index:39;}">
                <Coords points="67,2085 92,2084 118,2084 144,2084 169,2084 195,2084 221,2084 246,2084 272,2084 298,2084 323,2084 349,2084 375,2084 400,2084 426,2084 452,2083 477,2083 503,2082 529,2081 529,2051 503,2052 477,2053 452,2053 426,2054 400,2054 375,2054 349,2054 323,2054 298,2054 272,2054 246,2054 221,2054 195,2054 169,2054 144,2054 118,2054 92,2054 67,2055"/>
                <Baseline points="67,2075 92,2074 118,2074 144,2074 169,2074 195,2074 221,2074 246,2074 272,2074 298,2074 323,2074 349,2074 375,2074 400,2074 426,2074 452,2073 477,2073 503,2072 529,2071"/>
                <TextEquiv>
                    <Unicode>así le hubo respondido.</Unicode>
                </TextEquiv>
            </TextLine>
            <TextEquiv>
                <Unicode>Había un rey muy devoto,
y de ánimas compasivo,
que hacia muchos sufragios,
limosnas y sacrificios;
le sucediò á este buen rey, 
que se hallaba perseguido
de otro rey que era cruel
y se declaró enemigo
que ya su ejército todo
se le hahia destruido
y ganado sus estados,
y se vió tán afligido,
que un dia saliendo á dar
la batalla á su enemigo
con muy poca de la gente,
ya se daba por perdido;
pero antes de comenzarla,
¡oh qué admírable prodigio!
se apareció un escuadron
y un ejército lucido
de soldados muy hermosos,
tan bellos como el sol mismo;
mas rubios que serafines
blancos como los armiños,
y blancas tambien sus armas, 
de blancas galas vestidos,
cada uno un estandarte
blanco, grabados escritos
en todos estos renglones:
«viva Jesus, Rey divino.
Admirado de ver esto
el ejército enemigo,
pasmado, absorto y turbado,
tan confuso y aturdido,
al punto envió una embajada,
de esta manera le dijo;
¿de donde os vino, Señor,
ejército tan lucido?
y un soldado muy hermo
así le hubo respondido.</Unicode>
            </TextEquiv>
        </TextRegion>
        <TextRegion orientation="0.0" type="paragraph" id="r_2_1" custom="readingOrder {index:1;}">
            <Coords points="666,289 1389,289 1389,2085 666,2085"/>
            <TextLine id="r_2_1l1" custom="readingOrder {index:0;}">
                <Coords points="759,349 785,350 812,350 838,350 865,350 891,350 918,349 944,348 971,347 997,346 1024,345 1050,344 1077,343 1103,342 1130,341 1156,341 1183,341 1209,341 1236,342 1262,343 1289,344 1289,313 1262,312 1236,311 1209,310 1183,310 1156,310 1130,310 1103,311 1077,312 1050,313 1024,314 997,315 971,316 944,317 918,318 891,319 865,319 838,319 812,319 785,319 759,318"/>
                <Baseline points="759,339 785,340 812,340 838,340 865,340 891,340 918,339 944,338 971,337 997,336 1024,335 1050,334 1077,333 1103,332 1130,331 1156,331 1183,331 1209,331 1236,332 1262,333 1289,334"/>
                <TextEquiv>
                    <Unicode> Señor, diga usted á su rey, </Unicode>
                </TextEquiv>
            </TextLine>
            <TextLine id="r_2_1l2" custom="readingOrder {index:1;}">
                <Coords points="763,395 788,395 814,395 840,395 866,394 892,394 918,393 944,392 970,391 996,390 1022,389 1047,389 1073,388 1099,387 1125,387 1151,387 1177,386 1203,386 1229,387 1255,387 1281,388 1281,357 1255,356 1229,356 1203,355 1177,355 1151,356 1125,356 1099,356 1073,357 1047,358 1022,358 996,359 970,360 944,361 918,362 892,363 866,363 840,364 814,364 788,364 763,364"/>
                <Baseline points="763,385 788,385 814,385 840,385 866,384 892,384 918,383 944,382 970,381 996,380 1022,379 1047,379 1073,378 1099,377 1125,377 1151,377 1177,376 1203,376 1229,377 1255,377 1281,378"/>
                <TextEquiv>
                    <Unicode>de parte de Dios venimos,</Unicode>
                </TextEquiv>
            </TextLine>
            <TextLine id="r_2_1l3" custom="readingOrder {index:2;}">
                <Coords points="765,438 791,438 817,438 843,438 869,437 896,436 922,436 948,435 974,435 1001,434 1027,433 1053,432 1079,431 1105,431 1132,430 1158,430 1184,429 1210,429 1237,429 1237,398 1210,398 1184,398 1158,399 1132,399 1105,400 1079,400 1053,401 1027,402 1001,403 974,404 948,404 922,405 896,405 869,406 843,407 817,407 791,407 765,407"/>
                <Baseline points="765,428 791,428 817,428 843,428 869,427 896,426 922,426 948,425 974,425 1001,424 1027,423 1053,422 1079,421 1105,421 1132,420 1158,420 1184,419 1210,419 1237,419"/>
                <TextEquiv>
                    <Unicode>nosotros somos saldados</Unicode>
                </TextEquiv>
            </TextLine>
            <TextLine id="r_2_1l4" custom="readingOrder {index:3;}">
                <Coords points="681,481 708,481 736,482 764,482 792,482 819,482 847,481 875,481 903,481 930,480 958,479 986,479 1014,478 1041,477 1069,476 1097,476 1125,475 1152,475 1180,474 1208,474 1236,474 1236,443 1208,443 1180,443 1152,444 1125,444 1097,445 1069,445 1041,446 1014,447 986,448 958,448 930,449 903,450 875,450 847,450 819,451 792,451 764,451 736,451 708,450 681,450"/>
                <Baseline points="681,471 708,471 736,472 764,472 792,472 819,472 847,471 875,471 903,471 930,470 958,469 986,469 1014,468 1041,467 1069,466 1097,466 1125,465 1152,465 1180,464 1208,464 1236,464"/>
                <TextEquiv>
                    <Unicode>¿N de la milicia de Cristo;</Unicode>
                </TextEquiv>
            </TextLine>
            <TextLine id="r_2_1l5" custom="readingOrder {index:4;}">
                <Coords points="772,528 801,527 830,526 860,526 889,525 918,524 948,524 977,523 1006,522 1036,522 1065,521 1094,520 1124,519 1153,519 1182,518 1212,518 1241,517 1270,517 1300,516 1329,516 1359,515 1359,484 1329,485 1300,485 1270,486 1241,486 1212,487 1182,487 1153,488 1124,488 1094,489 1065,490 1036,491 1006,491 977,492 948,493 918,493 889,494 860,495 830,495 801,496 772,497"/>
                <Baseline points="772,518 801,517 830,516 860,516 889,515 918,514 948,514 977,513 1006,512 1036,512 1065,511 1094,510 1124,509 1153,509 1182,508 1212,508 1241,507 1270,507 1300,506 1329,506 1359,505"/>
                <TextEquiv>
                    <Unicode>que por nuestro Rey gozamos</Unicode>
                </TextEquiv>
            </TextLine>
            <TextLine id="r_2_1l7" custom="readingOrder {index:5;}">
                <Coords points="768,572 794,571 821,571 848,570 875,569 902,568 929,567 956,567 983,566 1010,565 1037,565 1063,564 1090,563 1117,563 1144,562 1171,562 1198,561 1225,561 1252,561 1279,561 1306,560 1306,530 1279,531 1252,531 1225,531 1198,531 1171,532 1144,532 1117,533 1090,533 1063,534 1037,535 1010,535 983,536 956,537 929,537 902,538 875,539 848,540 821,541 794,541 768,542"/>
                <Baseline points="768,562 794,561 821,561 848,560 875,559 902,558 929,557 956,557 983,556 1010,555 1037,555 1063,554 1090,553 1117,553 1144,552 1171,552 1198,551 1225,551 1252,551 1279,551 1306,550"/>
                <TextEquiv>
                    <Unicode>la glória del Cielo empiréo.</Unicode>
                </TextEquiv>
            </TextLine>
            <TextLine id="r_2_1l8" custom="readingOrder {index:6;}">
                <Coords points="771,615 796,615 822,614 847,614 873,613 899,612 924,612 950,611 976,611 1001,610 1027,609 1053,608 1078,607 1104,607 1130,606 1155,605 1181,604 1207,602 1207,572 1181,574 1155,575 1130,576 1104,577 1078,577 1053,578 1027,579 1001,580 976,581 950,581 924,582 899,582 873,583 847,584 822,584 796,585 771,585"/>
                <Baseline points="771,605 796,605 822,604 847,604 873,603 899,602 924,602 950,601 976,601 1001,600 1027,599 1053,598 1078,597 1104,597 1130,596 1155,595 1181,594 1207,592"/>
                <TextEquiv>
                    <Unicode>Animas del Purgatorio</Unicode>
                </TextEquiv>
            </TextLine>
            <TextLine id="r_2_1l9" custom="readingOrder {index:7;}">
                <Coords points="759,661 787,660 816,659 845,658 874,658 902,657 931,656 960,655 989,654 1017,653 1046,653 1075,652 1104,651 1132,651 1161,650 1190,649 1219,648 1247,647 1276,646 1305,645 1334,644 1334,613 1305,614 1276,615 1247,616 1219,617 1190,618 1161,619 1132,620 1104,620 1075,621 1046,622 1017,622 989,623 960,624 931,625 902,626 874,627 845,627 816,628 787,629 759,630"/>
                <Baseline points="759,651 787,650 816,649 845,648 874,648 902,647 931,646 960,645 989,644 1017,643 1046,643 1075,642 1104,641 1132,641 1161,640 1190,639 1219,638 1247,637 1276,636 1305,635 1334,634"/>
                <TextEquiv>
                    <Unicode>al descanso hemos subido</Unicode>
                </TextEquiv>
            </TextLine>
            <TextLine id="r_2_1l10" custom="readingOrder {index:8;}">
                <Coords points="714,702 743,703 772,703 802,703 831,703 860,702 890,702 919,701 948,700 978,700 1007,699 1036,698 1066,697 1095,696 1124,695 1154,694 1183,693 1212,692 1242,691 1271,691 1301,690 1301,659 1271,660 1242,660 1212,661 1183,662 1154,663 1124,664 1095,665 1066,666 1036,667 1007,668 978,669 948,669 919,670 890,671 860,671 831,672 802,672 772,672 743,672 714,671"/>
                <Baseline points="714,692 743,693 772,693 802,693 831,693 860,692 890,692 919,691 948,690 978,690 1007,689 1036,688 1066,687 1095,686 1124,685 1154,684 1183,683 1212,682 1242,681 1271,681 1301,680"/>
                <TextEquiv>
                    <Unicode>y y á nuestro rey los estados</Unicode>
                </TextEquiv>
            </TextLine>
            <TextLine id="r_2_1l11" custom="readingOrder {index:9;}">
                <Coords points="773,747 798,747 824,747 850,746 875,746 901,745 927,745 953,744 978,744 1004,743 1030,742 1056,741 1081,741 1107,740 1133,739 1159,738 1184,737 1210,736 1236,735 1262,734 1262,703 1236,704 1210,705 1184,706 1159,707 1133,708 1107,709 1081,710 1056,710 1030,711 1004,712 978,713 953,713 927,714 901,714 875,715 850,715 824,716 798,716 773,716"/>
                <Baseline points="773,737 798,737 824,737 850,736 875,736 901,735 927,735 953,734 978,734 1004,733 1030,732 1056,731 1081,731 1107,730 1133,729 1159,728 1184,727 1210,726 1236,725 1262,724"/>
                <TextEquiv>
                    <Unicode>los vuelva, sino decimos</Unicode>
                </TextEquiv>
            </TextLine>
            <TextLine id="r_2_1l12" custom="readingOrder {index:10;}">
                <Coords points="767,792 793,791 819,791 846,790 872,790 899,789 925,789 952,788 978,787 1005,787 1031,786 1057,785 1084,784 1110,783 1137,783 1163,782 1190,781 1216,780 1243,779 1269,779 1296,778 1296,747 1269,748 1243,748 1216,749 1190,750 1163,751 1137,752 1110,752 1084,753 1057,754 1031,755 1005,756 978,756 952,757 925,758 899,758 872,759 846,759 819,760 793,760 767,761"/>
                <Baseline points="767,782 793,781 819,781 846,780 872,780 899,779 925,779 952,778 978,777 1005,777 1031,776 1057,775 1084,774 1110,773 1137,773 1163,772 1190,771 1216,770 1243,769 1269,769 1296,768"/>
                <TextEquiv>
                    <Unicode>que él y todo su reino1</Unicode>
                </TextEquiv>
            </TextLine>
            <TextLine id="r_2_1l14" custom="readingOrder {index:11;}">
                <Coords points="688,834 713,834 739,835 765,835 791,835 817,835 843,834 869,834 895,833 921,833 946,832 972,831 998,831 1024,830 1050,829 1076,828 1102,828 1128,827 1154,827 1180,826 1180,795 1154,796 1128,796 1102,797 1076,797 1050,798 1024,799 998,800 972,800 946,801 921,802 895,802 869,803 843,803 817,804 791,804 765,804 739,804 713,803 688,803"/>
                <Baseline points="688,824 713,824 739,825 765,825 791,825 817,825 843,824 869,824 895,823 921,823 946,822 972,821 998,821 1024,820 1050,819 1076,818 1102,818 1128,817 1154,817 1180,816"/>
                <TextEquiv>
                    <Unicode>Y luego será destruido</Unicode>
                </TextEquiv>
            </TextLine>
            <TextLine id="r_2_1l15" custom="readingOrder {index:12;}">
                <Coords points="692,879 717,879 743,879 769,879 795,879 821,879 847,878 872,878 898,878 924,877 950,876 976,876 1002,875 1028,874 1053,873 1079,873 1105,872 1131,871 1157,870 1183,870 1209,869 1209,839 1183,840 1157,840 1131,841 1105,842 1079,843 1053,843 1028,844 1002,845 976,846 950,846 924,847 898,848 872,848 847,848 821,849 795,849 769,849 743,849 717,849 692,849"/>
                <Baseline points="692,869 717,869 743,869 769,869 795,869 821,869 847,868 872,868 898,868 924,867 950,866 976,866 1002,865 1028,864 1053,863 1079,863 1105,862 1131,861 1157,860 1183,860 1209,859"/>
                <TextEquiv>
                    <Unicode>Le fué dada la noticia</Unicode>
                </TextEquiv>
            </TextLine>
            <TextLine id="r_2_1l16" custom="readingOrder {index:13;}">
                <Coords points="724,919 750,921 776,922 802,922 828,923 854,922 880,922 906,921 932,921 958,920 984,919 1010,918 1036,917 1062,917 1088,916 1114,916 1140,916 1167,917 1167,887 1140,886 1114,886 1088,886 1062,887 1036,887 1010,888 984,889 958,890 932,891 906,891 880,892 854,892 828,893 802,892 776,892 750,891 724,889"/>
                <Baseline points="724,909 750,911 776,912 802,912 828,913 854,912 880,912 906,911 932,911 958,910 984,909 1010,908 1036,907 1062,907 1088,906 1114,906 1140,906 1167,907"/>
                <TextEquiv>
                    <Unicode> al otro rey enemigo,</Unicode>
                </TextEquiv>
            </TextLine>
            <TextLine id="r_2_1l17" custom="readingOrder {index:14;}">
                <Coords points="714,970 744,969 775,968 806,967 837,966 868,966 899,965 930,964 961,964 992,963 1023,962 1053,962 1084,961 1115,960 1146,959 1177,958 1208,957 1239,956 1270,954 1301,953 1332,950 1332,920 1301,923 1270,924 1239,926 1208,927 1177,928 1146,929 1115,930 1084,931 1053,932 1023,932 992,933 961,934 930,934 899,935 868,936 837,936 806,937 775,938 744,939 714,940"/>
                <Baseline points="714,960 744,959 775,958 806,957 837,956 868,956 899,955 930,954 961,954 992,953 1023,952 1053,952 1084,951 1115,950 1146,949 1177,948 1208,947 1239,946 1270,944 1301,943 1332,940"/>
                <TextEquiv>
                    <Unicode> y viendo esta maravilla</Unicode>
                </TextEquiv>
            </TextLine>
            <TextLine id="r_2_1l18" custom="readingOrder {index:15;}">
                <Coords points="677,1011 709,1011 741,1012 774,1012 806,1011 839,1011 871,1011 904,1010 936,1010 969,1009 1001,1008 1033,1007 1066,1006 1098,1006 1131,1005 1163,1004 1196,1003 1228,1002 1261,1001 1293,1000 1326,999 1326,969 1293,970 1261,971 1228,972 1196,973 1163,974 1131,975 1098,976 1066,976 1033,977 1001,978 969,979 936,980 904,980 871,981 839,981 806,981 774,982 741,982 709,981 677,981"/>
                <Baseline points="677,1001 709,1001 741,1002 774,1002 806,1001 839,1001 871,1001 904,1000 936,1000 969,999 1001,998 1033,997 1066,996 1098,996 1131,995 1163,994 1196,993 1228,992 1261,991 1293,990 1326,989"/>
                <TextEquiv>
                    <Unicode> y este admirable prodigio</Unicode>
                </TextEquiv>
            </TextLine>
            <TextLine id="r_2_1l19" custom="readingOrder {index:16;}">
                <Coords points="771,1057 796,1057 822,1056 848,1056 874,1055 900,1055 926,1054 952,1053 978,1052 1004,1051 1029,1050 1055,1049 1081,1049 1107,1048 1133,1047 1159,1047 1185,1047 1211,1047 1237,1047 1263,1047 1263,1017 1237,1017 1211,1017 1185,1017 1159,1017 1133,1017 1107,1018 1081,1019 1055,1019 1029,1020 1004,1021 978,1022 952,1023 926,1024 900,1025 874,1025 848,1026 822,1026 796,1027 771,1027"/>
                <Baseline points="771,1047 796,1047 822,1046 848,1046 874,1045 900,1045 926,1044 952,1043 978,1042 1004,1041 1029,1040 1055,1039 1081,1039 1107,1038 1133,1037 1159,1037 1185,1037 1211,1037 1237,1037 1263,1037"/>
                <TextEquiv>
                    <Unicode>le volvieron sus estados,</Unicode>
                </TextEquiv>
            </TextLine>
            <TextLine id="r_2_1l20" custom="readingOrder {index:17;}">
                <Coords points="722,1098 752,1098 782,1099 813,1099 843,1099 873,1099 904,1098 934,1097 964,1097 995,1096 1025,1095 1055,1094 1086,1093 1116,1092 1146,1092 1177,1091 1207,1090 1237,1089 1268,1089 1298,1089 1329,1089 1329,1059 1298,1059 1268,1059 1237,1059 1207,1060 1177,1061 1146,1062 1116,1062 1086,1063 1055,1064 1025,1065 995,1066 964,1067 934,1067 904,1068 873,1069 843,1069 813,1069 782,1069 752,1068 722,1068"/>
                <Baseline points="722,1088 752,1088 782,1089 813,1089 843,1089 873,1089 904,1088 934,1087 964,1087 995,1086 1025,1085 1055,1084 1086,1083 1116,1082 1146,1082 1177,1081 1207,1080 1237,1079 1268,1079 1298,1079 1329,1079"/>
                <TextEquiv>
                    <Unicode>y todos los que habia: perdido.</Unicode>
                </TextEquiv>
            </TextLine>
            <TextLine id="line_1604939226659_157" custom="readingOrder {index:18;}">
                <Coords points="776,1098 1297,1098 1297,1131 776,1131"/>
                <TextEquiv>
                    <Unicode>Hicieron con él las paces,</Unicode>
                </TextEquiv>
            </TextLine>
            <TextLine id="r_2_1l21" custom="readingOrder {index:19;}">
                <Coords points="587,1190 618,1191 650,1191 681,1190 713,1190 744,1190 776,1189 807,1189 839,1188 870,1188 902,1187 933,1186 965,1185 996,1184 1028,1183 1059,1182 1091,1181 1122,1180 1154,1179 1186,1178 1186,1147 1154,1148 1122,1149 1091,1150 1059,1151 1028,1152 996,1153 965,1154 933,1155 902,1156 870,1157 839,1157 807,1158 776,1158 744,1159 713,1159 681,1159 650,1160 618,1160 587,1159"/>
                <Baseline points="587,1180 618,1181 650,1181 681,1180 713,1180 744,1180 776,1179 807,1179 839,1178 870,1178 902,1177 933,1176 965,1175 996,1174 1028,1173 1059,1172 1091,1171 1122,1170 1154,1169 1186,1168"/>
                <TextEquiv>
                    <Unicode>y el ejéncito lucido</Unicode>
                </TextEquiv>
            </TextLine>
            <TextLine id="line_1604939251050_168" custom="readingOrder {index:20;}">
                <Coords points="774,1232 1308,1232 1308,1185 774,1185"/>
                <TextEquiv>
                    <Unicode>al punto subió á los cielos,</Unicode>
                </TextEquiv>
            </TextLine>
            <TextLine id="r_2_1l23" custom="readingOrder {index:21;}">
                <Coords points="712,1279 745,1278 779,1277 812,1277 846,1276 879,1275 913,1274 946,1274 980,1273 1013,1272 1047,1271 1080,1271 1114,1270 1147,1269 1181,1268 1214,1266 1248,1265 1281,1264 1315,1262 1348,1260 1382,1258 1382,1228 1348,1230 1315,1232 1281,1234 1248,1235 1214,1236 1181,1238 1147,1239 1114,1240 1080,1241 1047,1241 1013,1242 980,1243 946,1244 913,1244 879,1245 846,1246 812,1247 779,1247 745,1248 712,1249"/>
                <Baseline points="712,1269 745,1268 779,1267 812,1267 846,1266 879,1265 913,1264 946,1264 980,1263 1013,1262 1047,1261 1080,1261 1114,1260 1147,1259 1181,1258 1214,1256 1248,1255 1281,1254 1315,1252 1348,1250 1382,1248"/>
                <TextEquiv>
                    <Unicode>y á los devotos les dijo:</Unicode>
                </TextEquiv>
            </TextLine>
            <TextLine id="r_2_1l24" custom="readingOrder {index:22;}">
                <Coords points="779,1319 805,1320 831,1320 857,1320 883,1320 910,1319 936,1319 962,1318 988,1318 1014,1317 1041,1316 1067,1315 1093,1314 1119,1314 1145,1313 1172,1312 1198,1312 1224,1311 1250,1311 1277,1311 1277,1281 1250,1281 1224,1281 1198,1282 1172,1282 1145,1283 1119,1284 1093,1284 1067,1285 1041,1286 1014,1287 988,1288 962,1288 936,1289 910,1289 883,1290 857,1290 831,1290 805,1290 779,1289"/>
                <Baseline points="779,1309 805,1310 831,1310 857,1310 883,1310 910,1309 936,1309 962,1308 988,1308 1014,1307 1041,1306 1067,1305 1093,1304 1119,1304 1145,1303 1172,1302 1198,1302 1224,1301 1250,1301 1277,1301"/>
                <TextEquiv>
                    <Unicode>vei que las ánimas libran</Unicode>
                </TextEquiv>
            </TextLine>
            <TextLine id="r_2_1l26" custom="readingOrder {index:23;}">
                <Coords points="776,1366 801,1366 826,1365 851,1364 876,1363 902,1363 927,1362 952,1362 977,1361 1002,1361 1028,1360 1053,1360 1078,1359 1103,1359 1128,1358 1154,1358 1179,1358 1204,1357 1229,1357 1255,1356 1255,1325 1229,1326 1204,1326 1179,1327 1154,1327 1128,1327 1103,1328 1078,1328 1053,1329 1028,1329 1002,1330 977,1330 952,1331 927,1331 902,1332 876,1332 851,1333 826,1334 801,1335 776,1335"/>
                <Baseline points="776,1356 801,1356 826,1355 851,1354 876,1353 902,1353 927,1352 952,1352 977,1351 1002,1351 1028,1350 1053,1350 1078,1349 1103,1349 1128,1348 1154,1348 1179,1348 1204,1347 1229,1347 1255,1346"/>
                <TextEquiv>
                    <Unicode>á los reyes de peligro; </Unicode>
                </TextEquiv>
            </TextLine>
            <TextLine id="r_2_1l27" custom="readingOrder {index:24;}">
                <Coords points="793,1409 818,1409 843,1408 868,1408 893,1407 918,1407 943,1406 968,1406 993,1405 1018,1405 1044,1404 1069,1403 1094,1403 1119,1402 1144,1402 1169,1402 1194,1401 1219,1401 1244,1401 1269,1400 1295,1400 1295,1369 1269,1369 1244,1370 1219,1370 1194,1370 1169,1371 1144,1371 1119,1371 1094,1372 1069,1372 1044,1373 1018,1374 993,1374 968,1375 943,1375 918,1376 893,1376 868,1377 843,1377 818,1378 793,1378"/>
                <Baseline points="793,1399 818,1399 843,1398 868,1398 893,1397 918,1397 943,1396 968,1396 993,1395 1018,1395 1044,1394 1069,1393 1094,1393 1119,1392 1144,1392 1169,1392 1194,1391 1219,1391 1244,1391 1269,1390 1295,1390"/>
                <TextEquiv>
                    <Unicode>y nos dicen ahora á todos, </Unicode>
                </TextEquiv>
            </TextLine>
            <TextLine id="r_2_1l28" custom="readingOrder {index:25;}">
                <Coords points="781,1455 806,1454 832,1453 857,1453 883,1452 908,1451 934,1450 960,1450 985,1449 1011,1449 1036,1448 1062,1447 1088,1447 1113,1446 1139,1446 1164,1445 1190,1445 1216,1444 1216,1413 1190,1414 1164,1414 1139,1415 1113,1415 1088,1416 1062,1416 1036,1417 1011,1418 985,1418 960,1419 934,1419 908,1420 883,1421 857,1422 832,1422 806,1423 781,1424"/>
                <Baseline points="781,1445 806,1444 832,1443 857,1443 883,1442 908,1441 934,1440 960,1440 985,1439 1011,1439 1036,1438 1062,1437 1088,1437 1113,1436 1139,1436 1164,1435 1190,1435 1216,1434"/>
                <TextEquiv>
                    <Unicode>devotos á vos pedimos</Unicode>
                </TextEquiv>
            </TextLine>
            <TextLine id="r_2_1l29" custom="readingOrder {index:26;}">
                <Coords points="791,1499 816,1498 842,1497 868,1496 893,1495 919,1495 945,1494 970,1493 996,1492 1022,1492 1048,1491 1073,1491 1099,1490 1125,1489 1150,1489 1176,1489 1202,1489 1228,1488 1228,1457 1202,1458 1176,1458 1150,1458 1125,1458 1099,1459 1073,1460 1048,1460 1022,1461 996,1461 970,1462 945,1463 919,1464 893,1464 868,1465 842,1466 816,1467 791,1468"/>
                <Baseline points="791,1489 816,1488 842,1487 868,1486 893,1485 919,1485 945,1484 970,1483 996,1482 1022,1482 1048,1481 1073,1481 1099,1480 1125,1479 1150,1479 1176,1479 1202,1479 1228,1478"/>
                <TextEquiv>
                    <Unicode>una misa ó un rosario</Unicode>
                </TextEquiv>
            </TextLine>
            <TextLine id="r_2_1l30" custom="readingOrder {index:27;}">
                <Coords points="786,1542 812,1541 838,1541 864,1540 890,1539 917,1538 943,1538 969,1537 995,1536 1022,1535 1048,1534 1074,1534 1100,1533 1127,1533 1153,1533 1179,1533 1205,1533 1232,1534 1232,1503 1205,1502 1179,1502 1153,1502 1127,1502 1100,1502 1074,1503 1048,1503 1022,1504 995,1505 969,1506 943,1507 917,1507 890,1508 864,1509 838,1510 812,1510 786,1511"/>
                <Baseline points="786,1532 812,1531 838,1531 864,1530 890,1529 917,1528 943,1528 969,1527 995,1526 1022,1525 1048,1524 1074,1524 1100,1523 1127,1523 1153,1523 1179,1523 1205,1523 1232,1524"/>
                <TextEquiv>
                    <Unicode>por amor de Jesucristo</Unicode>
                </TextEquiv>
            </TextLine>
            <TextLine id="r_2_1l31" custom="readingOrder {index:28;}">
                <Coords points="779,1589 804,1587 830,1586 855,1585 881,1584 907,1583 932,1582 958,1581 983,1580 1009,1580 1035,1579 1060,1579 1086,1579 1111,1579 1137,1579 1163,1578 1188,1579 1214,1579 1239,1579 1265,1579 1291,1579 1291,1548 1265,1548 1239,1548 1214,1548 1188,1548 1163,1547 1137,1548 1111,1548 1086,1548 1060,1548 1035,1548 1009,1549 983,1549 958,1550 932,1551 907,1552 881,1553 855,1554 830,1555 804,1556 779,1558"/>
                <Baseline points="779,1579 804,1577 830,1576 855,1575 881,1574 907,1573 932,1572 958,1571 983,1570 1009,1570 1035,1569 1060,1569 1086,1569 1111,1569 1137,1569 1163,1568 1188,1569 1214,1569 1239,1569 1265,1569 1291,1569"/>
                <TextEquiv>
                    <Unicode>andadnos una Via-Crucis, </Unicode>
                </TextEquiv>
            </TextLine>
            <TextLine id="r_2_1l32" custom="readingOrder {index:29;}">
                <Coords points="783,1632 808,1631 833,1630 858,1630 883,1629 908,1627 933,1627 958,1626 983,1625 1009,1624 1034,1623 1059,1623 1084,1622 1109,1622 1134,1622 1159,1622 1184,1622 1209,1622 1235,1623 1235,1592 1209,1591 1184,1591 1159,1591 1134,1591 1109,1591 1084,1591 1059,1592 1034,1592 1009,1593 983,1594 958,1595 933,1596 908,1596 883,1598 858,1599 833,1599 808,1600 783,1601"/>
                <Baseline points="783,1622 808,1621 833,1620 858,1620 883,1619 908,1617 933,1617 958,1616 983,1615 1009,1614 1034,1613 1059,1613 1084,1612 1109,1612 1134,1612 1159,1612 1184,1612 1209,1612 1235,1613"/>
                <TextEquiv>
                    <Unicode>en caridad encéndidos:</Unicode>
                </TextEquiv>
            </TextLine>
            <TextLine id="r_2_1l33" custom="readingOrder {index:30;}">
                <Coords points="787,1677 813,1676 840,1674 867,1673 893,1672 920,1671 947,1670 974,1670 1000,1669 1027,1669 1054,1668 1080,1668 1107,1668 1134,1667 1161,1666 1161,1635 1134,1636 1107,1637 1080,1637 1054,1637 1027,1638 1000,1638 974,1639 947,1639 920,1640 893,1641 867,1642 840,1643 813,1645 787,1646"/>
                <Baseline points="787,1667 813,1666 840,1664 867,1663 893,1662 920,1661 947,1660 974,1660 1000,1659 1027,1659 1054,1658 1080,1658 1107,1658 1134,1657 1161,1656"/>
                <TextEquiv>
                    <Unicode>aplicad un jubiléo,</Unicode>
                </TextEquiv>
            </TextLine>
            <TextLine id="r_2_1l34" custom="readingOrder {index:31;}">
                <Coords points="793,1722 818,1721 843,1719 868,1718 894,1717 919,1715 944,1714 969,1714 995,1712 1020,1712 1045,1711 1070,1711 1096,1710 1121,1710 1146,1710 1171,1710 1197,1710 1222,1710 1247,1711 1273,1711 1273,1681 1247,1681 1222,1680 1197,1680 1171,1680 1146,1680 1121,1680 1096,1680 1070,1681 1045,1681 1020,1682 995,1682 969,1684 944,1684 919,1685 894,1687 868,1688 843,1689 818,1691 793,1692"/>
                <Baseline points="793,1712 818,1711 843,1709 868,1708 894,1707 919,1705 944,1704 969,1704 995,1702 1020,1702 1045,1701 1070,1701 1096,1700 1121,1700 1146,1700 1171,1700 1197,1700 1222,1700 1247,1701 1273,1701"/>
                <TextEquiv>
                    <Unicode>y un virtuoso egercicio,</Unicode>
                </TextEquiv>
            </TextLine>
            <TextLine id="r_2_1l35" custom="readingOrder {index:32;}">
                <Coords points="787,1764 812,1763 838,1763 864,1762 890,1761 916,1760 942,1759 968,1758 994,1758 1019,1757 1045,1756 1071,1756 1097,1755 1123,1755 1149,1755 1175,1754 1201,1755 1227,1755 1227,1725 1201,1725 1175,1724 1149,1725 1123,1725 1097,1725 1071,1726 1045,1726 1019,1727 994,1728 968,1728 942,1729 916,1730 890,1731 864,1732 838,1733 812,1733 787,1734"/>
                <Baseline points="787,1754 812,1753 838,1753 864,1752 890,1751 916,1750 942,1749 968,1748 994,1748 1019,1747 1045,1746 1071,1746 1097,1745 1123,1745 1149,1745 1175,1744 1201,1745 1227,1745"/>
                <TextEquiv>
                    <Unicode>una bula por nosotras,</Unicode>
                </TextEquiv>
            </TextLine>
            <TextLine id="r_2_1l36" custom="readingOrder {index:33;}">
                <Coords points="795,1810 820,1808 846,1807 872,1806 898,1804 924,1803 950,1802 976,1801 1002,1801 1027,1800 1053,1800 1079,1799 1105,1799 1131,1798 1157,1797 1183,1797 1209,1796 1235,1795 1235,1765 1209,1766 1183,1767 1157,1767 1131,1768 1105,1769 1079,1769 1053,1770 1027,1770 1002,1771 976,1771 950,1772 924,1773 898,1774 872,1776 846,1777 820,1778 795,1780"/>
                <Baseline points="795,1800 820,1798 846,1797 872,1796 898,1794 924,1793 950,1792 976,1791 1002,1791 1027,1790 1053,1790 1079,1789 1105,1789 1131,1788 1157,1787 1183,1787 1209,1786 1235,1785"/>
                <TextEquiv>
                    <Unicode>y vereis como salimos</Unicode>
                </TextEquiv>
            </TextLine>
            <TextLine id="r_2_1l37" custom="readingOrder {index:34;}">
                <Coords points="796,1854 823,1852 851,1851 878,1850 906,1849 934,1847 961,1846 989,1846 1017,1845 1044,1844 1072,1844 1100,1843 1127,1843 1155,1843 1183,1842 1210,1842 1238,1842 1266,1842 1293,1841 1321,1841 1349,1841 1349,1811 1321,1811 1293,1811 1266,1812 1238,1812 1210,1812 1183,1812 1155,1813 1127,1813 1100,1813 1072,1814 1044,1814 1017,1815 989,1816 961,1816 934,1817 906,1819 878,1820 851,1821 823,1822 796,1824"/>
                <Baseline points="796,1844 823,1842 851,1841 878,1840 906,1839 934,1837 961,1836 989,1836 1017,1835 1044,1834 1072,1834 1100,1833 1127,1833 1155,1833 1183,1832 1210,1832 1238,1832 1266,1832 1293,1831 1321,1831 1349,1831"/>
                <TextEquiv>
                    <Unicode>de las penas en que estamos</Unicode>
                </TextEquiv>
            </TextLine>
            <TextLine id="r_2_1l38" custom="readingOrder {index:35;}">
                <Coords points="795,1899 821,1898 847,1895 874,1894 900,1893 926,1892 953,1890 979,1890 1006,1889 1032,1889 1058,1888 1085,1887 1111,1887 1137,1886 1164,1885 1190,1884 1217,1883 1217,1853 1190,1854 1164,1855 1137,1856 1111,1857 1085,1857 1058,1858 1032,1859 1006,1859 979,1860 953,1860 926,1862 900,1863 874,1864 847,1865 821,1868 795,1869"/>
                <Baseline points="795,1889 821,1888 847,1885 874,1884 900,1883 926,1882 953,1880 979,1880 1006,1879 1032,1879 1058,1878 1085,1877 1111,1877 1137,1876 1164,1875 1190,1874 1217,1873"/>
                <TextEquiv>
                    <Unicode>y rogaremos á Cristo</Unicode>
                </TextEquiv>
            </TextLine>
            <TextLine id="r_2_1l39" custom="readingOrder {index:36;}">
                <Coords points="804,1942 830,1940 857,1939 883,1938 910,1937 937,1936 963,1935 990,1934 1016,1934 1043,1933 1070,1933 1096,1932 1123,1932 1149,1931 1176,1931 1203,1931 1229,1930 1256,1930 1282,1929 1309,1929 1336,1928 1336,1897 1309,1898 1282,1898 1256,1899 1229,1899 1203,1900 1176,1900 1149,1900 1123,1901 1096,1901 1070,1902 1043,1902 1016,1903 990,1903 963,1904 937,1905 910,1906 883,1907 857,1908 830,1909 804,1911"/>
                <Baseline points="804,1932 830,1930 857,1929 883,1928 910,1927 937,1926 963,1925 990,1924 1016,1924 1043,1923 1070,1923 1096,1922 1123,1922 1149,1921 1176,1921 1203,1921 1229,1920 1256,1920 1282,1919 1309,1919 1336,1918"/>
                <TextEquiv>
                    <Unicode>que vayais á acompañarnos</Unicode>
                </TextEquiv>
            </TextLine>
            <TextLine id="r_2_1l40" custom="readingOrder {index:37;}">
                <Coords points="791,1984 818,1983 846,1983 874,1983 902,1982 930,1982 957,1981 985,1980 1013,1979 1041,1979 1069,1978 1096,1977 1124,1976 1152,1976 1180,1975 1208,1974 1235,1974 1263,1974 1291,1974 1319,1974 1347,1974 1347,1944 1319,1944 1291,1944 1263,1944 1235,1944 1208,1944 1180,1945 1152,1946 1124,1946 1096,1947 1069,1948 1041,1949 1013,1949 985,1950 957,1951 930,1952 902,1952 874,1953 846,1953 818,1953 791,1954"/>
                <Baseline points="791,1974 818,1973 846,1973 874,1973 902,1972 930,1972 957,1971 985,1970 1013,1969 1041,1969 1069,1968 1096,1967 1124,1966 1152,1966 1180,1965 1208,1964 1235,1964 1263,1964 1291,1964 1319,1964 1347,1964"/>
                <TextEquiv>
                    <Unicode>en su gloria, Cielo empíreo,</Unicode>
                </TextEquiv>
            </TextLine>
            <TextLine id="r_2_1l41" custom="readingOrder {index:38;}">
                <Coords points="802,2029 827,2028 853,2026 879,2025 905,2024 931,2024 956,2023 982,2022 1008,2022 1034,2021 1060,2021 1085,2020 1111,2020 1137,2020 1163,2019 1189,2019 1214,2018 1240,2018 1266,2017 1292,2017 1318,2016 1318,1986 1292,1987 1266,1987 1240,1988 1214,1988 1189,1989 1163,1989 1137,1990 1111,1990 1085,1990 1060,1991 1034,1991 1008,1992 982,1992 956,1993 931,1994 905,1994 879,1995 853,1996 827,1998 802,1999"/>
                <Baseline points="802,2019 827,2018 853,2016 879,2015 905,2014 931,2014 956,2013 982,2012 1008,2012 1034,2011 1060,2011 1085,2010 1111,2010 1137,2010 1163,2009 1189,2009 1214,2008 1240,2008 1266,2007 1292,2007 1318,2006"/>
                <TextEquiv>
                    <Unicode>donde requiescant in pace</Unicode>
                </TextEquiv>
            </TextLine>
            <TextLine id="r_2_1l42" custom="readingOrder {index:39;}">
                <Coords points="801,2073 827,2073 854,2072 881,2072 907,2071 934,2070 961,2070 987,2069 1014,2069 1041,2068 1068,2067 1094,2067 1121,2066 1148,2065 1174,2065 1201,2064 1228,2063 1254,2063 1281,2062 1308,2062 1335,2061 1335,2030 1308,2031 1281,2031 1254,2032 1228,2032 1201,2033 1174,2034 1148,2034 1121,2035 1094,2036 1068,2036 1041,2037 1014,2038 987,2038 961,2039 934,2039 907,2040 881,2041 854,2041 827,2042 801,2042"/>
                <Baseline points="801,2063 827,2063 854,2062 881,2062 907,2061 934,2060 961,2060 987,2059 1014,2059 1041,2058 1068,2057 1094,2057 1121,2056 1148,2055 1174,2055 1201,2054 1228,2053 1254,2053 1281,2052 1308,2052 1335,2051"/>
                <TextEquiv>
                    <Unicode>por los siglos de los siglos.</Unicode>
                </TextEquiv>
            </TextLine>
            <TextEquiv>
                <Unicode> Señor, diga usted á su rey, 
de parte de Dios venimos,
nosotros somos saldados
¿N de la milicia de Cristo;
que por nuestro Rey gozamos
la glória del Cielo empiréo.
Animas del Purgatorio
al descanso hemos subido
y y á nuestro rey los estados
los vuelva, sino decimos
que él y todo su reino1
Y luego será destruido
Le fué dada la noticia
 al otro rey enemigo,
 y viendo esta maravilla
 y este admirable prodigio
le volvieron sus estados,
y todos los que habia: perdido.
Hicieron con él las paces,
y el ejéncito lucido
al punto subió á los cielos,
y á los devotos les dijo:
vei que las ánimas libran
á los reyes de peligro; 
y nos dicen ahora á todos, 
devotos á vos pedimos
una misa ó un rosario
por amor de Jesucristo
andadnos una Via-Crucis, 
en caridad encéndidos:
aplicad un jubiléo,
y un virtuoso egercicio,
una bula por nosotras,
y vereis como salimos
de las penas en que estamos
y rogaremos á Cristo
que vayais á acompañarnos
en su gloria, Cielo empíreo,
donde requiescant in pace
por los siglos de los siglos.</Unicode>
            </TextEquiv>
        </TextRegion>
        <TextRegion orientation="0.0" type="paragraph" id="r_3_1" custom="readingOrder {index:2;}">
            <Coords points="691,2154 860,2154 860,2228 691,2228"/>
            <TextLine id="r_3_1l1" custom="readingOrder {index:0;}">
                <Coords points="696,2269 722,2268 748,2267 775,2266 801,2265 827,2265 854,2265 854,2115 827,2115 801,2115 775,2116 748,2117 722,2118 696,2119"/>
                <Baseline points="696,2219 722,2218 748,2217 775,2216 801,2215 827,2215 854,2215"/>
                <TextEquiv>
                    <Unicode>FIN.</Unicode>
                </TextEquiv>
            </TextLine>
            <TextEquiv>
                <Unicode>FIN.</Unicode>
            </TextEquiv>
        </TextRegion>
        <TextRegion orientation="0.0" type="paragraph" id="r_4_1" custom="readingOrder {index:3;}">
            <Coords points="103,2296 1449,2296 1449,2456 103,2456"/>
            <TextLine id="r_4_1l1" custom="readingOrder {index:0;}">
                <Coords points="563,2381 606,2379 650,2377 694,2374 738,2373 782,2372 826,2371 870,2371 914,2371 958,2370 1002,2370 1045,2370 1089,2369 1133,2369 1177,2368 1221,2367 1265,2366 1309,2363 1353,2361 1397,2358 1441,2355 1441,2318 1397,2321 1353,2324 1309,2326 1265,2329 1221,2330 1177,2331 1133,2332 1089,2332 1045,2333 1002,2333 958,2333 914,2334 870,2334 826,2334 782,2335 738,2336 694,2337 650,2340 606,2342 563,2344"/>
                <Baseline points="563,2369 606,2367 650,2365 694,2362 738,2361 782,2360 826,2359 870,2359 914,2359 958,2358 1002,2358 1045,2358 1089,2357 1133,2357 1177,2356 1221,2355 1265,2354 1309,2351 1353,2349 1397,2346 1441,2343"/>
                <TextEquiv>
                    <Unicode>CARMONA—1859.</Unicode>
                </TextEquiv>
            </TextLine>
            <TextLine id="r_4_1l2" custom="readingOrder {index:1;}">
                <Coords points="104,2447 171,2446 238,2444 305,2442 372,2440 439,2439 506,2437 573,2435 640,2433 707,2431 775,2429 842,2427 909,2425 976,2424 1043,2422 1110,2420 1177,2419 1244,2417 1311,2415 1378,2414 1446,2413 1446,2376 1378,2377 1311,2378 1244,2380 1177,2382 1110,2383 1043,2385 976,2387 909,2388 842,2390 775,2392 707,2394 640,2396 573,2398 506,2400 439,2402 372,2403 305,2405 238,2407 171,2409 104,2410"/>
                <Baseline points="104,2435 171,2434 238,2432 305,2430 372,2428 439,2427 506,2425 573,2423 640,2421 707,2419 775,2417 842,2415 909,2413 976,2412 1043,2410 1110,2408 1177,2407 1244,2405 1311,2403 1378,2402 1446,2401"/>
                <TextEquiv>
                    <Unicode>Imp de D. José María Moreno, calle Juan de laeCabra núm 4.</Unicode>
                </TextEquiv>
            </TextLine>
            <TextEquiv>
                <Unicode>CARMONA—1859.
Imp de D. José María Moreno, calle Juan de laeCabra núm 4.</Unicode>
            </TextEquiv>
        </TextRegion>
    </Page>
</PcGts>
