<?xml version="1.0" encoding="UTF-8" standalone="yes"?>
<PcGts xmlns="http://schema.primaresearch.org/PAGE/gts/pagecontent/2013-07-15" xmlns:xsi="http://www.w3.org/2001/XMLSchema-instance" xsi:schemaLocation="http://schema.primaresearch.org/PAGE/gts/pagecontent/2013-07-15 http://schema.primaresearch.org/PAGE/gts/pagecontent/2013-07-15/pagecontent.xsd">
    <Metadata>
        <Creator>prov=University of Rostock/Institute of Mathematics/CITlab|PLANET AI GmbH/Gundram Leifert/gundram.leifert@planet-ai.de:name=Pliegos de Cordel (XIXe) - v4(htr_id=27283)::::v=2.6.7
prov=University of Rostock/Institute of Mathematics/CITlab|PLANET AI GmbH/Tobias Gruening/tobias.gruening@planet-ai.de:name=de.uros.citlab.module.baseline2polygon.B2PSeamMultiOriented:v=2.6.7
prov=University of Rostock/Institute of Mathematics/CITlab|PLANET AI GmbH/Tobias Gruening/tobias.gruening@planet-ai.de:name=/net_tf/LA73_249_0mod360.pb:de.uros.citlab.segmentation.CITlab_LA_ML:v=2.6.7
Transkribus</Creator>
        <Created>2020-12-01T16:28:04.429+01:00</Created>
        <LastChange>2020-12-14T17:22:05.165+01:00</LastChange>
        <Comments>
                Measurement unit: pixel
                PrimaryLanguage: 
                Producer: Transkribus
            </Comments>
        <TranskribusMetadata docId="525386" pageId="22318592" pageNr="122" tsid="50308524" status="DONE" userId="66244" imgUrl="https://files.transkribus.eu/Get?id=NRINMCRGMFIMYOYXTRRAJSUX&amp;fileType=view" xmlUrl="https://files.transkribus.eu/Get?id=ZTRAKZGWSVWUYRQAWCGJZNOQ" imageId="17388107"/>
    </Metadata>
    <Page imageFilename="Moreno_199_6.jpg" imageWidth="1765" imageHeight="2512">
        <PrintSpace>
            <Coords points="0,0 1765,0 1765,2512 0,2512"/>
        </PrintSpace>
        <ReadingOrder>
            <OrderedGroup id="ro_1607963864650" caption="Regions reading order">
                <RegionRefIndexed index="0" regionRef="r_1_1"/>
                <RegionRefIndexed index="1" regionRef="r_2_1"/>
            </OrderedGroup>
        </ReadingOrder>
        <TextRegion orientation="0.0" type="paragraph" id="r_1_1" custom="readingOrder {index:0;}">
            <Coords points="200,195 911,195 911,2123 200,2123"/>
            <TextLine id="line_1607962913367_1182" custom="readingOrder {index:0;}">
                <Coords points="296,239 333,239 333,192 296,192"/>
                <TextEquiv>
                    <Unicode>6</Unicode>
                </TextEquiv>
            </TextLine>
            <TextLine id="r_1_1l1" custom="readingOrder {index:1;}">
                <Coords points="214,276 239,277 264,278 289,279 314,279 339,280 364,280 390,281 415,281 440,281 465,281 490,282 515,282 541,282 566,282 591,282 616,282 641,282 666,283 692,283 692,253 666,253 641,252 616,252 591,252 566,252 541,252 515,252 490,252 465,251 440,251 415,251 390,251 364,250 339,250 314,249 289,249 264,248 239,247 214,246"/>
                <Baseline points="214,266 239,267 264,268 289,269 314,269 339,270 364,270 390,271 415,271 440,271 465,271 490,272 515,272 541,272 566,272 591,272 616,272 641,272 666,273 692,273"/>
                <TextEquiv>
                    <Unicode>Paj. Ahera estare lueido </Unicode>
                </TextEquiv>
            </TextLine>
            <TextLine id="r_1_1l2" custom="readingOrder {index:2;}">
                <Coords points="251,319 276,319 301,319 326,319 351,320 376,320 401,320 426,321 451,321 476,321 501,322 526,322 551,322 576,322 601,323 626,323 651,323 676,324 701,324 726,324 752,325 752,295 726,294 701,294 676,294 651,293 626,293 601,293 576,292 551,292 526,292 501,292 476,291 451,291 426,291 401,290 376,290 351,290 326,289 301,289 276,289 251,289"/>
                <Baseline points="251,309 276,309 301,309 326,309 351,310 376,310 401,310 426,311 451,311 476,311 501,312 526,312 551,312 576,312 601,313 626,313 651,313 676,314 701,314 726,314 752,315"/>
                <TextEquiv>
                    <Unicode>que sin obligacion quedo.</Unicode>
                </TextEquiv>
            </TextLine>
            <TextLine id="r_1_1l3" custom="readingOrder {index:3;}">
                <Coords points="209,358 240,358 271,358 302,359 334,359 365,360 396,360 428,360 459,360 490,361 522,361 553,361 584,362 615,362 647,362 678,363 709,363 741,363 772,363 803,364 835,364 835,334 803,334 772,333 741,333 709,333 678,333 647,332 615,332 584,332 553,331 522,331 490,331 459,330 428,330 396,330 365,330 334,329 302,329 271,328 240,328 209,328"/>
                <Baseline points="209,348 240,348 271,348 302,349 334,349 365,350 396,350 428,350 459,350 490,351 522,351 553,351 584,352 615,352 647,352 678,353 709,353 741,353 772,353 803,354 835,354"/>
                <TextEquiv>
                    <Unicode>Anac. Marcha donde yo te mando</Unicode>
                </TextEquiv>
            </TextLine>
            <TextLine id="r_1_1l4" custom="readingOrder {index:4;}">
                <Coords points="249,400 274,399 300,399 325,399 351,399 377,399 402,399 428,399 454,399 479,400 505,400 531,400 556,401 582,401 608,401 633,402 659,402 685,401 685,371 659,372 633,372 608,371 582,371 556,371 531,370 505,370 479,370 454,369 428,369 402,369 377,369 351,369 325,369 300,369 274,369 249,370"/>
                <Baseline points="249,390 274,389 300,389 325,389 351,389 377,389 402,389 428,389 454,389 479,390 505,390 531,390 556,391 582,391 608,391 633,392 659,392 685,391"/>
                <TextEquiv>
                    <Unicode>y dile que venga luego.</Unicode>
                </TextEquiv>
            </TextLine>
            <TextLine id="r_1_1l5" custom="readingOrder {index:5;}">
                <Coords points="216,437 249,438 283,439 316,439 350,440 384,440 417,440 451,440 485,441 518,441 552,441 586,441 619,441 653,442 687,442 720,442 754,443 788,443 821,444 855,445 889,446 889,416 855,415 821,414 788,413 754,413 720,412 687,412 653,412 619,411 586,411 552,411 518,411 485,411 451,410 417,410 384,410 350,410 316,409 283,409 249,408 216,407"/>
                <Baseline points="216,427 249,428 283,429 316,429 350,430 384,430 417,430 451,430 485,431 518,431 552,431 586,431 619,431 653,432 687,432 720,432 754,433 788,433 821,434 855,435 889,436"/>
                <TextEquiv>
                    <Unicode>Paj. Si que iré, porque me importa ap.</Unicode>
                </TextEquiv>
            </TextLine>
            <TextLine id="r_1_1l6" custom="readingOrder {index:6;}">
                <Coords points="246,481 272,481 298,480 325,480 351,479 377,479 404,479 430,478 456,478 483,478 509,478 535,478 562,479 588,479 614,480 641,480 667,481 693,482 720,484 720,454 693,452 667,451 641,450 614,450 588,449 562,449 535,448 509,448 483,448 456,448 430,448 404,449 377,449 351,449 325,450 298,450 272,451 246,451"/>
                <Baseline points="246,471 272,471 298,470 325,470 351,469 377,469 404,469 430,468 456,468 483,468 509,468 535,468 562,469 588,469 614,470 641,470 667,471 693,472 720,474"/>
                <TextEquiv>
                    <Unicode>para lograrse mi intento,</Unicode>
                </TextEquiv>
            </TextLine>
            <TextLine id="r_1_1l7" custom="readingOrder {index:7;}">
                <Coords points="255,520 283,519 311,519 339,519 367,519 395,518 423,518 452,518 480,518 508,518 536,519 564,519 592,519 620,519 649,520 677,521 705,521 733,522 761,523 789,525 818,525 818,495 789,495 761,493 733,492 705,491 677,491 649,490 620,489 592,489 564,489 536,489 508,488 480,488 452,488 423,488 395,488 367,489 339,489 311,489 283,489 255,490"/>
                <Baseline points="255,510 283,509 311,509 339,509 367,509 395,508 423,508 452,508 480,508 508,508 536,509 564,509 592,509 620,509 649,510 677,511 705,511 733,512 761,513 789,515 818,515"/>
                <TextEquiv>
                    <Unicode>mas ya ve V. que es de noche</Unicode>
                </TextEquiv>
            </TextLine>
            <TextLine id="r_1_1l8" custom="readingOrder {index:8;}">
                <Coords points="246,559 271,559 297,559 323,559 348,559 374,559 400,558 425,558 451,558 477,558 502,558 528,558 554,558 579,558 605,559 631,560 656,561 682,562 708,564 734,565 734,535 708,534 682,532 656,531 631,530 605,529 579,528 554,528 528,528 502,528 477,528 451,528 425,528 400,528 374,529 348,529 323,529 297,529 271,529 246,529"/>
                <Baseline points="246,549 271,549 297,549 323,549 348,549 374,549 400,548 425,548 451,548 477,548 502,548 528,548 554,548 579,548 605,549 631,550 656,551 682,552 708,554 734,555"/>
                <TextEquiv>
                    <Unicode>y que hace mucho fresco,</Unicode>
                </TextEquiv>
            </TextLine>
            <TextLine id="r_1_1l9" custom="readingOrder {index:9;}">
                <Coords points="251,602 276,602 301,601 327,600 352,599 377,599 403,599 428,598 453,598 479,598 504,599 529,599 555,599 580,600 605,602 631,603 631,573 605,572 580,570 555,569 529,569 504,569 479,568 453,568 428,568 403,569 377,569 352,569 327,570 301,571 276,572 251,572"/>
                <Baseline points="251,592 276,592 301,591 327,590 352,589 377,589 403,589 428,588 453,588 479,588 504,589 529,589 555,589 580,590 605,592 631,593"/>
                <TextEquiv>
                    <Unicode>y me puedo refriar;</Unicode>
                </TextEquiv>
            </TextLine>
            <TextLine id="r_1_1l10" custom="readingOrder {index:10;}">
                <Coords points="254,637 280,637 306,638 333,638 359,638 386,638 412,638 439,639 465,639 491,639 518,639 544,639 571,640 597,640 624,640 650,640 677,640 677,610 650,610 624,610 597,610 571,610 544,609 518,609 491,609 465,609 439,609 412,608 386,608 359,608 333,608 306,608 280,607 254,607"/>
                <Baseline points="254,627 280,627 306,628 333,628 359,628 386,628 412,628 439,629 465,629 491,629 518,629 544,629 571,630 597,630 624,630 650,630 677,630"/>
                <TextEquiv>
                    <Unicode>déjeme poner primero</Unicode>
                </TextEquiv>
            </TextLine>
            <TextLine id="r_1_1l11" custom="readingOrder {index:11;}">
                <Coords points="249,678 275,677 301,677 327,677 354,677 380,677 406,677 433,677 459,678 485,679 512,679 538,680 564,680 590,681 617,682 643,682 669,683 696,683 722,683 748,683 775,684 775,654 748,653 722,653 696,653 669,653 643,652 617,652 590,651 564,650 538,650 512,649 485,649 459,648 433,647 406,647 380,647 354,647 327,647 301,647 275,647 249,648"/>
                <Baseline points="249,668 275,667 301,667 327,667 354,667 380,667 406,667 433,667 459,668 485,669 512,669 538,670 564,670 590,671 617,672 643,672 669,673 696,673 722,673 748,673 775,674"/>
                <TextEquiv>
                    <Unicode>dos ó tres gorros, que aquí</Unicode>
                </TextEquiv>
            </TextLine>
            <TextLine id="r_1_1l12" custom="readingOrder {index:12;}">
                <Coords points="250,717 275,718 301,718 327,718 353,718 378,719 404,719 430,719 456,719 482,719 507,719 533,719 559,719 585,720 611,720 636,721 662,721 688,722 714,723 740,724 740,694 714,693 688,692 662,691 636,691 611,690 585,690 559,689 533,689 507,689 482,689 456,689 430,689 404,689 378,689 353,688 327,688 301,688 275,688 250,687"/>
                <Baseline points="250,707 275,708 301,708 327,708 353,708 378,709 404,709 430,709 456,709 482,709 507,709 533,709 559,709 585,710 611,710 636,711 662,711 688,712 714,713 740,714"/>
                <TextEquiv>
                    <Unicode>en las faldriqueras tengo.</Unicode>
                </TextEquiv>
            </TextLine>
            <TextLine id="r_1_1l13" custom="readingOrder {index:13;}">
                <Coords points="205,795 239,796 274,796 309,797 344,797 378,798 413,798 448,798 483,799 517,799 552,799 587,799 622,800 656,800 691,800 726,801 761,801 795,802 830,802 865,803 900,803 900,773 865,773 830,772 795,772 761,771 726,771 691,770 656,770 622,770 587,769 552,769 517,769 483,769 448,768 413,768 378,768 344,767 309,767 274,766 239,766 205,765"/>
                <Baseline points="205,785 239,786 274,786 309,787 344,787 378,788 413,788 448,788 483,789 517,789 552,789 587,789 622,790 656,790 691,790 726,791 761,791 795,792 830,792 865,793 900,793"/>
                <TextEquiv>
                    <Unicode>Saca de las. faldriqueras los gorros</Unicode>
                </TextEquiv>
            </TextLine>
            <TextLine id="r_1_1l14" custom="readingOrder {index:14;}">
                <Coords points="291,843 317,841 344,840 371,840 397,839 424,839 451,839 477,839 504,839 531,839 558,840 584,840 611,840 638,841 664,841 691,842 718,842 744,842 771,842 798,842 825,841 825,811 798,812 771,812 744,812 718,812 691,812 664,811 638,811 611,810 584,810 558,810 531,809 504,809 477,809 451,809 424,809 397,809 371,810 344,810 317,811 291,813"/>
                <Baseline points="291,833 317,831 344,830 371,830 397,829 424,829 451,829 477,829 504,829 531,829 558,830 584,830 611,830 638,831 664,831 691,832 718,832 744,832 771,832 798,832 825,831"/>
                <TextEquiv>
                    <Unicode>que pueda y se los va poniendo</Unicode>
                </TextEquiv>
            </TextLine>
            <TextLine id="r_1_1l15" custom="readingOrder {index:15;}">
                <Coords points="203,914 233,915 263,916 294,916 324,917 355,917 385,917 415,917 446,917 476,918 507,918 537,918 567,918 598,918 628,918 659,919 689,919 719,920 750,920 780,921 811,922 811,892 780,891 750,890 719,890 689,889 659,889 628,888 598,888 567,888 537,888 507,888 476,888 446,887 415,887 385,887 355,887 324,887 294,886 263,886 233,885 203,884"/>
                <Baseline points="203,904 233,905 263,906 294,906 324,907 355,907 385,907 415,907 446,907 476,908 507,908 537,908 567,908 598,908 628,908 659,909 689,909 719,910 750,910 780,911 811,912"/>
                <TextEquiv>
                    <Unicode>Agac. Despacha pronto pelmazo.</Unicode>
                </TextEquiv>
            </TextLine>
            <TextLine id="r_1_1l16" custom="readingOrder {index:16;}">
                <Coords points="210,956 235,956 261,957 286,957 312,957 337,958 363,958 388,958 414,958 439,957 465,957 490,957 516,957 541,957 567,958 592,958 618,958 643,958 669,959 694,960 720,961 720,931 694,930 669,929 643,928 618,928 592,928 567,928 541,927 516,927 490,927 465,927 439,927 414,928 388,928 363,928 337,928 312,927 286,927 261,927 235,926 210,926"/>
                <Baseline points="210,946 235,946 261,947 286,947 312,947 337,948 363,948 388,948 414,948 439,947 465,947 490,947 516,947 541,947 567,948 592,948 618,948 643,948 669,949 694,950 720,951"/>
                <TextEquiv>
                    <Unicode>Poj. Es Vm. vivo de genio,</Unicode>
                </TextEquiv>
            </TextLine>
            <TextLine id="r_1_1l17" custom="readingOrder {index:17;}">
                <Coords points="248,995 274,995 300,996 326,996 352,996 378,997 404,997 430,997 456,997 483,997 509,997 535,997 561,998 587,998 613,999 639,999 665,1000 692,1001 692,971 665,970 639,969 613,969 587,968 561,968 535,967 509,967 483,967 456,967 430,967 404,967 378,967 352,966 326,966 300,966 274,965 248,965"/>
                <Baseline points="248,985 274,985 300,986 326,986 352,986 378,987 404,987 430,987 456,987 483,987 509,987 535,987 561,988 587,988 613,989 639,989 665,990 692,991"/>
                <TextEquiv>
                    <Unicode>no vé que sino me tapo</Unicode>
                </TextEquiv>
            </TextLine>
            <TextLine id="r_1_1l18" custom="readingOrder {index:18;}">
                <Coords points="250,1034 275,1035 301,1035 326,1035 352,1035 377,1035 403,1036 428,1036 454,1036 479,1036 505,1037 530,1037 556,1037 581,1037 607,1037 632,1038 658,1038 683,1038 709,1038 734,1038 760,1039 760,1009 734,1008 709,1008 683,1008 658,1008 632,1008 607,1007 581,1007 556,1007 530,1007 505,1007 479,1006 454,1006 428,1006 403,1006 377,1005 352,1005 326,1005 301,1005 275,1005 250,1004"/>
                <Baseline points="250,1024 275,1025 301,1025 326,1025 352,1025 377,1025 403,1026 428,1026 454,1026 479,1026 505,1027 530,1027 556,1027 581,1027 607,1027 632,1028 658,1028 683,1028 709,1028 734,1028 760,1029"/>
                <TextEquiv>
                    <Unicode>ne incomodará el sereno..</Unicode>
                </TextEquiv>
            </TextLine>
            <TextLine id="r_1_1l19" custom="readingOrder {index:19;}">
                <Coords points="216,1074 248,1075 280,1075 312,1076 344,1076 376,1076 408,1076 440,1076 472,1077 504,1077 536,1077 568,1077 600,1077 632,1078 664,1078 696,1078 728,1079 760,1080 792,1080 824,1082 856,1083 856,1053 824,1052 792,1050 760,1050 728,1049 696,1048 664,1048 632,1048 600,1047 568,1047 536,1047 504,1047 472,1047 440,1046 408,1046 376,1046 344,1046 312,1046 280,1045 248,1045 216,1044"/>
                <Baseline points="216,1064 248,1065 280,1065 312,1066 344,1066 376,1066 408,1066 440,1066 472,1067 504,1067 536,1067 568,1067 600,1067 632,1068 664,1068 696,1068 728,1069 760,1070 792,1070 824,1072 856,1073"/>
                <TextEquiv>
                    <Unicode>Anac. Se habrá visto tal paciencia,</Unicode>
                </TextEquiv>
            </TextLine>
            <TextLine id="r_1_1l20" custom="readingOrder {index:20;}">
                <Coords points="246,1117 271,1116 297,1116 322,1115 348,1115 373,1115 399,1115 424,1115 450,1115 475,1115 501,1116 526,1117 552,1117 577,1118 603,1118 628,1119 654,1119 654,1089 628,1089 603,1088 577,1088 552,1087 526,1087 501,1086 475,1085 450,1085 424,1085 399,1085 373,1085 348,1085 322,1085 297,1086 271,1086 246,1087"/>
                <Baseline points="246,1107 271,1106 297,1106 322,1105 348,1105 373,1105 399,1105 424,1105 450,1105 475,1105 501,1106 526,1107 552,1107 577,1108 603,1108 628,1109 654,1109"/>
                <TextEquiv>
                    <Unicode>yo de cólera reviento.</Unicode>
                </TextEquiv>
            </TextLine>
            <TextLine id="r_1_1l21" custom="readingOrder {index:21;}">
                <Coords points="208,1153 239,1154 271,1154 303,1155 334,1155 366,1156 398,1156 429,1156 461,1157 493,1157 525,1158 556,1158 588,1158 620,1158 651,1159 683,1159 715,1159 746,1160 778,1160 810,1160 842,1160 842,1130 810,1130 778,1130 746,1130 715,1129 683,1129 651,1129 620,1128 588,1128 556,1128 525,1128 493,1127 461,1127 429,1126 398,1126 366,1126 334,1125 303,1125 271,1124 239,1124 208,1123"/>
                <Baseline points="208,1143 239,1144 271,1144 303,1145 334,1145 366,1146 398,1146 429,1146 461,1147 493,1147 525,1148 556,1148 588,1148 620,1148 651,1149 683,1149 715,1149 746,1150 778,1150 810,1150 842,1150"/>
                <TextEquiv>
                    <Unicode>Paj Mire Vm. de aquesta suerte</Unicode>
                </TextEquiv>
            </TextLine>
            <TextLine id="r_1_1l22" custom="readingOrder {index:22;}">
                <Coords points="252,1195 277,1196 303,1196 329,1196 355,1196 381,1196 407,1196 433,1196 459,1196 485,1196 510,1196 536,1196 562,1196 588,1197 614,1197 640,1198 666,1199 692,1201 718,1202 718,1172 692,1171 666,1169 640,1168 614,1167 588,1167 562,1166 536,1166 510,1166 485,1166 459,1166 433,1166 407,1166 381,1166 355,1166 329,1166 303,1166 277,1166 252,1165"/>
                <Baseline points="252,1185 277,1186 303,1186 329,1186 355,1186 381,1186 407,1186 433,1186 459,1186 485,1186 510,1186 536,1186 562,1186 588,1187 614,1187 640,1188 666,1189 692,1191 718,1192"/>
                <TextEquiv>
                    <Unicode>se tapa bien el cerebro.</Unicode>
                </TextEquiv>
            </TextLine>
            <TextLine id="r_1_1l23" custom="readingOrder {index:23;}">
                <Coords points="209,1235 240,1235 271,1235 303,1236 334,1236 366,1236 397,1236 429,1236 460,1237 492,1237 523,1237 554,1237 586,1237 617,1237 649,1237 680,1238 712,1238 743,1238 775,1239 806,1240 838,1241 838,1211 806,1210 775,1209 743,1208 712,1208 680,1208 649,1207 617,1207 586,1207 554,1207 523,1207 492,1207 460,1207 429,1206 397,1206 366,1206 334,1206 303,1206 271,1205 240,1205 209,1205"/>
                <Baseline points="209,1225 240,1225 271,1225 303,1226 334,1226 366,1226 397,1226 429,1226 460,1227 492,1227 523,1227 554,1227 586,1227 617,1227 649,1227 680,1228 712,1228 743,1228 775,1229 806,1230 838,1231"/>
                <TextEquiv>
                    <Unicode>Anac. Pícaro, marcha al instante.</Unicode>
                </TextEquiv>
            </TextLine>
            <TextLine id="r_1_1l24" custom="readingOrder {index:24;}">
                <Coords points="417,1274 442,1275 467,1276 492,1276 517,1276 542,1276 568,1276 593,1276 618,1276 643,1276 668,1277 694,1279 694,1249 668,1247 643,1246 618,1246 593,1246 568,1246 542,1246 517,1246 492,1246 467,1246 442,1245 417,1244"/>
                <Baseline points="417,1264 442,1265 467,1266 492,1266 517,1266 542,1266 568,1266 593,1266 618,1266 643,1266 668,1267 694,1269"/>
                <TextEquiv>
                    <Unicode>Sale Sinforosa.</Unicode>
                </TextEquiv>
            </TextLine>
            <TextLine id="r_1_1l25" custom="readingOrder {index:25;}">
                <Coords points="205,1312 234,1313 263,1313 293,1314 322,1315 352,1315 381,1315 411,1316 440,1316 470,1316 499,1316 528,1316 558,1316 587,1316 617,1317 646,1317 676,1317 705,1317 735,1317 764,1318 794,1318 794,1288 764,1288 735,1287 705,1287 676,1287 646,1287 617,1287 587,1286 558,1286 528,1286 499,1286 470,1286 440,1286 411,1286 381,1285 352,1285 322,1285 293,1284 263,1283 234,1283 205,1282"/>
                <Baseline points="205,1302 234,1303 263,1303 293,1304 322,1305 352,1305 381,1305 411,1306 440,1306 470,1306 499,1306 528,1306 558,1306 587,1306 617,1307 646,1307 676,1307 705,1307 735,1307 764,1308 794,1308"/>
                <TextEquiv>
                    <Unicode>Sinf. Padre mio què es aquesto?</Unicode>
                </TextEquiv>
            </TextLine>
            <TextLine id="r_1_1l26" custom="readingOrder {index:26;}">
                <Coords points="212,1354 239,1354 266,1355 293,1355 321,1355 348,1355 375,1355 403,1355 430,1355 457,1355 485,1355 512,1356 539,1356 567,1356 594,1356 621,1356 649,1356 676,1357 703,1357 731,1358 731,1328 703,1327 676,1327 649,1326 621,1326 594,1326 567,1326 539,1326 512,1326 485,1325 457,1325 430,1325 403,1325 375,1325 348,1325 321,1325 293,1325 266,1325 239,1324 212,1324"/>
                <Baseline points="212,1344 239,1344 266,1345 293,1345 321,1345 348,1345 375,1345 403,1345 430,1345 457,1345 485,1345 512,1346 539,1346 567,1346 594,1346 621,1346 649,1346 676,1347 703,1347 731,1348"/>
                <TextEquiv>
                    <Unicode>Anac. Este fantasma de Paje</Unicode>
                </TextEquiv>
            </TextLine>
            <TextLine id="r_1_1l27" custom="readingOrder {index:27;}">
                <Coords points="252,1395 277,1395 303,1395 329,1396 354,1396 380,1396 406,1396 431,1396 457,1396 483,1396 508,1395 534,1395 560,1395 585,1395 611,1395 637,1395 662,1396 688,1396 714,1396 740,1397 740,1367 714,1366 688,1366 662,1366 637,1365 611,1365 585,1365 560,1365 534,1365 508,1365 483,1366 457,1366 431,1366 406,1366 380,1366 354,1366 329,1366 303,1365 277,1365 252,1365"/>
                <Baseline points="252,1385 277,1385 303,1385 329,1386 354,1386 380,1386 406,1386 431,1386 457,1386 483,1386 508,1385 534,1385 560,1385 585,1385 611,1385 637,1385 662,1386 688,1386 714,1386 740,1387"/>
                <TextEquiv>
                    <Unicode>que quiero vaya corriendo</Unicode>
                </TextEquiv>
            </TextLine>
            <TextLine id="r_1_1l28" custom="readingOrder {index:28;}">
                <Coords points="247,1434 274,1434 301,1435 328,1435 355,1435 383,1435 410,1436 437,1436 464,1436 491,1436 519,1436 546,1436 573,1436 600,1436 627,1436 655,1436 682,1437 709,1437 736,1437 763,1438 791,1438 791,1408 763,1408 736,1407 709,1407 682,1407 655,1406 627,1406 600,1406 573,1406 546,1406 519,1406 491,1406 464,1406 437,1406 410,1406 383,1405 355,1405 328,1405 301,1405 274,1404 247,1404"/>
                <Baseline points="247,1424 274,1424 301,1425 328,1425 355,1425 383,1425 410,1426 437,1426 464,1426 491,1426 519,1426 546,1426 573,1426 600,1426 627,1426 655,1426 682,1427 709,1427 736,1427 763,1428 791,1428"/>
                <TextEquiv>
                    <Unicode>á un recado, que me importa</Unicode>
                </TextEquiv>
            </TextLine>
            <TextLine id="r_1_1l29" custom="readingOrder {index:29;}">
                <Coords points="253,1474 278,1474 304,1475 330,1475 355,1476 381,1476 407,1476 433,1476 458,1476 484,1476 510,1475 536,1475 561,1475 587,1475 613,1476 639,1476 664,1476 690,1477 716,1478 742,1479 742,1449 716,1448 690,1447 664,1446 639,1446 613,1446 587,1445 561,1445 536,1445 510,1445 484,1446 458,1446 433,1446 407,1446 381,1446 355,1446 330,1445 304,1445 278,1444 253,1444"/>
                <Baseline points="253,1464 278,1464 304,1465 330,1465 355,1466 381,1466 407,1466 433,1466 458,1466 484,1466 510,1465 536,1465 561,1465 587,1465 613,1466 639,1466 664,1466 690,1467 716,1468 742,1469"/>
                <TextEquiv>
                    <Unicode>para hacer tu casamiento,</Unicode>
                </TextEquiv>
            </TextLine>
            <TextLine id="r_1_1l30" custom="readingOrder {index:30;}">
                <Coords points="251,1515 277,1515 303,1515 329,1515 356,1515 382,1515 408,1515 435,1515 461,1515 487,1516 514,1516 540,1516 566,1516 592,1516 619,1517 645,1517 671,1517 698,1517 724,1517 750,1518 777,1518 777,1488 750,1488 724,1487 698,1487 671,1487 645,1487 619,1487 592,1486 566,1486 540,1486 514,1486 487,1486 461,1485 435,1485 408,1485 382,1485 356,1485 329,1485 303,1485 277,1485 251,1485"/>
                <Baseline points="251,1505 277,1505 303,1505 329,1505 356,1505 382,1505 408,1505 435,1505 461,1505 487,1506 514,1506 540,1506 566,1506 592,1506 619,1507 645,1507 671,1507 698,1507 724,1507 750,1508 777,1508"/>
                <TextEquiv>
                    <Unicode>le digo que ha de ser pronto</Unicode>
                </TextEquiv>
            </TextLine>
            <TextLine id="r_1_1l31" custom="readingOrder {index:31;}">
                <Coords points="253,1552 278,1553 304,1554 329,1554 355,1555 380,1555 406,1555 431,1555 457,1555 482,1555 508,1555 533,1555 559,1555 584,1555 610,1555 635,1556 661,1556 686,1557 712,1558 738,1559 738,1529 712,1528 686,1527 661,1526 635,1526 610,1525 584,1525 559,1525 533,1525 508,1525 482,1525 457,1525 431,1525 406,1525 380,1525 355,1525 329,1524 304,1524 278,1523 253,1522"/>
                <Baseline points="253,1542 278,1543 304,1544 329,1544 355,1545 380,1545 406,1545 431,1545 457,1545 482,1545 508,1545 533,1545 559,1545 584,1545 610,1545 635,1546 661,1546 686,1547 712,1548 738,1549"/>
                <TextEquiv>
                    <Unicode>y se me está entreteniendo.</Unicode>
                </TextEquiv>
            </TextLine>
            <TextLine id="r_1_1l32" custom="readingOrder {index:32;}">
                <Coords points="211,1592 240,1593 269,1593 298,1593 327,1594 356,1594 385,1594 415,1595 444,1595 473,1595 502,1595 531,1595 560,1596 589,1596 619,1596 648,1596 677,1597 706,1597 735,1597 764,1598 794,1598 794,1568 764,1568 735,1567 706,1567 677,1567 648,1566 619,1566 589,1566 560,1566 531,1565 502,1565 473,1565 444,1565 415,1565 385,1564 356,1564 327,1564 298,1563 269,1563 240,1563 211,1562"/>
                <Baseline points="211,1582 240,1583 269,1583 298,1583 327,1584 356,1584 385,1584 415,1585 444,1585 473,1585 502,1585 531,1585 560,1586 589,1586 619,1586 648,1586 677,1587 706,1587 735,1587 764,1588 794,1588"/>
                <TextEquiv>
                    <Unicode>Sinf. A mi casamiento importa?</Unicode>
                </TextEquiv>
            </TextLine>
            <TextLine id="r_1_1l33" custom="readingOrder {index:33;}">
                <Coords points="218,1631 245,1633 272,1634 299,1634 326,1634 353,1634 380,1634 407,1633 434,1634 461,1634 488,1635 516,1637 516,1607 488,1605 461,1604 434,1604 407,1603 380,1604 353,1604 326,1604 299,1604 272,1604 245,1603 218,1601"/>
                <Baseline points="218,1621 245,1623 272,1624 299,1624 326,1624 353,1624 380,1624 407,1623 434,1624 461,1624 488,1625 516,1627"/>
                <TextEquiv>
                    <Unicode>Anac. Y mucho.</Unicode>
                </TextEquiv>
            </TextLine>
            <TextLine id="r_1_1l34" custom="readingOrder {index:34;}">
                <Coords points="205,1671 230,1671 255,1672 280,1673 305,1674 330,1674 356,1674 381,1674 406,1675 431,1675 456,1675 481,1675 507,1675 532,1675 557,1676 582,1676 607,1676 632,1677 658,1678 658,1648 632,1647 607,1646 582,1646 557,1646 532,1645 507,1645 481,1645 456,1645 431,1645 406,1645 381,1644 356,1644 330,1644 305,1644 280,1643 255,1642 230,1641 205,1641"/>
                <Baseline points="205,1661 230,1661 255,1662 280,1663 305,1664 330,1664 356,1664 381,1664 406,1665 431,1665 456,1665 481,1665 507,1665 532,1665 557,1666 582,1666 607,1666 632,1667 658,1668"/>
                <TextEquiv>
                    <Unicode>Sinf. Marcha corriendo,</Unicode>
                </TextEquiv>
            </TextLine>
            <TextLine id="r_1_1l35" custom="readingOrder {index:35;}">
                <Coords points="254,1713 286,1713 318,1714 350,1714 382,1714 414,1714 446,1714 478,1715 510,1715 542,1715 574,1715 606,1715 638,1715 670,1716 702,1716 734,1716 766,1717 798,1717 830,1718 862,1719 895,1720 895,1690 862,1689 830,1688 798,1687 766,1687 734,1686 702,1686 670,1686 638,1685 606,1685 574,1685 542,1685 510,1685 478,1685 446,1684 414,1684 382,1684 350,1684 318,1684 286,1683 254,1683"/>
                <Baseline points="254,1703 286,1703 318,1704 350,1704 382,1704 414,1704 446,1704 478,1705 510,1705 542,1705 574,1705 606,1705 638,1705 670,1706 702,1706 734,1706 766,1707 798,1707 830,1708 862,1709 895,1710"/>
                <TextEquiv>
                    <Unicode>no te detengas brivon. le empija.</Unicode>
                </TextEquiv>
            </TextLine>
            <TextLine id="r_1_1l36" custom="readingOrder {index:36;}">
                <Coords points="205,1751 231,1752 258,1753 284,1753 311,1754 337,1754 364,1754 390,1754 417,1754 443,1754 470,1754 497,1754 523,1754 550,1753 576,1753 603,1753 629,1754 656,1754 682,1754 709,1755 736,1756 736,1726 709,1725 682,1724 656,1724 629,1724 603,1723 576,1723 550,1723 523,1724 497,1724 470,1724 443,1724 417,1724 390,1724 364,1724 337,1724 311,1724 284,1723 258,1723 231,1722 205,1721"/>
                <Baseline points="205,1741 231,1742 258,1743 284,1743 311,1744 337,1744 364,1744 390,1744 417,1744 443,1744 470,1744 497,1744 523,1744 550,1743 576,1743 603,1743 629,1744 656,1744 682,1744 709,1745 736,1746"/>
                <TextEquiv>
                    <Unicode>Paj. Otro demonio tenemos?</Unicode>
                </TextEquiv>
            </TextLine>
            <TextLine id="r_1_1l37" custom="readingOrder {index:37;}">
                <Coords points="208,1792 242,1792 276,1793 311,1793 345,1793 380,1794 414,1794 448,1794 483,1794 517,1795 552,1795 586,1795 620,1795 655,1796 689,1796 724,1796 758,1797 792,1797 827,1798 861,1798 896,1799 896,1769 861,1768 827,1768 792,1767 758,1767 724,1766 689,1766 655,1766 620,1765 586,1765 552,1765 517,1765 483,1764 448,1764 414,1764 380,1764 345,1763 311,1763 276,1763 242,1762 208,1762"/>
                <Baseline points="208,1782 242,1782 276,1783 311,1783 345,1783 380,1784 414,1784 448,1784 483,1784 517,1785 552,1785 586,1785 620,1785 655,1786 689,1786 724,1786 758,1787 792,1787 827,1788 861,1788 896,1789"/>
                <TextEquiv>
                    <Unicode>Sinf. Marcha al instante que importa</Unicode>
                </TextEquiv>
            </TextLine>
            <TextLine id="r_1_1l38" custom="readingOrder {index:38;}">
                <Coords points="256,1831 282,1832 308,1832 335,1833 361,1833 387,1833 414,1834 440,1834 466,1834 493,1834 519,1834 545,1834 572,1834 598,1834 624,1834 651,1834 677,1834 704,1833 704,1803 677,1804 651,1804 624,1804 598,1804 572,1804 545,1804 519,1804 493,1804 466,1804 440,1804 414,1804 387,1803 361,1803 335,1803 308,1802 282,1802 256,1801"/>
                <Baseline points="256,1821 282,1822 308,1822 335,1823 361,1823 387,1823 414,1824 440,1824 466,1824 493,1824 519,1824 545,1824 572,1824 598,1824 624,1824 651,1824 677,1824 704,1823"/>
                <TextEquiv>
                    <Unicode>esto mucho á mis deseos</Unicode>
                </TextEquiv>
            </TextLine>
            <TextLine id="r_1_1l39" custom="readingOrder {index:39;}">
                <Coords points="205,1871 233,1872 261,1872 289,1873 318,1873 346,1873 374,1873 403,1874 431,1874 459,1874 488,1874 516,1874 544,1874 572,1874 601,1874 629,1875 657,1875 686,1875 714,1875 742,1876 771,1876 771,1846 742,1846 714,1845 686,1845 657,1845 629,1845 601,1844 572,1844 544,1844 516,1844 488,1844 459,1844 431,1844 403,1844 374,1843 346,1843 318,1843 289,1843 261,1842 233,1842 205,1841"/>
                <Baseline points="205,1861 233,1862 261,1862 289,1863 318,1863 346,1863 374,1863 403,1864 431,1864 459,1864 488,1864 516,1864 544,1864 572,1864 601,1864 629,1865 657,1865 686,1865 714,1865 742,1866 771,1866"/>
                <TextEquiv>
                    <Unicode>Paj. Digole á Vi que no iré</Unicode>
                </TextEquiv>
            </TextLine>
            <TextLine id="r_1_1l40" custom="readingOrder {index:40;}">
                <Coords points="252,1911 280,1912 308,1912 336,1912 365,1913 393,1913 421,1913 450,1913 478,1913 506,1914 535,1914 563,1914 591,1914 619,1914 648,1915 676,1915 704,1915 733,1916 761,1916 789,1917 818,1917 818,1887 789,1887 761,1886 733,1886 704,1885 676,1885 648,1885 619,1884 591,1884 563,1884 535,1884 506,1884 478,1883 450,1883 421,1883 393,1883 365,1883 336,1882 308,1882 280,1882 252,1881"/>
                <Baseline points="252,1901 280,1902 308,1902 336,1902 365,1903 393,1903 421,1903 450,1903 478,1903 506,1904 535,1904 563,1904 591,1904 619,1904 648,1905 676,1905 704,1905 733,1906 761,1906 789,1907 818,1907"/>
                <TextEquiv>
                    <Unicode>menos que no esté compuesto.</Unicode>
                </TextEquiv>
            </TextLine>
            <TextLine id="r_1_1l41" custom="readingOrder {index:41;}">
                <Coords points="211,1950 239,1951 268,1951 297,1952 326,1952 355,1953 384,1953 412,1953 441,1954 470,1954 499,1954 528,1954 557,1955 586,1955 614,1955 643,1955 672,1955 701,1956 730,1956 759,1956 788,1956 788,1926 759,1926 730,1926 701,1926 672,1925 643,1925 614,1925 586,1925 557,1925 528,1924 499,1924 470,1924 441,1924 412,1923 384,1923 355,1923 326,1922 297,1922 268,1921 239,1921 211,1920"/>
                <Baseline points="211,1940 239,1941 268,1941 297,1942 326,1942 355,1943 384,1943 412,1943 441,1944 470,1944 499,1944 528,1944 557,1945 586,1945 614,1945 643,1945 672,1945 701,1946 730,1946 759,1946 788,1946"/>
                <TextEquiv>
                    <Unicode>Sinf. Mira que si cojo un palo?</Unicode>
                </TextEquiv>
            </TextLine>
            <TextLine id="r_1_1l42" custom="readingOrder {index:42;}">
                <Coords points="211,1991 242,1991 274,1992 305,1992 337,1992 368,1992 400,1993 431,1993 463,1993 494,1994 526,1994 558,1994 589,1994 621,1995 652,1995 684,1996 715,1996 747,1997 778,1997 810,1997 842,1998 842,1968 810,1967 778,1967 747,1967 715,1966 684,1966 652,1965 621,1965 589,1964 558,1964 526,1964 494,1964 463,1963 431,1963 400,1963 368,1962 337,1962 305,1962 274,1962 242,1961 211,1961"/>
                <Baseline points="211,1981 242,1981 274,1982 305,1982 337,1982 368,1982 400,1983 431,1983 463,1983 494,1984 526,1984 558,1984 589,1984 621,1985 652,1985 684,1986 715,1986 747,1987 778,1987 810,1987 842,1988"/>
                <TextEquiv>
                    <Unicode>Paj. Pues que yo no tengo dedos?</Unicode>
                </TextEquiv>
            </TextLine>
            <TextLine id="r_1_1l43" custom="readingOrder {index:43;}">
                <Coords points="223,2030 248,2031 273,2032 298,2032 323,2033 348,2033 373,2033 398,2034 423,2034 448,2034 474,2034 499,2034 524,2034 549,2034 574,2034 599,2034 624,2034 649,2033 674,2033 699,2033 725,2033 725,2003 699,2003 674,2003 649,2003 624,2004 599,2004 574,2004 549,2004 524,2004 499,2004 474,2004 448,2004 423,2004 398,2004 373,2003 348,2003 323,2003 298,2002 273,2002 248,2001 223,2000"/>
                <Baseline points="223,2020 248,2021 273,2022 298,2022 323,2023 348,2023 373,2023 398,2024 423,2024 448,2024 474,2024 499,2024 524,2024 549,2024 574,2024 599,2024 624,2024 649,2023 674,2023 699,2023 725,2023"/>
                <TextEquiv>
                    <Unicode>Sinf. Ay Paje tan atrevido?</Unicode>
                </TextEquiv>
            </TextLine>
            <TextLine id="r_1_1l44" custom="readingOrder {index:44;}">
                <Coords points="213,2070 240,2071 267,2072 295,2072 322,2072 350,2073 377,2073 405,2073 432,2074 460,2074 487,2074 514,2074 542,2074 569,2075 597,2075 624,2075 652,2075 679,2075 707,2075 734,2075 762,2075 762,2045 734,2045 707,2045 679,2045 652,2045 624,2045 597,2045 569,2045 542,2044 514,2044 487,2044 460,2044 432,2044 405,2043 377,2043 350,2043 322,2042 295,2042 267,2042 240,2041 213,2040"/>
                <Baseline points="213,2060 240,2061 267,2062 295,2062 322,2062 350,2063 377,2063 405,2063 432,2064 460,2064 487,2064 514,2064 542,2064 569,2065 597,2065 624,2065 652,2065 679,2065 707,2065 734,2065 762,2065"/>
                <TextEquiv>
                    <Unicode>Paj Que demonios será esto?</Unicode>
                </TextEquiv>
            </TextLine>
            <TextLine id="r_1_1l45" custom="readingOrder {index:45;}">
                <Coords points="258,2115 283,2114 309,2114 335,2113 360,2113 386,2113 412,2113 437,2114 463,2114 489,2115 514,2115 540,2115 566,2116 591,2116 617,2117 643,2117 668,2117 694,2116 720,2115 746,2115 746,2085 720,2085 694,2086 668,2087 643,2087 617,2087 591,2086 566,2086 540,2085 514,2085 489,2085 463,2084 437,2084 412,2083 386,2083 360,2083 335,2083 309,2084 283,2084 258,2085"/>
                <Baseline points="258,2105 283,2104 309,2104 335,2103 360,2103 386,2103 412,2103 437,2104 463,2104 489,2105 514,2105 540,2105 566,2106 591,2106 617,2107 643,2107 668,2107 694,2106 720,2105 746,2105"/>
                <TextEquiv>
                    <Unicode>que son pocas las mujeres</Unicode>
                </TextEquiv>
            </TextLine>
            <TextEquiv>
                <Unicode>6
Paj. Ahera estare lueido 
que sin obligacion quedo.
Anac. Marcha donde yo te mando
y dile que venga luego.
Paj. Si que iré, porque me importa ap.
para lograrse mi intento,
mas ya ve V. que es de noche
y que hace mucho fresco,
y me puedo refriar;
déjeme poner primero
dos ó tres gorros, que aquí
en las faldriqueras tengo.
Saca de las. faldriqueras los gorros
que pueda y se los va poniendo
Agac. Despacha pronto pelmazo.
Poj. Es Vm. vivo de genio,
no vé que sino me tapo
ne incomodará el sereno..
Anac. Se habrá visto tal paciencia,
yo de cólera reviento.
Paj Mire Vm. de aquesta suerte
se tapa bien el cerebro.
Anac. Pícaro, marcha al instante.
Sale Sinforosa.
Sinf. Padre mio què es aquesto?
Anac. Este fantasma de Paje
que quiero vaya corriendo
á un recado, que me importa
para hacer tu casamiento,
le digo que ha de ser pronto
y se me está entreteniendo.
Sinf. A mi casamiento importa?
Anac. Y mucho.
Sinf. Marcha corriendo,
no te detengas brivon. le empija.
Paj. Otro demonio tenemos?
Sinf. Marcha al instante que importa
esto mucho á mis deseos
Paj. Digole á Vi que no iré
menos que no esté compuesto.
Sinf. Mira que si cojo un palo?
Paj. Pues que yo no tengo dedos?
Sinf. Ay Paje tan atrevido?
Paj Que demonios será esto?
que son pocas las mujeres</Unicode>
            </TextEquiv>
        </TextRegion>
        <TextRegion orientation="0.0" type="paragraph" id="r_2_1" custom="readingOrder {index:1;}">
            <Coords points="923,237 1638,237 1638,2128 923,2128"/>
            <TextLine id="r_2_1l1" custom="readingOrder {index:0;}">
                <Coords points="983,288 1009,287 1035,286 1061,286 1088,285 1114,285 1140,286 1166,286 1193,286 1219,287 1245,288 1272,288 1298,289 1324,290 1350,290 1377,291 1403,291 1429,291 1456,291 1456,261 1429,261 1403,261 1377,261 1350,260 1324,260 1298,259 1272,258 1245,258 1219,257 1193,256 1166,256 1140,256 1114,255 1088,255 1061,256 1035,256 1009,257 983,258"/>
                <Baseline points="983,278 1009,277 1035,276 1061,276 1088,275 1114,275 1140,276 1166,276 1193,276 1219,277 1245,278 1272,278 1298,279 1324,280 1350,280 1377,281 1403,281 1429,281 1456,281"/>
                <TextEquiv>
                    <Unicode>que en ofiendo casamiento</Unicode>
                </TextEquiv>
            </TextLine>
            <TextLine id="r_2_1l2" custom="readingOrder {index:1;}">
                <Coords points="971,326 1000,325 1029,325 1058,326 1087,326 1117,326 1146,327 1175,327 1204,328 1233,328 1263,329 1292,329 1321,330 1350,331 1379,331 1409,331 1438,332 1467,332 1496,332 1525,332 1555,332 1555,302 1525,302 1496,302 1467,302 1438,302 1409,301 1379,301 1350,301 1321,300 1292,299 1263,299 1233,298 1204,298 1175,297 1146,297 1117,296 1087,296 1058,296 1029,295 1000,295 971,296"/>
                <Baseline points="971,316 1000,315 1029,315 1058,316 1087,316 1117,316 1146,317 1175,317 1204,318 1233,318 1263,319 1292,319 1321,320 1350,321 1379,321 1409,321 1438,322 1467,322 1496,322 1525,322 1555,322"/>
                <TextEquiv>
                    <Unicode>no hay quien aguantarlas pueda</Unicode>
                </TextEquiv>
            </TextLine>
            <TextLine id="r_2_1l3" custom="readingOrder {index:2;}">
                <Coords points="968,365 993,365 1018,365 1043,365 1068,365 1093,365 1118,366 1143,366 1168,366 1194,366 1219,367 1244,367 1269,367 1294,368 1319,368 1344,369 1369,369 1395,370 1395,340 1369,339 1344,339 1319,338 1294,338 1269,337 1244,337 1219,337 1194,336 1168,336 1143,336 1118,336 1093,335 1068,335 1043,335 1018,335 993,335 968,335"/>
                <Baseline points="968,355 993,355 1018,355 1043,355 1068,355 1093,355 1118,356 1143,356 1168,356 1194,356 1219,357 1244,357 1269,357 1294,358 1319,358 1344,359 1369,359 1395,360"/>
                <TextEquiv>
                    <Unicode>si quieren entretenerlo:</Unicode>
                </TextEquiv>
            </TextLine>
            <TextLine id="r_2_1l4" custom="readingOrder {index:3;}">
                <Coords points="968,404 994,404 1020,404 1046,404 1072,405 1098,405 1124,405 1150,406 1176,406 1202,407 1228,407 1254,408 1280,408 1306,409 1332,409 1358,409 1384,409 1384,379 1358,379 1332,379 1306,379 1280,378 1254,378 1228,377 1202,377 1176,376 1150,376 1124,375 1098,375 1072,375 1046,374 1020,374 994,374 968,374"/>
                <Baseline points="968,394 994,394 1020,394 1046,394 1072,395 1098,395 1124,395 1150,396 1176,396 1202,397 1228,397 1254,398 1280,398 1306,399 1332,399 1358,399 1384,399"/>
                <TextEquiv>
                    <Unicode>ahora ya estoy tapado</Unicode>
                </TextEquiv>
            </TextLine>
            <TextLine id="r_2_1l5" custom="readingOrder {index:4;}">
                <Coords points="973,442 1005,443 1037,443 1069,444 1101,445 1133,445 1165,446 1197,446 1229,447 1261,447 1294,448 1326,448 1358,448 1390,449 1422,449 1454,450 1486,450 1518,451 1550,451 1582,452 1615,453 1615,423 1582,422 1550,421 1518,421 1486,420 1454,420 1422,419 1390,419 1358,418 1326,418 1294,418 1261,417 1229,417 1197,416 1165,416 1133,415 1101,415 1069,414 1037,413 1005,413 973,412"/>
                <Baseline points="973,432 1005,433 1037,433 1069,434 1101,435 1133,435 1165,436 1197,436 1229,437 1261,437 1294,438 1326,438 1358,438 1390,439 1422,439 1454,440 1486,440 1518,441 1550,441 1582,442 1615,443"/>
                <TextEquiv>
                    <Unicode>verá Vm, que presto vuelvo, vase.</Unicode>
                </TextEquiv>
            </TextLine>
            <TextLine id="r_2_1l6" custom="readingOrder {index:5;}">
                <Coords points="936,485 964,484 993,484 1022,484 1051,484 1080,484 1109,484 1138,484 1167,484 1196,485 1225,485 1253,486 1282,486 1311,487 1340,487 1369,488 1398,489 1427,490 1456,490 1485,491 1514,492 1514,462 1485,461 1456,460 1427,460 1398,459 1369,458 1340,457 1311,457 1282,456 1253,456 1225,455 1196,455 1167,454 1138,454 1109,454 1080,454 1051,454 1022,454 993,454 964,454 936,455"/>
                <Baseline points="936,475 964,474 993,474 1022,474 1051,474 1080,474 1109,474 1138,474 1167,474 1196,475 1225,475 1253,476 1282,476 1311,477 1340,477 1369,478 1398,479 1427,480 1456,480 1485,481 1514,482"/>
                <TextEquiv>
                    <Unicode>Anac. Vaya hija! lo que importa</Unicode>
                </TextEquiv>
            </TextLine>
            <TextLine id="r_2_1l7" custom="readingOrder {index:6;}">
                <Coords points="972,523 997,523 1022,524 1048,525 1073,525 1099,525 1124,525 1150,525 1175,526 1201,526 1226,526 1252,526 1277,526 1303,527 1328,527 1354,528 1379,528 1405,530 1430,530 1456,532 1456,502 1430,500 1405,500 1379,498 1354,498 1328,497 1303,497 1277,496 1252,496 1226,496 1201,496 1175,496 1150,495 1124,495 1099,495 1073,495 1048,495 1022,494 997,493 972,493"/>
                <Baseline points="972,513 997,513 1022,514 1048,515 1073,515 1099,515 1124,515 1150,515 1175,516 1201,516 1226,516 1252,516 1277,516 1303,517 1328,517 1354,518 1379,518 1405,520 1430,520 1456,522"/>
                <TextEquiv>
                    <Unicode>modestia y entendimiento,</Unicode>
                </TextEquiv>
            </TextLine>
            <TextLine id="r_2_1l8" custom="readingOrder {index:7;}">
                <Coords points="980,564 1005,565 1030,565 1055,565 1080,565 1105,565 1130,565 1155,565 1180,565 1205,565 1230,566 1255,566 1280,567 1305,567 1330,568 1355,568 1380,570 1405,571 1430,572 1456,573 1456,543 1430,542 1405,541 1380,540 1355,538 1330,538 1305,537 1280,537 1255,536 1230,536 1205,535 1180,535 1155,535 1130,535 1105,535 1080,535 1055,535 1030,535 1005,535 980,534"/>
                <Baseline points="980,554 1005,555 1030,555 1055,555 1080,555 1105,555 1130,555 1155,555 1180,555 1205,555 1230,556 1255,556 1280,557 1305,557 1330,558 1355,558 1380,560 1405,561 1430,562 1456,563"/>
                <TextEquiv>
                    <Unicode>con cuidado lo que hables,</Unicode>
                </TextEquiv>
            </TextLine>
            <TextLine id="r_2_1l9" custom="readingOrder {index:8;}">
                <Coords points="975,609 1001,607 1027,607 1053,606 1079,606 1105,605 1131,605 1157,605 1184,605 1210,605 1236,606 1262,606 1288,606 1314,607 1340,607 1367,608 1367,578 1340,577 1314,577 1288,576 1262,576 1236,576 1210,575 1184,575 1157,575 1131,575 1105,575 1079,576 1053,576 1027,577 1001,577 975,579"/>
                <Baseline points="975,599 1001,597 1027,597 1053,596 1079,596 1105,595 1131,595 1157,595 1184,595 1210,595 1236,596 1262,596 1288,596 1314,597 1340,597 1367,598"/>
                <TextEquiv>
                    <Unicode>y procura lo primero</Unicode>
                </TextEquiv>
            </TextLine>
            <TextLine id="r_2_1l10" custom="readingOrder {index:9;}">
                <Coords points="983,647 1008,646 1033,645 1059,644 1084,643 1109,643 1135,643 1160,644 1185,644 1211,645 1236,646 1261,646 1287,647 1312,647 1337,648 1363,648 1388,648 1413,648 1439,647 1439,617 1413,618 1388,618 1363,618 1337,618 1312,617 1287,617 1261,616 1236,616 1211,615 1185,614 1160,614 1135,613 1109,613 1084,613 1059,614 1033,615 1008,616 983,617"/>
                <Baseline points="983,637 1008,636 1033,635 1059,634 1084,633 1109,633 1135,633 1160,634 1185,634 1211,635 1236,636 1261,636 1287,637 1312,637 1337,638 1363,638 1388,638 1413,638 1439,637"/>
                <TextEquiv>
                    <Unicode>que te dé mano y palabra</Unicode>
                </TextEquiv>
            </TextLine>
            <TextLine id="r_2_1l11" custom="readingOrder {index:10;}">
                <Coords points="980,684 1006,684 1032,684 1058,684 1084,684 1110,684 1136,684 1162,684 1188,685 1214,685 1240,685 1266,685 1292,686 1318,686 1344,687 1370,687 1396,687 1422,688 1448,688 1474,689 1500,689 1500,659 1474,659 1448,658 1422,658 1396,657 1370,657 1344,657 1318,656 1292,656 1266,655 1240,655 1214,655 1188,655 1162,654 1136,654 1110,654 1084,654 1058,654 1032,654 1006,654 980,654"/>
                <Baseline points="980,674 1006,674 1032,674 1058,674 1084,674 1110,674 1136,674 1162,674 1188,675 1214,675 1240,675 1266,675 1292,676 1318,676 1344,677 1370,677 1396,677 1422,678 1448,678 1474,679 1500,679"/>
                <TextEquiv>
                    <Unicode>para lograr nuestro intento.</Unicode>
                </TextEquiv>
            </TextLine>
            <TextLine id="r_2_1l12" custom="readingOrder {index:11;}">
                <Coords points="939,723 966,723 993,723 1021,723 1048,723 1076,723 1103,724 1131,724 1158,724 1186,725 1213,725 1240,725 1268,726 1295,726 1323,727 1350,727 1378,727 1405,728 1433,728 1460,729 1488,729 1488,699 1460,699 1433,698 1405,698 1378,697 1350,697 1323,697 1295,696 1268,696 1240,695 1213,695 1186,695 1158,694 1131,694 1103,694 1076,693 1048,693 1021,693 993,693 966,693 939,693"/>
                <Baseline points="939,713 966,713 993,713 1021,713 1048,713 1076,713 1103,714 1131,714 1158,714 1186,715 1213,715 1240,715 1268,716 1295,716 1323,717 1350,717 1378,717 1405,718 1433,718 1460,719 1488,719"/>
                <TextEquiv>
                    <Unicode>Sinf. Y con la palabra y mano</Unicode>
                </TextEquiv>
            </TextLine>
            <TextLine id="r_2_1l13" custom="readingOrder {index:12;}">
                <Coords points="976,765 1001,764 1026,764 1051,764 1076,764 1101,764 1126,764 1151,764 1176,765 1202,765 1227,765 1252,766 1277,766 1302,767 1327,767 1352,768 1377,768 1402,769 1428,769 1428,739 1402,739 1377,738 1352,738 1327,737 1302,737 1277,736 1252,736 1227,735 1202,735 1176,735 1151,734 1126,734 1101,734 1076,734 1051,734 1026,734 1001,734 976,735"/>
                <Baseline points="976,755 1001,754 1026,754 1051,754 1076,754 1101,754 1126,754 1151,754 1176,755 1202,755 1227,755 1252,756 1277,756 1302,757 1327,757 1352,758 1377,758 1402,759 1428,759"/>
                <TextEquiv>
                    <Unicode>padre, casados seremos?</Unicode>
                </TextEquiv>
            </TextLine>
            <TextLine id="r_2_1l14" custom="readingOrder {index:13;}">
                <Coords points="940,803 965,803 991,803 1016,803 1042,803 1067,803 1093,804 1118,804 1144,805 1169,805 1195,806 1195,776 1169,775 1144,775 1118,774 1093,774 1067,773 1042,773 1016,773 991,773 965,773 940,773"/>
                <Baseline points="940,793 965,793 991,793 1016,793 1042,793 1067,793 1093,794 1118,794 1144,795 1169,795 1195,796"/>
                <TextEquiv>
                    <Unicode>Anac. Sí, hija.</Unicode>
                </TextEquiv>
            </TextLine>
            <TextLine id="r_2_1l15" custom="readingOrder {index:14;}">
                <Coords points="932,841 958,842 984,843 1010,843 1037,843 1063,843 1089,844 1115,844 1142,844 1168,844 1194,844 1220,845 1247,845 1273,846 1299,846 1326,847 1326,817 1299,816 1273,816 1247,815 1220,815 1194,814 1168,814 1142,814 1115,814 1089,814 1063,813 1037,813 1010,813 984,813 958,812 932,811"/>
                <Baseline points="932,831 958,832 984,833 1010,833 1037,833 1063,833 1089,834 1115,834 1142,834 1168,834 1194,834 1220,835 1247,835 1273,836 1299,836 1326,837"/>
                <TextEquiv>
                    <Unicode>Sinf. Pues al instante</Unicode>
                </TextEquiv>
            </TextLine>
            <TextLine id="r_2_1l16" custom="readingOrder {index:15;}">
                <Coords points="968,883 994,883 1020,884 1046,884 1072,884 1098,884 1124,885 1150,885 1176,886 1202,886 1228,887 1254,887 1280,888 1306,888 1332,888 1358,889 1384,889 1384,859 1358,859 1332,858 1306,858 1280,858 1254,857 1228,857 1202,856 1176,856 1150,855 1124,855 1098,854 1072,854 1046,854 1020,854 994,853 968,853"/>
                <Baseline points="968,873 994,873 1020,874 1046,874 1072,874 1098,874 1124,875 1150,875 1176,876 1202,876 1228,877 1254,877 1280,878 1306,878 1332,878 1358,879 1384,879"/>
                <TextEquiv>
                    <Unicode>se la pido, lo primero.</Unicode>
                </TextEquiv>
            </TextLine>
            <TextLine id="r_2_1l17" custom="readingOrder {index:16;}">
                <Coords points="1141,962 1167,963 1194,964 1221,965 1248,965 1275,965 1302,965 1329,965 1356,966 1383,967 1410,968 1410,938 1383,937 1356,936 1329,935 1302,935 1275,935 1248,935 1221,935 1194,934 1167,933 1141,932"/>
                <Baseline points="1141,952 1167,953 1194,954 1221,955 1248,955 1275,955 1302,955 1329,955 1356,956 1383,957 1410,958"/>
                <TextEquiv>
                    <Unicode>Sale la Criada.</Unicode>
                </TextEquiv>
            </TextLine>
            <TextLine id="r_2_1l18" custom="readingOrder {index:17;}">
                <Coords points="940,999 965,1000 991,1001 1017,1002 1043,1002 1069,1003 1095,1003 1121,1004 1147,1004 1173,1004 1198,1005 1224,1005 1250,1005 1276,1006 1302,1006 1328,1006 1354,1006 1380,1007 1406,1007 1406,977 1380,977 1354,976 1328,976 1302,976 1276,976 1250,975 1224,975 1198,975 1173,974 1147,974 1121,974 1095,973 1069,973 1043,972 1017,972 991,971 965,970 940,969"/>
                <Baseline points="940,989 965,990 991,991 1017,992 1043,992 1069,993 1095,993 1121,994 1147,994 1173,994 1198,995 1224,995 1250,995 1276,996 1302,996 1328,996 1354,996 1380,997 1406,997"/>
                <TextEquiv>
                    <Unicode>Cria. Señor, lo que dijo V.</Unicode>
                </TextEquiv>
            </TextLine>
            <TextLine id="r_2_1l19" custom="readingOrder {index:18;}">
                <Coords points="978,1041 1003,1041 1029,1042 1055,1042 1081,1042 1106,1043 1132,1043 1158,1043 1184,1043 1209,1043 1235,1043 1261,1043 1287,1044 1312,1044 1338,1044 1364,1044 1390,1044 1416,1045 1416,1015 1390,1014 1364,1014 1338,1014 1312,1014 1287,1014 1261,1013 1235,1013 1209,1013 1184,1013 1158,1013 1132,1013 1106,1013 1081,1012 1055,1012 1029,1012 1003,1011 978,1011"/>
                <Baseline points="978,1031 1003,1031 1029,1032 1055,1032 1081,1032 1106,1033 1132,1033 1158,1033 1184,1033 1209,1033 1235,1033 1261,1033 1287,1034 1312,1034 1338,1034 1364,1034 1390,1034 1416,1035"/>
                <TextEquiv>
                    <Unicode>queda ya todo dispuesto.</Unicode>
                </TextEquiv>
            </TextLine>
            <TextLine id="r_2_1l20" custom="readingOrder {index:19;}">
                <Coords points="935,1080 961,1080 987,1081 1014,1081 1040,1081 1066,1082 1093,1082 1119,1082 1145,1082 1172,1083 1198,1083 1224,1083 1251,1084 1277,1084 1303,1084 1330,1085 1356,1085 1382,1085 1409,1086 1435,1086 1462,1087 1462,1057 1435,1056 1409,1056 1382,1055 1356,1055 1330,1055 1303,1054 1277,1054 1251,1054 1224,1053 1198,1053 1172,1053 1145,1052 1119,1052 1093,1052 1066,1052 1040,1051 1014,1051 987,1051 961,1050 935,1050"/>
                <Baseline points="935,1070 961,1070 987,1071 1014,1071 1040,1071 1066,1072 1093,1072 1119,1072 1145,1072 1172,1073 1198,1073 1224,1073 1251,1074 1277,1074 1303,1074 1330,1075 1356,1075 1382,1075 1409,1076 1435,1076 1462,1077"/>
                <TextEquiv>
                    <Unicode>Sinf. Oyes Benita ¡qué gusto,</Unicode>
                </TextEquiv>
            </TextLine>
            <TextLine id="r_2_1l21" custom="readingOrder {index:20;}">
                <Coords points="984,1121 1009,1122 1034,1122 1059,1122 1084,1122 1109,1122 1134,1123 1159,1123 1184,1123 1209,1123 1234,1123 1259,1123 1284,1124 1309,1124 1334,1124 1359,1124 1384,1125 1409,1125 1434,1126 1460,1126 1460,1096 1434,1096 1409,1095 1384,1095 1359,1094 1334,1094 1309,1094 1284,1094 1259,1093 1234,1093 1209,1093 1184,1093 1159,1093 1134,1093 1109,1092 1084,1092 1059,1092 1034,1092 1009,1092 984,1091"/>
                <Baseline points="984,1111 1009,1112 1034,1112 1059,1112 1084,1112 1109,1112 1134,1113 1159,1113 1184,1113 1209,1113 1234,1113 1259,1113 1284,1114 1309,1114 1334,1114 1359,1114 1384,1115 1409,1115 1434,1116 1460,1116"/>
                <TextEquiv>
                    <Unicode>qué placer y qué contento!</Unicode>
                </TextEquiv>
            </TextLine>
            <TextLine id="r_2_1l22" custom="readingOrder {index:21;}">
                <Coords points="973,1160 998,1161 1023,1162 1049,1162 1074,1162 1100,1162 1125,1162 1151,1162 1176,1162 1202,1162 1227,1162 1253,1162 1278,1163 1304,1163 1329,1163 1355,1164 1380,1165 1406,1166 1406,1136 1380,1135 1355,1134 1329,1133 1304,1133 1278,1133 1253,1132 1227,1132 1202,1132 1176,1132 1151,1132 1125,1132 1100,1132 1074,1132 1049,1132 1023,1132 998,1131 973,1130"/>
                <Baseline points="973,1150 998,1151 1023,1152 1049,1152 1074,1152 1100,1152 1125,1152 1151,1152 1176,1152 1202,1152 1227,1152 1253,1152 1278,1153 1304,1153 1329,1153 1355,1154 1380,1155 1406,1156"/>
                <TextEquiv>
                    <Unicode>aquesta noche me caso,</Unicode>
                </TextEquiv>
            </TextLine>
            <TextLine id="r_2_1l23" custom="readingOrder {index:22;}">
                <Coords points="980,1199 1006,1199 1032,1199 1058,1200 1084,1200 1110,1200 1136,1201 1162,1201 1188,1201 1214,1202 1240,1202 1266,1203 1292,1203 1318,1203 1344,1204 1370,1204 1396,1204 1422,1204 1448,1204 1474,1204 1500,1204 1500,1174 1474,1174 1448,1174 1422,1174 1396,1174 1370,1174 1344,1174 1318,1173 1292,1173 1266,1173 1240,1172 1214,1172 1188,1171 1162,1171 1136,1171 1110,1170 1084,1170 1058,1170 1032,1169 1006,1169 980,1169"/>
                <Baseline points="980,1189 1006,1189 1032,1189 1058,1190 1084,1190 1110,1190 1136,1191 1162,1191 1188,1191 1214,1192 1240,1192 1266,1193 1292,1193 1318,1193 1344,1194 1370,1194 1396,1194 1422,1194 1448,1194 1474,1194 1500,1194"/>
                <TextEquiv>
                    <Unicode>el Baron vendrá muy presto.</Unicode>
                </TextEquiv>
            </TextLine>
            <TextLine id="r_2_1l24" custom="readingOrder {index:23;}">
                <Coords points="936,1239 965,1240 994,1240 1023,1240 1052,1241 1081,1241 1110,1241 1139,1241 1168,1241 1197,1242 1226,1242 1255,1242 1284,1242 1313,1242 1342,1243 1371,1243 1400,1244 1429,1245 1458,1245 1487,1246 1516,1247 1516,1217 1487,1216 1458,1215 1429,1215 1400,1214 1371,1213 1342,1213 1313,1212 1284,1212 1255,1212 1226,1212 1197,1212 1168,1211 1139,1211 1110,1211 1081,1211 1052,1211 1023,1210 994,1210 965,1210 936,1209"/>
                <Baseline points="936,1229 965,1230 994,1230 1023,1230 1052,1231 1081,1231 1110,1231 1139,1231 1168,1231 1197,1232 1226,1232 1255,1232 1284,1232 1313,1232 1342,1233 1371,1233 1400,1234 1429,1235 1458,1235 1487,1236 1516,1237"/>
                <TextEquiv>
                    <Unicode>Crig. Mucho me alegro Señora, </Unicode>
                </TextEquiv>
            </TextLine>
            <TextLine id="r_2_1l25" custom="readingOrder {index:24;}">
                <Coords points="976,1280 1002,1280 1028,1280 1054,1280 1080,1280 1107,1280 1133,1281 1159,1281 1185,1281 1211,1281 1238,1281 1264,1282 1290,1282 1316,1283 1342,1283 1369,1284 1395,1285 1421,1285 1447,1286 1473,1287 1500,1288 1500,1258 1473,1257 1447,1256 1421,1255 1395,1255 1369,1254 1342,1253 1316,1253 1290,1252 1264,1252 1238,1251 1211,1251 1185,1251 1159,1251 1133,1251 1107,1250 1080,1250 1054,1250 1028,1250 1002,1250 976,1250"/>
                <Baseline points="976,1270 1002,1270 1028,1270 1054,1270 1080,1270 1107,1270 1133,1271 1159,1271 1185,1271 1211,1271 1238,1271 1264,1272 1290,1272 1316,1273 1342,1273 1369,1274 1395,1275 1421,1275 1447,1276 1473,1277 1500,1278"/>
                <TextEquiv>
                    <Unicode>pero mas si es que dispuesto,</Unicode>
                </TextEquiv>
            </TextLine>
            <TextLine id="r_2_1l26" custom="readingOrder {index:25;}">
                <Coords points="971,1318 996,1319 1022,1320 1048,1321 1073,1321 1099,1321 1125,1322 1150,1322 1176,1322 1202,1322 1227,1322 1253,1322 1279,1322 1304,1322 1330,1322 1356,1322 1381,1323 1407,1323 1433,1324 1433,1294 1407,1293 1381,1293 1356,1292 1330,1292 1304,1292 1279,1292 1253,1292 1227,1292 1202,1292 1176,1292 1150,1292 1125,1292 1099,1291 1073,1291 1048,1291 1022,1290 996,1289 971,1288"/>
                <Baseline points="971,1308 996,1309 1022,1310 1048,1311 1073,1311 1099,1311 1125,1312 1150,1312 1176,1312 1202,1312 1227,1312 1253,1312 1279,1312 1304,1312 1330,1312 1356,1312 1381,1313 1407,1313 1433,1314"/>
                <TextEquiv>
                    <Unicode>tiene el paje lo que dijo</Unicode>
                </TextEquiv>
            </TextLine>
            <TextLine id="r_2_1l27" custom="readingOrder {index:26;}">
                <Coords points="984,1359 1009,1359 1034,1359 1059,1359 1084,1359 1109,1359 1134,1359 1159,1359 1184,1359 1209,1360 1235,1360 1260,1361 1285,1361 1310,1362 1335,1362 1360,1362 1385,1363 1410,1363 1435,1364 1460,1364 1486,1364 1486,1334 1460,1334 1435,1334 1410,1333 1385,1333 1360,1332 1335,1332 1310,1332 1285,1331 1260,1331 1235,1330 1209,1330 1184,1329 1159,1329 1134,1329 1109,1329 1084,1329 1059,1329 1034,1329 1009,1329 984,1329"/>
                <Baseline points="984,1349 1009,1349 1034,1349 1059,1349 1084,1349 1109,1349 1134,1349 1159,1349 1184,1349 1209,1350 1235,1350 1260,1351 1285,1351 1310,1352 1335,1352 1360,1352 1385,1353 1410,1353 1435,1354 1460,1354 1486,1354"/>
                <TextEquiv>
                    <Unicode>para lograr nuestro intento.</Unicode>
                </TextEquiv>
            </TextLine>
            <TextLine id="r_2_1l28" custom="readingOrder {index:27;}">
                <Coords points="937,1398 962,1398 987,1398 1012,1399 1037,1399 1062,1399 1087,1399 1112,1400 1137,1400 1162,1400 1188,1400 1213,1400 1238,1401 1263,1401 1288,1401 1313,1401 1338,1402 1363,1402 1388,1402 1414,1403 1414,1373 1388,1372 1363,1372 1338,1372 1313,1371 1288,1371 1263,1371 1238,1371 1213,1370 1188,1370 1162,1370 1137,1370 1112,1370 1087,1369 1062,1369 1037,1369 1012,1369 987,1368 962,1368 937,1368"/>
                <Baseline points="937,1388 962,1388 987,1388 1012,1389 1037,1389 1062,1389 1087,1389 1112,1390 1137,1390 1162,1390 1188,1390 1213,1390 1238,1391 1263,1391 1288,1391 1313,1391 1338,1392 1363,1392 1388,1392 1414,1393"/>
                <TextEquiv>
                    <Unicode>Sinf. Veras Benita si viene</Unicode>
                </TextEquiv>
            </TextLine>
            <TextLine id="r_2_1l29" custom="readingOrder {index:28;}">
                <Coords points="975,1445 1001,1444 1027,1442 1053,1441 1079,1440 1105,1439 1131,1439 1157,1439 1183,1439 1209,1440 1235,1440 1261,1441 1287,1441 1313,1442 1339,1442 1365,1443 1391,1443 1417,1444 1443,1444 1469,1444 1495,1444 1495,1414 1469,1414 1443,1414 1417,1414 1391,1413 1365,1413 1339,1412 1313,1412 1287,1411 1261,1411 1235,1410 1209,1410 1183,1409 1157,1409 1131,1409 1105,1409 1079,1410 1053,1411 1027,1412 1001,1414 975,1415"/>
                <Baseline points="975,1435 1001,1434 1027,1432 1053,1431 1079,1430 1105,1429 1131,1429 1157,1429 1183,1429 1209,1430 1235,1430 1261,1431 1287,1431 1313,1432 1339,1432 1365,1433 1391,1433 1417,1434 1443,1434 1469,1434 1495,1434"/>
                <TextEquiv>
                    <Unicode>y que noche que tendrémos.</Unicode>
                </TextEquiv>
            </TextLine>
            <TextLine id="r_2_1l30" custom="readingOrder {index:29;}">
                <Coords points="938,1477 964,1478 991,1478 1017,1478 1044,1479 1070,1479 1097,1479 1123,1480 1150,1480 1176,1480 1203,1480 1229,1481 1256,1481 1282,1481 1309,1482 1335,1482 1362,1482 1388,1483 1415,1483 1441,1484 1468,1485 1468,1455 1441,1454 1415,1453 1388,1453 1362,1452 1335,1452 1309,1452 1282,1451 1256,1451 1229,1451 1203,1450 1176,1450 1150,1450 1123,1450 1097,1449 1070,1449 1044,1449 1017,1448 991,1448 964,1448 938,1447"/>
                <Baseline points="938,1467 964,1468 991,1468 1017,1468 1044,1469 1070,1469 1097,1469 1123,1470 1150,1470 1176,1470 1203,1470 1229,1471 1256,1471 1282,1471 1309,1472 1335,1472 1362,1472 1388,1473 1415,1473 1441,1474 1468,1475"/>
                <TextEquiv>
                    <Unicode>Anac. Hija retirarte importa.</Unicode>
                </TextEquiv>
            </TextLine>
            <TextLine id="r_2_1l31" custom="readingOrder {index:30;}">
                <Coords points="936,1518 964,1519 992,1519 1020,1519 1049,1519 1077,1519 1105,1520 1134,1520 1162,1520 1190,1520 1219,1520 1247,1521 1275,1521 1303,1521 1332,1522 1360,1522 1388,1522 1417,1523 1445,1523 1473,1524 1502,1525 1502,1495 1473,1494 1445,1493 1417,1493 1388,1492 1360,1492 1332,1492 1303,1491 1275,1491 1247,1491 1219,1490 1190,1490 1162,1490 1134,1490 1105,1490 1077,1489 1049,1489 1020,1489 992,1489 964,1489 936,1488"/>
                <Baseline points="936,1508 964,1509 992,1509 1020,1509 1049,1509 1077,1509 1105,1510 1134,1510 1162,1510 1190,1510 1219,1510 1247,1511 1275,1511 1303,1511 1332,1512 1360,1512 1388,1512 1417,1513 1445,1513 1473,1514 1502,1515"/>
                <TextEquiv>
                    <Unicode>Sinf. Padre, dejémonos cuentos</Unicode>
                </TextEquiv>
            </TextLine>
            <TextLine id="r_2_1l32" custom="readingOrder {index:31;}">
                <Coords points="970,1559 995,1559 1021,1559 1047,1559 1073,1560 1099,1560 1125,1560 1151,1560 1177,1560 1203,1561 1228,1561 1254,1561 1280,1561 1306,1561 1332,1562 1358,1562 1384,1562 1410,1563 1436,1563 1462,1563 1462,1533 1436,1533 1410,1533 1384,1532 1358,1532 1332,1532 1306,1531 1280,1531 1254,1531 1228,1531 1203,1531 1177,1530 1151,1530 1125,1530 1099,1530 1073,1530 1047,1529 1021,1529 995,1529 970,1529"/>
                <Baseline points="970,1549 995,1549 1021,1549 1047,1549 1073,1550 1099,1550 1125,1550 1151,1550 1177,1550 1203,1551 1228,1551 1254,1551 1280,1551 1306,1551 1332,1552 1358,1552 1384,1552 1410,1553 1436,1553 1462,1553"/>
                <TextEquiv>
                    <Unicode>que voy á esperar al novio.</Unicode>
                </TextEquiv>
            </TextLine>
            <TextLine id="r_2_1l33" custom="readingOrder {index:32;}">
                <Coords points="973,1598 1005,1598 1037,1599 1070,1599 1102,1600 1135,1600 1167,1600 1200,1601 1232,1601 1265,1601 1297,1601 1329,1601 1362,1602 1394,1602 1427,1602 1459,1602 1492,1603 1524,1603 1557,1603 1589,1604 1622,1605 1622,1575 1589,1574 1557,1573 1524,1573 1492,1573 1459,1572 1427,1572 1394,1572 1362,1572 1329,1571 1297,1571 1265,1571 1232,1571 1200,1571 1167,1570 1135,1570 1102,1570 1070,1569 1037,1569 1005,1568 973,1568"/>
                <Baseline points="973,1588 1005,1588 1037,1589 1070,1589 1102,1590 1135,1590 1167,1590 1200,1591 1232,1591 1265,1591 1297,1591 1329,1591 1362,1592 1394,1592 1427,1592 1459,1592 1492,1593 1524,1593 1557,1593 1589,1594 1622,1595"/>
                <TextEquiv>
                    <Unicode>Salto, y brinco de contento, vase.</Unicode>
                </TextEquiv>
            </TextLine>
            <TextLine id="r_2_1l34" custom="readingOrder {index:33;}">
                <Coords points="930,1639 962,1639 995,1640 1027,1640 1060,1640 1092,1640 1125,1640 1158,1641 1190,1641 1223,1641 1255,1641 1288,1641 1320,1642 1353,1642 1386,1642 1418,1642 1451,1643 1483,1643 1516,1644 1549,1644 1549,1614 1516,1614 1483,1613 1451,1613 1418,1612 1386,1612 1353,1612 1320,1612 1288,1611 1255,1611 1223,1611 1190,1611 1158,1611 1125,1610 1092,1610 1060,1610 1027,1610 995,1610 962,1609 930,1609"/>
                <Baseline points="930,1629 962,1629 995,1630 1027,1630 1060,1630 1092,1630 1125,1630 1158,1631 1190,1631 1223,1631 1255,1631 1288,1631 1320,1632 1353,1632 1386,1632 1418,1632 1451,1633 1483,1633 1516,1634 1549,1634"/>
                <TextEquiv>
                    <Unicode>Anac. Benita, lo que has de hacer</Unicode>
                </TextEquiv>
            </TextLine>
            <TextLine id="r_2_1l35" custom="readingOrder {index:34;}">
                <Coords points="973,1678 999,1678 1025,1679 1051,1680 1077,1680 1103,1680 1129,1680 1155,1681 1181,1681 1207,1681 1233,1681 1259,1681 1285,1681 1311,1681 1337,1681 1363,1682 1389,1682 1415,1682 1441,1683 1467,1683 1467,1653 1441,1653 1415,1652 1389,1652 1363,1652 1337,1651 1311,1651 1285,1651 1259,1651 1233,1651 1207,1651 1181,1651 1155,1651 1129,1650 1103,1650 1077,1650 1051,1650 1025,1649 999,1648 973,1648"/>
                <Baseline points="973,1668 999,1668 1025,1669 1051,1670 1077,1670 1103,1670 1129,1670 1155,1671 1181,1671 1207,1671 1233,1671 1259,1671 1285,1671 1311,1671 1337,1671 1363,1672 1389,1672 1415,1672 1441,1673 1467,1673"/>
                <TextEquiv>
                    <Unicode>no dejarla ni un momento</Unicode>
                </TextEquiv>
            </TextLine>
            <TextLine id="r_2_1l36" custom="readingOrder {index:35;}">
                <Coords points="980,1717 1006,1718 1032,1719 1059,1719 1085,1720 1111,1720 1138,1720 1164,1721 1190,1721 1217,1721 1243,1721 1269,1721 1296,1721 1322,1721 1348,1721 1375,1721 1401,1722 1428,1722 1428,1692 1401,1692 1375,1691 1348,1691 1322,1691 1296,1691 1269,1691 1243,1691 1217,1691 1190,1691 1164,1691 1138,1690 1111,1690 1085,1690 1059,1689 1032,1689 1006,1688 980,1687"/>
                <Baseline points="980,1707 1006,1708 1032,1709 1059,1709 1085,1710 1111,1710 1138,1710 1164,1711 1190,1711 1217,1711 1243,1711 1269,1711 1296,1711 1322,1711 1348,1711 1375,1711 1401,1712 1428,1712"/>
                <TextEquiv>
                    <Unicode>porque á veces el diablo</Unicode>
                </TextEquiv>
            </TextLine>
            <TextLine id="r_2_1l37" custom="readingOrder {index:36;}">
                <Coords points="972,1758 997,1759 1022,1759 1048,1759 1073,1760 1099,1760 1124,1760 1149,1760 1175,1760 1200,1760 1226,1760 1251,1760 1276,1760 1302,1760 1327,1761 1353,1761 1378,1761 1403,1762 1429,1762 1454,1763 1480,1764 1480,1734 1454,1733 1429,1732 1403,1732 1378,1731 1353,1731 1327,1731 1302,1730 1276,1730 1251,1730 1226,1730 1200,1730 1175,1730 1149,1730 1124,1730 1099,1730 1073,1730 1048,1729 1022,1729 997,1729 972,1728"/>
                <Baseline points="972,1748 997,1749 1022,1749 1048,1749 1073,1750 1099,1750 1124,1750 1149,1750 1175,1750 1200,1750 1226,1750 1251,1750 1276,1750 1302,1750 1327,1751 1353,1751 1378,1751 1403,1752 1429,1752 1454,1753 1480,1754"/>
                <TextEquiv>
                    <Unicode>suele andar medio revuelto,</Unicode>
                </TextEquiv>
            </TextLine>
            <TextLine id="r_2_1l38" custom="readingOrder {index:37;}">
                <Coords points="974,1797 1001,1798 1029,1799 1056,1799 1084,1800 1112,1800 1139,1801 1167,1801 1194,1801 1222,1801 1250,1801 1277,1801 1305,1801 1332,1801 1360,1801 1388,1801 1415,1802 1443,1802 1470,1803 1498,1804 1526,1805 1526,1775 1498,1774 1470,1773 1443,1772 1415,1772 1388,1771 1360,1771 1332,1771 1305,1771 1277,1771 1250,1771 1222,1771 1194,1771 1167,1771 1139,1771 1112,1770 1084,1770 1056,1769 1029,1769 1001,1768 974,1767"/>
                <Baseline points="974,1787 1001,1788 1029,1789 1056,1789 1084,1790 1112,1790 1139,1791 1167,1791 1194,1791 1222,1791 1250,1791 1277,1791 1305,1791 1332,1791 1360,1791 1388,1791 1415,1792 1443,1792 1470,1793 1498,1794 1526,1795"/>
                <TextEquiv>
                    <Unicode>no sea que andando en burlas</Unicode>
                </TextEquiv>
            </TextLine>
            <TextLine id="r_2_1l39" custom="readingOrder {index:38;}">
                <Coords points="973,1838 999,1837 1025,1837 1051,1838 1077,1838 1103,1838 1129,1838 1155,1838 1181,1839 1208,1839 1234,1839 1260,1840 1286,1840 1312,1840 1338,1841 1364,1841 1390,1841 1416,1842 1443,1842 1443,1812 1416,1812 1390,1811 1364,1811 1338,1811 1312,1810 1286,1810 1260,1810 1234,1809 1208,1809 1181,1809 1155,1808 1129,1808 1103,1808 1077,1808 1051,1808 1025,1807 999,1807 973,1808"/>
                <Baseline points="973,1828 999,1827 1025,1827 1051,1828 1077,1828 1103,1828 1129,1828 1155,1828 1181,1829 1208,1829 1234,1829 1260,1830 1286,1830 1312,1830 1338,1831 1364,1831 1390,1831 1416,1832 1443,1832"/>
                <TextEquiv>
                    <Unicode>salga de veras el cuento.</Unicode>
                </TextEquiv>
            </TextLine>
            <TextLine id="r_2_1l40" custom="readingOrder {index:39;}">
                <Coords points="936,1878 963,1878 991,1878 1019,1878 1047,1878 1075,1878 1103,1879 1131,1879 1159,1879 1187,1879 1215,1880 1242,1880 1270,1880 1298,1880 1326,1881 1354,1881 1382,1881 1410,1881 1438,1882 1466,1882 1494,1882 1494,1852 1466,1852 1438,1852 1410,1851 1382,1851 1354,1851 1326,1851 1298,1850 1270,1850 1242,1850 1215,1850 1187,1849 1159,1849 1131,1849 1103,1849 1075,1848 1047,1848 1019,1848 991,1848 963,1848 936,1848"/>
                <Baseline points="936,1868 963,1868 991,1868 1019,1868 1047,1868 1075,1868 1103,1869 1131,1869 1159,1869 1187,1869 1215,1870 1242,1870 1270,1870 1298,1870 1326,1871 1354,1871 1382,1871 1410,1871 1438,1872 1466,1872 1494,1872"/>
                <TextEquiv>
                    <Unicode>Cria. No la dejaré un instante.</Unicode>
                </TextEquiv>
            </TextLine>
            <TextLine id="r_2_1l41" custom="readingOrder {index:40;}">
                <Coords points="1575,1884 1618,1883 1618,1853 1575,1854"/>
                <Baseline points="1575,1874 1618,1873"/>
                <TextEquiv>
                    <Unicode>ap.</Unicode>
                </TextEquiv>
            </TextLine>
            <TextLine id="r_2_1l42" custom="readingOrder {index:41;}">
                <Coords points="978,1921 1007,1920 1036,1920 1065,1920 1094,1920 1124,1920 1153,1920 1182,1920 1211,1920 1240,1920 1270,1920 1299,1920 1328,1921 1357,1921 1386,1921 1416,1921 1445,1922 1474,1922 1503,1922 1532,1922 1562,1922 1562,1892 1532,1892 1503,1892 1474,1892 1445,1892 1416,1891 1386,1891 1357,1891 1328,1891 1299,1890 1270,1890 1240,1890 1211,1890 1182,1890 1153,1890 1124,1890 1094,1890 1065,1890 1036,1890 1007,1890 978,1891"/>
                <Baseline points="978,1911 1007,1910 1036,1910 1065,1910 1094,1910 1124,1910 1153,1910 1182,1910 1211,1910 1240,1910 1270,1910 1299,1910 1328,1911 1357,1911 1386,1911 1416,1911 1445,1912 1474,1912 1503,1912 1532,1912 1562,1912"/>
                <TextEquiv>
                    <Unicode>porque uie importa el hacerlo:</Unicode>
                </TextEquiv>
            </TextLine>
            <TextLine id="r_2_1l43" custom="readingOrder {index:42;}">
                <Coords points="1246,1957 1273,1958 1300,1959 1328,1961 1328,1931 1300,1929 1273,1928 1246,1927"/>
                <Baseline points="1246,1947 1273,1948 1300,1949 1328,1951"/>
                <TextEquiv>
                    <Unicode>Vase.</Unicode>
                </TextEquiv>
            </TextLine>
            <TextLine id="r_2_1l44" custom="readingOrder {index:43;}">
                <Coords points="944,1998 973,1998 1002,1998 1031,1998 1060,1998 1089,1998 1118,1998 1148,1998 1177,1998 1206,1999 1235,1999 1264,1999 1293,2000 1322,2000 1352,2000 1381,2001 1410,2001 1439,2001 1468,2001 1497,2001 1527,2001 1527,1971 1497,1971 1468,1971 1439,1971 1410,1971 1381,1971 1352,1970 1322,1970 1293,1970 1264,1969 1235,1969 1206,1969 1177,1968 1148,1968 1118,1968 1089,1968 1060,1968 1031,1968 1002,1968 973,1968 944,1968"/>
                <Baseline points="944,1988 973,1988 1002,1988 1031,1988 1060,1988 1089,1988 1118,1988 1148,1988 1177,1988 1206,1989 1235,1989 1264,1989 1293,1990 1322,1990 1352,1990 1381,1991 1410,1991 1439,1991 1468,1991 1497,1991 1527,1991"/>
                <TextEquiv>
                    <Unicode>Anac. Para hablar al Escribano</Unicode>
                </TextEquiv>
            </TextLine>
            <TextLine id="r_2_1l45" custom="readingOrder {index:44;}">
                <Coords points="976,2037 1001,2037 1026,2038 1051,2038 1076,2038 1101,2038 1126,2039 1151,2039 1176,2039 1201,2039 1226,2039 1251,2039 1276,2039 1301,2039 1326,2039 1351,2039 1376,2039 1401,2039 1426,2039 1451,2039 1476,2039 1476,2009 1451,2009 1426,2009 1401,2009 1376,2009 1351,2009 1326,2009 1301,2009 1276,2009 1251,2009 1226,2009 1201,2009 1176,2009 1151,2009 1126,2009 1101,2008 1076,2008 1051,2008 1026,2008 1001,2007 976,2007"/>
                <Baseline points="976,2027 1001,2027 1026,2028 1051,2028 1076,2028 1101,2028 1126,2029 1151,2029 1176,2029 1201,2029 1226,2029 1251,2029 1276,2029 1301,2029 1326,2029 1351,2029 1376,2029 1401,2029 1426,2029 1451,2029 1476,2029"/>
                <TextEquiv>
                    <Unicode>las hice entrar allá dentro</Unicode>
                </TextEquiv>
            </TextLine>
            <TextLine id="r_2_1l46" custom="readingOrder {index:45;}">
                <Coords points="987,2078 1012,2078 1038,2079 1064,2079 1090,2079 1116,2079 1141,2079 1167,2079 1193,2079 1219,2079 1245,2079 1270,2079 1296,2079 1322,2079 1348,2079 1374,2079 1399,2079 1425,2079 1451,2080 1477,2080 1503,2080 1503,2050 1477,2050 1451,2050 1425,2049 1399,2049 1374,2049 1348,2049 1322,2049 1296,2049 1270,2049 1245,2049 1219,2049 1193,2049 1167,2049 1141,2049 1116,2049 1090,2049 1064,2049 1038,2049 1012,2048 987,2048"/>
                <Baseline points="987,2068 1012,2068 1038,2069 1064,2069 1090,2069 1116,2069 1141,2069 1167,2069 1193,2069 1219,2069 1245,2069 1270,2069 1296,2069 1322,2069 1348,2069 1374,2069 1399,2069 1425,2069 1451,2070 1477,2070 1503,2070"/>
                <TextEquiv>
                    <Unicode>que no pueden tardar mucho</Unicode>
                </TextEquiv>
            </TextLine>
            <TextLine id="r_2_1l47" custom="readingOrder {index:46;}">
                <Coords points="972,2123 998,2122 1024,2121 1050,2121 1076,2120 1103,2120 1129,2119 1155,2119 1181,2119 1207,2119 1234,2119 1260,2119 1286,2119 1312,2119 1338,2120 1365,2120 1391,2121 1417,2121 1443,2121 1470,2122 1470,2092 1443,2091 1417,2091 1391,2091 1365,2090 1338,2090 1312,2089 1286,2089 1260,2089 1234,2089 1207,2089 1181,2089 1155,2089 1129,2089 1103,2090 1076,2090 1050,2091 1024,2091 998,2092 972,2093"/>
                <Baseline points="972,2113 998,2112 1024,2111 1050,2111 1076,2110 1103,2110 1129,2109 1155,2109 1181,2109 1207,2109 1234,2109 1260,2109 1286,2109 1312,2109 1338,2110 1365,2110 1391,2111 1417,2111 1443,2111 1470,2112"/>
                <TextEquiv>
                    <Unicode>y no han de lograr saberlo.</Unicode>
                </TextEquiv>
            </TextLine>
            <TextEquiv>
                <Unicode>que en ofiendo casamiento
no hay quien aguantarlas pueda
si quieren entretenerlo:
ahora ya estoy tapado
verá Vm, que presto vuelvo, vase.
Anac. Vaya hija! lo que importa
modestia y entendimiento,
con cuidado lo que hables,
y procura lo primero
que te dé mano y palabra
para lograr nuestro intento.
Sinf. Y con la palabra y mano
padre, casados seremos?
Anac. Sí, hija.
Sinf. Pues al instante
se la pido, lo primero.
Sale la Criada.
Cria. Señor, lo que dijo V.
queda ya todo dispuesto.
Sinf. Oyes Benita ¡qué gusto,
qué placer y qué contento!
aquesta noche me caso,
el Baron vendrá muy presto.
Crig. Mucho me alegro Señora, 
pero mas si es que dispuesto,
tiene el paje lo que dijo
para lograr nuestro intento.
Sinf. Veras Benita si viene
y que noche que tendrémos.
Anac. Hija retirarte importa.
Sinf. Padre, dejémonos cuentos
que voy á esperar al novio.
Salto, y brinco de contento, vase.
Anac. Benita, lo que has de hacer
no dejarla ni un momento
porque á veces el diablo
suele andar medio revuelto,
no sea que andando en burlas
salga de veras el cuento.
Cria. No la dejaré un instante.
ap.
porque uie importa el hacerlo:
Vase.
Anac. Para hablar al Escribano
las hice entrar allá dentro
que no pueden tardar mucho
y no han de lograr saberlo.</Unicode>
            </TextEquiv>
        </TextRegion>
    </Page>
</PcGts>
