<?xml version="1.0" encoding="UTF-8" standalone="yes"?>
<PcGts xmlns="http://schema.primaresearch.org/PAGE/gts/pagecontent/2013-07-15" xmlns:xsi="http://www.w3.org/2001/XMLSchema-instance" xsi:schemaLocation="http://schema.primaresearch.org/PAGE/gts/pagecontent/2013-07-15 http://schema.primaresearch.org/PAGE/gts/pagecontent/2013-07-15/pagecontent.xsd">
    <Metadata>
        <Creator>prov=University of Rostock/Institute of Mathematics/CITlab|PLANET AI GmbH/Gundram Leifert/gundram.leifert@planet-ai.de:name=Pliegos de Cordel (XIXe) - v4(htr_id=27283)::::v=2.6.7
prov=University of Rostock/Institute of Mathematics/CITlab|PLANET AI GmbH/Tobias Gruening/tobias.gruening@planet-ai.de:name=de.uros.citlab.module.baseline2polygon.B2PSeamMultiOriented:v=2.6.7
prov=University of Rostock/Institute of Mathematics/CITlab|PLANET AI GmbH/Tobias Gruening/tobias.gruening@planet-ai.de:name=/net_tf/LA73_249_0mod360.pb:de.uros.citlab.segmentation.CITlab_LA_ML:v=2.6.7
Transkribus</Creator>
        <Created>2020-12-01T16:28:03.314+01:00</Created>
        <LastChange>2020-12-14T17:19:45.953+01:00</LastChange>
        <Comments>
                Measurement unit: pixel
                PrimaryLanguage: 
                Producer: Transkribus
            </Comments>
        <TranskribusMetadata docId="525386" pageId="22318589" pageNr="119" tsid="50308500" status="DONE" userId="66244" imgUrl="https://files.transkribus.eu/Get?id=JGJSZYLPFAAXSIACXIDLUEEB&amp;fileType=view" xmlUrl="https://files.transkribus.eu/Get?id=BLPMKUZTLGJRYATRPOHJHTBF" imageId="17388104"/>
    </Metadata>
    <Page imageFilename="Moreno_199_3.jpg" imageWidth="1737" imageHeight="2508">
        <PrintSpace>
            <Coords points="0,0 1737,0 1737,2508 0,2508"/>
        </PrintSpace>
        <ReadingOrder>
            <OrderedGroup id="ro_1607963864441" caption="Regions reading order">
                <RegionRefIndexed index="0" regionRef="r_1_1"/>
                <RegionRefIndexed index="1" regionRef="r_2_1"/>
                <RegionRefIndexed index="2" regionRef="r_3_1"/>
            </OrderedGroup>
        </ReadingOrder>
        <TextRegion orientation="0.0" type="paragraph" id="r_1_1" custom="readingOrder {index:0;}">
            <Coords points="1450,184 1488,184 1488,231 1450,231"/>
            <TextLine id="r_1_1l1" custom="readingOrder {index:0;}">
                <Coords points="1456,271 1485,270 1485,120 1456,121"/>
                <Baseline points="1456,221 1485,220"/>
                <TextEquiv>
                    <Unicode>3</Unicode>
                </TextEquiv>
            </TextLine>
            <TextEquiv>
                <Unicode>3</Unicode>
            </TextEquiv>
        </TextRegion>
        <TextRegion orientation="0.0" type="paragraph" id="r_2_1" custom="readingOrder {index:1;}">
            <Coords points="187,242 924,242 924,2134 187,2134"/>
            <TextLine id="r_2_1l1" custom="readingOrder {index:0;}">
                <Coords points="193,297 227,298 262,297 296,297 331,296 366,296 400,295 435,294 469,294 504,293 539,292 573,291 608,291 642,290 677,290 712,290 746,290 781,290 815,291 850,292 885,294 885,264 850,262 815,261 781,260 746,260 712,260 677,260 642,260 608,261 573,261 539,262 504,263 469,264 435,264 400,265 366,266 331,266 296,267 262,267 227,268 193,267"/>
                <Baseline points="193,287 227,288 262,287 296,287 331,286 366,286 400,285 435,284 469,284 504,283 539,282 573,281 608,281 642,280 677,280 712,280 746,280 781,280 815,281 850,282 885,284"/>
                <TextEquiv>
                    <Unicode>Sala de Don Anacleto, aparese este, y</Unicode>
                </TextEquiv>
            </TextLine>
            <TextLine id="r_2_1l2" custom="readingOrder {index:1;}">
                <Coords points="399,333 424,334 449,334 474,333 500,333 525,332 550,332 576,331 601,331 626,331 652,332 652,302 626,301 601,301 576,301 550,302 525,302 500,303 474,303 449,304 424,304 399,303"/>
                <Baseline points="399,323 424,324 449,324 474,323 500,323 525,322 550,322 576,321 601,321 626,321 652,322"/>
                <TextEquiv>
                    <Unicode>sale el Baron.</Unicode>
                </TextEquiv>
            </TextLine>
            <TextLine id="r_2_1l3" custom="readingOrder {index:2;}">
                <Coords points="201,416 227,416 253,416 280,416 306,416 333,415 359,415 385,415 412,414 438,414 465,413 491,413 517,412 544,412 570,411 597,411 623,411 649,410 676,410 702,409 729,409 729,379 702,379 676,380 649,380 623,381 597,381 570,381 544,382 517,382 491,383 465,383 438,384 412,384 385,385 359,385 333,385 306,386 280,386 253,386 227,386 201,386"/>
                <Baseline points="201,406 227,406 253,406 280,406 306,406 333,405 359,405 385,405 412,404 438,404 465,403 491,403 517,402 544,402 570,401 597,401 623,401 649,400 676,400 702,399 729,399"/>
                <TextEquiv>
                    <Unicode>Anac. Señor Baron, á fé mia</Unicode>
                </TextEquiv>
            </TextLine>
            <TextLine id="r_2_1l4" custom="readingOrder {index:3;}">
                <Coords points="248,456 273,456 299,456 325,455 351,455 376,455 402,454 428,454 454,453 479,453 505,452 531,452 557,451 582,451 608,450 634,450 660,449 685,449 711,449 737,449 763,449 763,419 737,419 711,419 685,419 660,419 634,420 608,420 582,421 557,421 531,422 505,422 479,423 454,423 428,424 402,424 376,425 351,425 325,425 299,426 273,426 248,426"/>
                <Baseline points="248,446 273,446 299,446 325,445 351,445 376,445 402,444 428,444 454,443 479,443 505,442 531,442 557,441 582,441 608,440 634,440 660,439 685,439 711,439 737,439 763,439"/>
                <TextEquiv>
                    <Unicode>que esperaba mucho tiempo</Unicode>
                </TextEquiv>
            </TextLine>
            <TextLine id="r_2_1l5" custom="readingOrder {index:4;}">
                <Coords points="243,495 268,494 293,494 318,494 343,494 368,494 394,494 419,493 444,493 469,493 494,493 519,492 545,491 545,461 519,462 494,463 469,463 444,463 419,463 394,464 368,464 343,464 318,464 293,464 268,464 243,465"/>
                <Baseline points="243,485 268,484 293,484 318,484 343,484 368,484 394,484 419,483 444,483 469,483 494,483 519,482 545,481"/>
                <TextEquiv>
                    <Unicode>esta feliz ocasion,</Unicode>
                </TextEquiv>
            </TextLine>
            <TextLine id="r_2_1l6" custom="readingOrder {index:5;}">
                <Coords points="246,534 271,535 296,535 321,535 346,535 371,535 396,534 421,534 446,533 471,533 496,532 521,531 546,531 571,530 596,529 621,529 646,529 672,528 672,498 646,499 621,499 596,499 571,500 546,501 521,501 496,502 471,503 446,503 421,504 396,504 371,505 346,505 321,505 296,505 271,505 246,504"/>
                <Baseline points="246,524 271,525 296,525 321,525 346,525 371,525 396,524 421,524 446,523 471,523 496,522 521,521 546,521 571,520 596,519 621,519 646,519 672,518"/>
                <TextEquiv>
                    <Unicode>para tratar el concierto</Unicode>
                </TextEquiv>
            </TextLine>
            <TextLine id="r_2_1l7" custom="readingOrder {index:6;}">
                <Coords points="246,576 271,575 297,574 323,574 349,573 375,573 401,572 427,572 453,571 479,571 505,571 531,570 557,570 583,569 609,568 635,568 661,567 661,537 635,538 609,538 583,539 557,540 531,540 505,541 479,541 453,541 427,542 401,542 375,543 349,543 323,544 297,544 271,545 246,546"/>
                <Baseline points="246,566 271,565 297,564 323,564 349,563 375,563 401,562 427,562 453,561 479,561 505,561 531,560 557,560 583,559 609,558 635,558 661,557"/>
                <TextEquiv>
                    <Unicode>de las bodas de mi hija</Unicode>
                </TextEquiv>
            </TextLine>
            <TextLine id="r_2_1l8" custom="readingOrder {index:7;}">
                <Coords points="243,614 268,614 294,614 319,614 345,614 371,614 396,613 422,613 447,613 473,612 499,611 524,611 550,611 575,610 601,609 627,609 652,609 678,609 703,608 729,608 755,608 755,578 729,578 703,578 678,579 652,579 627,579 601,579 575,580 550,581 524,581 499,581 473,582 447,583 422,583 396,583 371,584 345,584 319,584 294,584 268,584 243,584"/>
                <Baseline points="243,604 268,604 294,604 319,604 345,604 371,604 396,603 422,603 447,603 473,602 499,601 524,601 550,601 575,600 601,599 627,599 652,599 678,599 703,598 729,598 755,598"/>
                <TextEquiv>
                    <Unicode>que lo espera por momentos.</Unicode>
                </TextEquiv>
            </TextLine>
            <TextLine id="r_2_1l9" custom="readingOrder {index:8;}">
                <Coords points="199,654 224,654 249,655 274,654 300,654 325,654 350,654 376,653 401,653 426,652 452,652 477,651 502,651 527,650 553,650 578,649 603,649 629,648 654,648 679,648 705,648 705,618 679,618 654,618 629,618 603,619 578,619 553,620 527,620 502,621 477,621 452,622 426,622 401,623 376,623 350,624 325,624 300,624 274,624 249,625 224,624 199,624"/>
                <Baseline points="199,644 224,644 249,645 274,644 300,644 325,644 350,644 376,643 401,643 426,642 452,642 477,641 502,641 527,640 553,640 578,639 603,639 629,638 654,638 679,638 705,638"/>
                <TextEquiv>
                    <Unicode>Bar. Yo tambien lo deseaba</Unicode>
                </TextEquiv>
            </TextLine>
            <TextLine id="r_2_1l10" custom="readingOrder {index:9;}">
                <Coords points="239,693 265,693 291,694 317,694 343,694 370,693 396,693 422,692 448,692 475,691 501,691 527,690 553,689 580,689 606,688 632,688 658,688 685,687 685,657 658,658 632,658 606,658 580,659 553,659 527,660 501,661 475,661 448,662 422,662 396,663 370,663 343,664 317,664 291,664 265,663 239,663"/>
                <Baseline points="239,683 265,683 291,684 317,684 343,684 370,683 396,683 422,682 448,682 475,681 501,681 527,680 553,679 580,679 606,678 632,678 658,678 685,677"/>
                <TextEquiv>
                    <Unicode>mi Señor Don Anacleto.</Unicode>
                </TextEquiv>
            </TextLine>
            <TextLine id="r_2_1l11" custom="readingOrder {index:10;}">
                <Coords points="237,733 262,733 287,734 312,734 338,733 363,733 388,733 413,733 439,732 464,732 489,731 514,731 540,730 565,730 590,729 615,729 641,728 666,728 691,727 717,727 717,697 691,697 666,698 641,698 615,699 590,699 565,700 540,700 514,701 489,701 464,702 439,702 413,703 388,703 363,703 338,703 312,704 287,704 262,703 237,703"/>
                <Baseline points="237,723 262,723 287,724 312,724 338,723 363,723 388,723 413,723 439,722 464,722 489,721 514,721 540,720 565,720 590,719 615,719 641,718 666,718 691,717 717,717"/>
                <TextEquiv>
                    <Unicode>Mas amigo, aquestas cosas</Unicode>
                </TextEquiv>
            </TextLine>
            <TextLine id="r_2_1l12" custom="readingOrder {index:11;}">
                <Coords points="240,774 266,773 292,773 318,773 344,773 370,773 396,773 422,772 448,772 474,772 500,771 526,771 552,770 578,769 604,768 630,767 656,766 682,765 682,735 656,736 630,737 604,738 578,739 552,740 526,741 500,741 474,742 448,742 422,742 396,743 370,743 344,743 318,743 292,743 266,743 240,744"/>
                <Baseline points="240,764 266,763 292,763 318,763 344,763 370,763 396,763 422,762 448,762 474,762 500,761 526,761 552,760 578,759 604,758 630,757 656,756 682,755"/>
                <TextEquiv>
                    <Unicode>deben mirarse primero;</Unicode>
                </TextEquiv>
            </TextLine>
            <TextLine id="r_2_1l13" custom="readingOrder {index:12;}">
                <Coords points="247,811 275,812 303,812 331,813 360,813 388,813 416,812 444,812 473,811 501,810 529,810 557,809 586,808 614,808 642,807 670,807 699,807 727,807 755,807 783,808 812,809 812,779 783,778 755,777 727,777 699,777 670,777 642,777 614,778 586,778 557,779 529,780 501,780 473,781 444,782 416,782 388,783 360,783 331,783 303,782 275,782 247,781"/>
                <Baseline points="247,801 275,802 303,802 331,803 360,803 388,803 416,802 444,802 473,801 501,800 529,800 557,799 586,798 614,798 642,797 670,797 699,797 727,797 755,797 783,798 812,799"/>
                <TextEquiv>
                    <Unicode>y advertir con quien se emplea</Unicode>
                </TextEquiv>
            </TextLine>
            <TextLine id="r_2_1l14" custom="readingOrder {index:13;}">
                <Coords points="251,853 276,853 301,854 326,854 351,853 376,853 401,852 426,852 451,851 476,851 501,850 526,849 551,848 576,848 601,847 626,847 651,846 676,846 701,847 727,847 727,817 701,817 676,816 651,816 626,817 601,817 576,818 551,818 526,819 501,820 476,821 451,821 426,822 401,822 376,823 351,823 326,824 301,824 276,823 251,823"/>
                <Baseline points="251,843 276,843 301,844 326,844 351,843 376,843 401,842 426,842 451,841 476,841 501,840 526,839 551,838 576,838 601,837 626,837 651,836 676,836 701,837 727,837"/>
                <TextEquiv>
                    <Unicode>un hombre de mis efectos.</Unicode>
                </TextEquiv>
            </TextLine>
            <TextLine id="r_2_1l15" custom="readingOrder {index:14;}">
                <Coords points="199,893 228,893 257,893 286,893 315,893 344,893 373,892 403,891 432,891 461,890 490,889 519,889 548,888 577,888 607,887 636,886 665,886 694,886 723,886 752,886 782,886 782,856 752,856 723,856 694,856 665,856 636,856 607,857 577,858 548,858 519,859 490,859 461,860 432,861 403,861 373,862 344,863 315,863 286,863 257,863 228,863 199,863"/>
                <Baseline points="199,883 228,883 257,883 286,883 315,883 344,883 373,882 403,881 432,881 461,880 490,879 519,879 548,878 577,878 607,877 636,876 665,876 694,876 723,876 752,876 782,876"/>
                <TextEquiv>
                    <Unicode>Anac. En eso no hay que mirar</Unicode>
                </TextEquiv>
            </TextLine>
            <TextLine id="r_2_1l16" custom="readingOrder {index:15;}">
                <Coords points="251,933 278,933 305,934 332,934 359,933 386,933 413,932 440,932 467,931 494,930 521,929 548,928 575,927 602,927 629,926 656,926 683,926 710,926 737,926 764,927 791,928 791,898 764,897 737,896 710,896 683,896 656,896 629,896 602,897 575,897 548,898 521,899 494,900 467,901 440,902 413,902 386,903 359,903 332,904 305,904 278,903 251,903"/>
                <Baseline points="251,923 278,923 305,924 332,924 359,923 386,923 413,922 440,922 467,921 494,920 521,919 548,918 575,917 602,917 629,916 656,916 683,916 710,916 737,916 764,917 791,918"/>
                <TextEquiv>
                    <Unicode>que mi linage es muy bueno;</Unicode>
                </TextEquiv>
            </TextLine>
            <TextLine id="r_2_1l17" custom="readingOrder {index:16;}">
                <Coords points="253,971 278,972 303,972 328,972 354,972 379,971 404,971 430,970 455,970 480,969 505,968 531,968 556,967 581,967 607,966 632,966 657,966 683,966 683,936 657,936 632,936 607,936 581,937 556,937 531,938 505,938 480,939 455,940 430,940 404,941 379,941 354,942 328,942 303,942 278,942 253,941"/>
                <Baseline points="253,961 278,962 303,962 328,962 354,962 379,961 404,961 430,960 455,960 480,959 505,958 531,958 556,957 581,957 607,956 632,956 657,956 683,956"/>
                <TextEquiv>
                    <Unicode>y mi hija en discrecion</Unicode>
                </TextEquiv>
            </TextLine>
            <TextLine id="r_2_1l18" custom="readingOrder {index:17;}">
                <Coords points="243,1012 269,1012 295,1012 321,1012 348,1012 374,1011 400,1011 427,1010 453,1010 479,1009 506,1008 532,1008 558,1007 584,1007 611,1006 637,1006 663,1006 690,1006 716,1006 742,1006 769,1007 769,977 742,976 716,976 690,976 663,976 637,976 611,976 584,977 558,977 532,978 506,978 479,979 453,980 427,980 400,981 374,981 348,982 321,982 295,982 269,982 243,982"/>
                <Baseline points="243,1002 269,1002 295,1002 321,1002 348,1002 374,1001 400,1001 427,1000 453,1000 479,999 506,998 532,998 558,997 584,997 611,996 637,996 663,996 690,996 716,996 742,996 769,997"/>
                <TextEquiv>
                    <Unicode>la admiracion de este Reyno,</Unicode>
                </TextEquiv>
            </TextLine>
            <TextLine id="r_2_1l19" custom="readingOrder {index:18;}">
                <Coords points="257,1053 282,1053 308,1052 333,1052 359,1052 384,1051 410,1051 435,1050 461,1049 486,1048 512,1048 537,1047 563,1047 588,1046 614,1046 639,1045 665,1045 690,1045 716,1045 741,1046 767,1047 767,1017 741,1016 716,1015 690,1015 665,1015 639,1015 614,1016 588,1016 563,1017 537,1017 512,1018 486,1018 461,1019 435,1020 410,1021 384,1021 359,1022 333,1022 308,1022 282,1023 257,1023"/>
                <Baseline points="257,1043 282,1043 308,1042 333,1042 359,1042 384,1041 410,1041 435,1040 461,1039 486,1038 512,1038 537,1037 563,1037 588,1036 614,1036 639,1035 665,1035 690,1035 716,1035 741,1036 767,1037"/>
                <TextEquiv>
                    <Unicode>y un asombro de hermosura,</Unicode>
                </TextEquiv>
            </TextLine>
            <TextLine id="r_2_1l20" custom="readingOrder {index:19;}">
                <Coords points="247,1091 273,1092 299,1092 325,1092 352,1092 378,1091 404,1090 430,1089 457,1089 483,1088 509,1087 535,1086 562,1086 588,1085 614,1085 640,1085 667,1085 693,1085 719,1086 746,1088 746,1058 719,1056 693,1055 667,1055 640,1055 614,1055 588,1055 562,1056 535,1056 509,1057 483,1058 457,1059 430,1059 404,1060 378,1061 352,1062 325,1062 299,1062 273,1062 247,1061"/>
                <Baseline points="247,1081 273,1082 299,1082 325,1082 352,1082 378,1081 404,1080 430,1079 457,1079 483,1078 509,1077 535,1076 562,1076 588,1075 614,1075 640,1075 667,1075 693,1075 719,1076 746,1078"/>
                <TextEquiv>
                    <Unicode>de honestidad y de aseo...</Unicode>
                </TextEquiv>
            </TextLine>
            <TextLine id="r_2_1l21" custom="readingOrder {index:20;}">
                <Coords points="254,1132 280,1132 307,1132 333,1131 360,1131 387,1130 413,1130 440,1130 467,1129 493,1129 520,1128 547,1127 573,1127 600,1126 627,1126 653,1125 680,1125 707,1125 733,1125 760,1125 787,1125 787,1095 760,1095 733,1095 707,1095 680,1095 653,1095 627,1096 600,1096 573,1097 547,1097 520,1098 493,1099 467,1099 440,1100 413,1100 387,1100 360,1101 333,1101 307,1102 280,1102 254,1102"/>
                <Baseline points="254,1122 280,1122 307,1122 333,1121 360,1121 387,1120 413,1120 440,1120 467,1119 493,1119 520,1118 547,1117 573,1117 600,1116 627,1116 653,1115 680,1115 707,1115 733,1115 760,1115 787,1115"/>
                <TextEquiv>
                    <Unicode>vamos, no se encuentra igual:</Unicode>
                </TextEquiv>
            </TextLine>
            <TextLine id="r_2_1l22" custom="readingOrder {index:21;}">
                <Coords points="257,1169 283,1170 309,1171 336,1171 362,1171 388,1171 415,1170 441,1169 468,1169 494,1168 520,1167 547,1165 573,1165 599,1164 626,1164 652,1164 679,1165 679,1135 652,1134 626,1134 599,1134 573,1135 547,1135 520,1137 494,1138 468,1139 441,1139 415,1140 388,1141 362,1141 336,1141 309,1141 283,1140 257,1139"/>
                <Baseline points="257,1159 283,1160 309,1161 336,1161 362,1161 388,1161 415,1160 441,1159 468,1159 494,1158 520,1157 547,1155 573,1155 599,1154 626,1154 652,1154 679,1155"/>
                <TextEquiv>
                    <Unicode>Y despues de todo esto</Unicode>
                </TextEquiv>
            </TextLine>
            <TextLine id="r_2_1l23" custom="readingOrder {index:22;}">
                <Coords points="259,1211 284,1211 309,1211 335,1211 360,1210 386,1210 411,1209 437,1209 462,1208 488,1208 513,1207 538,1206 564,1206 589,1205 615,1205 640,1205 666,1205 691,1205 717,1205 742,1205 768,1206 768,1176 742,1175 717,1175 691,1175 666,1175 640,1175 615,1175 589,1175 564,1176 538,1176 513,1177 488,1178 462,1178 437,1179 411,1179 386,1180 360,1180 335,1181 309,1181 284,1181 259,1181"/>
                <Baseline points="259,1201 284,1201 309,1201 335,1201 360,1200 386,1200 411,1199 437,1199 462,1198 488,1198 513,1197 538,1196 564,1196 589,1195 615,1195 640,1195 666,1195 691,1195 717,1195 742,1195 768,1196"/>
                <TextEquiv>
                    <Unicode>á mas de hermosura tiene...</Unicode>
                </TextEquiv>
            </TextLine>
            <TextLine id="r_2_1l24" custom="readingOrder {index:23;}">
                <Coords points="214,1251 247,1251 281,1250 315,1250 349,1250 383,1249 417,1249 450,1248 484,1248 518,1247 552,1246 586,1246 620,1245 654,1245 687,1244 721,1244 755,1244 789,1243 823,1243 857,1243 891,1243 891,1213 857,1213 823,1213 789,1213 755,1214 721,1214 687,1214 654,1215 620,1215 586,1216 552,1216 518,1217 484,1218 450,1218 417,1219 383,1219 349,1220 315,1220 281,1220 247,1221 214,1221"/>
                <Baseline points="214,1241 247,1241 281,1240 315,1240 349,1240 383,1239 417,1239 450,1238 484,1238 518,1237 552,1236 586,1236 620,1235 654,1235 687,1234 721,1234 755,1234 789,1233 823,1233 857,1233 891,1233"/>
                <TextEquiv>
                    <Unicode>Bar. Tambien soy buen mozoy tengo...</Unicode>
                </TextEquiv>
            </TextLine>
            <TextLine id="r_2_1l25" custom="readingOrder {index:24;}">
                <Coords points="212,1292 243,1291 275,1291 306,1291 338,1291 370,1290 401,1290 433,1289 465,1289 496,1289 528,1288 560,1288 591,1287 623,1286 655,1286 686,1285 718,1285 750,1284 781,1283 813,1282 845,1282 845,1252 813,1252 781,1253 750,1254 718,1255 686,1255 655,1256 623,1256 591,1257 560,1258 528,1258 496,1259 465,1259 433,1259 401,1260 370,1260 338,1261 306,1261 275,1261 243,1261 212,1262"/>
                <Baseline points="212,1282 243,1281 275,1281 306,1281 338,1281 370,1280 401,1280 433,1279 465,1279 496,1279 528,1278 560,1278 591,1277 623,1276 655,1276 686,1275 718,1275 750,1274 781,1273 813,1272 845,1272"/>
                <TextEquiv>
                    <Unicode>Anac. Mi hija, un fuerte mayorazgo.</Unicode>
                </TextEquiv>
            </TextLine>
            <TextLine id="r_2_1l26" custom="readingOrder {index:25;}">
                <Coords points="218,1330 245,1329 272,1329 299,1328 326,1328 353,1328 380,1328 408,1328 435,1328 462,1328 489,1328 516,1328 543,1328 570,1327 598,1327 625,1327 652,1327 679,1326 706,1326 733,1325 761,1324 761,1294 733,1295 706,1296 679,1296 652,1297 625,1297 598,1297 570,1297 543,1298 516,1298 489,1298 462,1298 435,1298 408,1298 380,1298 353,1298 326,1298 299,1298 272,1299 245,1299 218,1300"/>
                <Baseline points="218,1320 245,1319 272,1319 299,1318 326,1318 353,1318 380,1318 408,1318 435,1318 462,1318 489,1318 516,1318 543,1318 570,1317 598,1317 625,1317 652,1317 679,1316 706,1316 733,1315 761,1314"/>
                <TextEquiv>
                    <Unicode>Bar. Y yó un Baronato entero</Unicode>
                </TextEquiv>
            </TextLine>
            <TextLine id="r_2_1l27" custom="readingOrder {index:26;}">
                <Coords points="258,1370 283,1369 309,1369 335,1369 361,1369 387,1369 413,1369 439,1369 465,1369 490,1369 516,1369 542,1369 568,1368 594,1368 620,1367 646,1367 672,1366 672,1336 646,1337 620,1337 594,1338 568,1338 542,1339 516,1339 490,1339 465,1339 439,1339 413,1339 387,1339 361,1339 335,1339 309,1339 283,1339 258,1340"/>
                <Baseline points="258,1360 283,1359 309,1359 335,1359 361,1359 387,1359 413,1359 439,1359 465,1359 490,1359 516,1359 542,1359 568,1358 594,1358 620,1357 646,1357 672,1356"/>
                <TextEquiv>
                    <Unicode>de Tutiplen, le parece</Unicode>
                </TextEquiv>
            </TextLine>
            <TextLine id="r_2_1l28" custom="readingOrder {index:27;}">
                <Coords points="266,1410 291,1410 316,1409 342,1409 367,1409 393,1409 418,1408 443,1408 469,1408 494,1408 520,1408 545,1407 571,1407 596,1407 621,1406 647,1406 672,1405 698,1405 723,1404 749,1403 749,1373 723,1374 698,1375 672,1375 647,1376 621,1376 596,1377 571,1377 545,1377 520,1378 494,1378 469,1378 443,1378 418,1378 393,1379 367,1379 342,1379 316,1379 291,1380 266,1380"/>
                <Baseline points="266,1400 291,1400 316,1399 342,1399 367,1399 393,1399 418,1398 443,1398 469,1398 494,1398 520,1398 545,1397 571,1397 596,1397 621,1396 647,1396 672,1395 698,1395 723,1394 749,1393"/>
                <TextEquiv>
                    <Unicode>que es moco de pavo esto?</Unicode>
                </TextEquiv>
            </TextLine>
            <TextLine id="r_2_1l29" custom="readingOrder {index:28;}">
                <Coords points="223,1451 253,1450 283,1450 313,1449 343,1449 373,1449 403,1448 433,1448 463,1448 493,1448 523,1447 553,1447 583,1447 613,1447 643,1446 673,1446 703,1445 733,1445 763,1444 793,1444 823,1443 823,1413 793,1414 763,1414 733,1415 703,1415 673,1416 643,1416 613,1417 583,1417 553,1417 523,1417 493,1418 463,1418 433,1418 403,1418 373,1419 343,1419 313,1419 283,1420 253,1420 223,1421"/>
                <Baseline points="223,1441 253,1440 283,1440 313,1439 343,1439 373,1439 403,1438 433,1438 463,1438 493,1438 523,1437 553,1437 583,1437 613,1437 643,1436 673,1436 703,1435 733,1435 763,1434 793,1434 823,1433"/>
                <TextEquiv>
                    <Unicode>Anac. Ya se, Señor, que V. es rico,</Unicode>
                </TextEquiv>
            </TextLine>
            <TextLine id="r_2_1l30" custom="readingOrder {index:29;}">
                <Coords points="262,1489 288,1489 314,1489 340,1489 366,1489 392,1489 418,1488 444,1488 470,1488 496,1488 522,1487 548,1487 574,1487 600,1486 626,1486 652,1486 678,1485 704,1485 704,1455 678,1455 652,1456 626,1456 600,1456 574,1457 548,1457 522,1457 496,1458 470,1458 444,1458 418,1458 392,1459 366,1459 340,1459 314,1459 288,1459 262,1459"/>
                <Baseline points="262,1479 288,1479 314,1479 340,1479 366,1479 392,1479 418,1478 444,1478 470,1478 496,1478 522,1477 548,1477 574,1477 600,1476 626,1476 652,1476 678,1475 704,1475"/>
                <TextEquiv>
                    <Unicode>y digo que por lo mesmo</Unicode>
                </TextEquiv>
            </TextLine>
            <TextLine id="r_2_1l31" custom="readingOrder {index:30;}">
                <Coords points="260,1530 285,1529 311,1529 336,1529 362,1528 388,1528 413,1528 439,1528 464,1528 490,1528 516,1527 541,1527 567,1527 592,1527 618,1527 644,1527 669,1526 695,1526 721,1526 721,1496 695,1496 669,1496 644,1497 618,1497 592,1497 567,1497 541,1497 516,1497 490,1498 464,1498 439,1498 413,1498 388,1498 362,1498 336,1499 311,1499 285,1499 260,1500"/>
                <Baseline points="260,1520 285,1519 311,1519 336,1519 362,1518 388,1518 413,1518 439,1518 464,1518 490,1518 516,1517 541,1517 567,1517 592,1517 618,1517 644,1517 669,1516 695,1516 721,1516"/>
                <TextEquiv>
                    <Unicode>determino hacer la boda,</Unicode>
                </TextEquiv>
            </TextLine>
            <TextLine id="r_2_1l32" custom="readingOrder {index:31;}">
                <Coords points="268,1570 295,1570 322,1570 349,1569 376,1569 403,1569 430,1569 457,1568 484,1568 511,1568 538,1567 565,1567 592,1567 619,1566 646,1566 673,1565 700,1565 727,1565 754,1564 781,1564 809,1563 809,1533 781,1534 754,1534 727,1535 700,1535 673,1535 646,1536 619,1536 592,1537 565,1537 538,1537 511,1538 484,1538 457,1538 430,1539 403,1539 376,1539 349,1539 322,1540 295,1540 268,1540"/>
                <Baseline points="268,1560 295,1560 322,1560 349,1559 376,1559 403,1559 430,1559 457,1558 484,1558 511,1558 538,1557 565,1557 592,1557 619,1556 646,1556 673,1555 700,1555 727,1555 754,1554 781,1554 809,1553"/>
                <TextEquiv>
                    <Unicode>por qué sino...y ni por pienso.</Unicode>
                </TextEquiv>
            </TextLine>
            <TextLine id="r_2_1l33" custom="readingOrder {index:32;}">
                <Coords points="259,1609 287,1609 315,1609 343,1608 371,1608 399,1608 427,1608 455,1607 483,1607 511,1607 539,1607 567,1606 595,1606 623,1606 651,1605 679,1605 707,1604 735,1604 763,1603 791,1602 819,1601 819,1571 791,1572 763,1573 735,1574 707,1574 679,1575 651,1575 623,1576 595,1576 567,1576 539,1577 511,1577 483,1577 455,1577 427,1578 399,1578 371,1578 343,1578 315,1579 287,1579 259,1579"/>
                <Baseline points="259,1599 287,1599 315,1599 343,1598 371,1598 399,1598 427,1598 455,1597 483,1597 511,1597 539,1597 567,1596 595,1596 623,1596 651,1595 679,1595 707,1594 735,1594 763,1593 791,1592 819,1591"/>
                <TextEquiv>
                    <Unicode>Pero en fin, en que quedamos?</Unicode>
                </TextEquiv>
            </TextLine>
            <TextLine id="r_2_1l34" custom="readingOrder {index:33;}">
                <Coords points="228,1650 256,1650 285,1649 313,1649 342,1649 371,1649 399,1648 428,1648 456,1648 485,1647 514,1647 542,1646 571,1646 599,1646 628,1645 657,1645 685,1645 714,1644 742,1644 771,1643 800,1643 800,1613 771,1613 742,1614 714,1614 685,1615 657,1615 628,1615 599,1616 571,1616 542,1616 514,1617 485,1617 456,1618 428,1618 399,1618 371,1619 342,1619 313,1619 285,1619 256,1620 228,1620"/>
                <Baseline points="228,1640 256,1640 285,1639 313,1639 342,1639 371,1639 399,1638 428,1638 456,1638 485,1637 514,1637 542,1636 571,1636 599,1636 628,1635 657,1635 685,1635 714,1634 742,1634 771,1633 800,1633"/>
                <TextEquiv>
                    <Unicode>Bar. En que V. me de primero</Unicode>
                </TextEquiv>
            </TextLine>
            <TextLine id="r_2_1l35" custom="readingOrder {index:34;}">
                <Coords points="264,1691 289,1690 315,1689 340,1688 366,1688 391,1687 417,1687 442,1687 468,1686 494,1686 519,1686 545,1686 570,1686 596,1685 621,1685 647,1685 672,1684 698,1684 724,1683 724,1653 698,1654 672,1654 647,1655 621,1655 596,1655 570,1656 545,1656 519,1656 494,1656 468,1656 442,1657 417,1657 391,1657 366,1658 340,1658 315,1659 289,1660 264,1661"/>
                <Baseline points="264,1681 289,1680 315,1679 340,1678 366,1678 391,1677 417,1677 442,1677 468,1676 494,1676 519,1676 545,1676 570,1676 596,1675 621,1675 647,1675 672,1674 698,1674 724,1673"/>
                <TextEquiv>
                    <Unicode>un papel de lo que tiene</Unicode>
                </TextEquiv>
            </TextLine>
            <TextLine id="r_2_1l36" custom="readingOrder {index:35;}">
                <Coords points="276,1730 301,1729 327,1729 352,1729 378,1728 404,1728 429,1728 455,1728 480,1728 506,1727 532,1727 557,1727 583,1727 608,1726 634,1726 660,1725 685,1725 711,1724 737,1723 737,1693 711,1694 685,1695 660,1695 634,1696 608,1696 583,1697 557,1697 532,1697 506,1697 480,1698 455,1698 429,1698 404,1698 378,1698 352,1699 327,1699 301,1699 276,1700"/>
                <Baseline points="276,1720 301,1719 327,1719 352,1719 378,1718 404,1718 429,1718 455,1718 480,1718 506,1717 532,1717 557,1717 583,1717 608,1716 634,1716 660,1715 685,1715 711,1714 737,1713"/>
                <TextEquiv>
                    <Unicode>en hacienda, y en dinero.</Unicode>
                </TextEquiv>
            </TextLine>
            <TextLine id="r_2_1l37" custom="readingOrder {index:36;}">
                <Coords points="229,1769 255,1769 282,1769 308,1768 335,1768 362,1768 388,1768 415,1768 441,1767 468,1767 495,1767 521,1767 548,1766 574,1766 601,1766 628,1765 654,1765 681,1765 707,1764 734,1764 761,1763 761,1733 734,1734 707,1734 681,1735 654,1735 628,1735 601,1736 574,1736 548,1736 521,1737 495,1737 468,1737 441,1737 415,1738 388,1738 362,1738 335,1738 308,1738 282,1739 255,1739 229,1739"/>
                <Baseline points="229,1759 255,1759 282,1759 308,1758 335,1758 362,1758 388,1758 415,1758 441,1757 468,1757 495,1757 521,1757 548,1756 574,1756 601,1756 628,1755 654,1755 681,1755 707,1754 734,1754 761,1753"/>
                <TextEquiv>
                    <Unicode>Anac. Pues mañana tendrá V,</Unicode>
                </TextEquiv>
            </TextLine>
            <TextLine id="r_2_1l38" custom="readingOrder {index:37;}">
                <Coords points="269,1808 294,1808 320,1808 345,1808 371,1808 396,1808 422,1808 448,1807 473,1807 499,1807 524,1807 550,1806 575,1806 601,1806 627,1806 652,1806 678,1805 703,1805 729,1805 755,1805 755,1775 729,1775 703,1775 678,1775 652,1776 627,1776 601,1776 575,1776 550,1776 524,1777 499,1777 473,1777 448,1777 422,1778 396,1778 371,1778 345,1778 320,1778 294,1778 269,1778"/>
                <Baseline points="269,1798 294,1798 320,1798 345,1798 371,1798 396,1798 422,1798 448,1797 473,1797 499,1797 524,1797 550,1796 575,1796 601,1796 627,1796 652,1796 678,1795 703,1795 729,1795 755,1795"/>
                <TextEquiv>
                    <Unicode>lo que me pide, dispuesto;</Unicode>
                </TextEquiv>
            </TextLine>
            <TextLine id="r_2_1l39" custom="readingOrder {index:38;}">
                <Coords points="263,1848 288,1848 313,1848 339,1847 364,1847 389,1847 415,1847 440,1847 465,1846 491,1846 516,1846 542,1846 567,1846 592,1845 618,1845 643,1845 668,1844 694,1844 719,1844 745,1843 745,1813 719,1814 694,1814 668,1814 643,1815 618,1815 592,1815 567,1816 542,1816 516,1816 491,1816 465,1816 440,1817 415,1817 389,1817 364,1817 339,1817 313,1818 288,1818 263,1818"/>
                <Baseline points="263,1838 288,1838 313,1838 339,1837 364,1837 389,1837 415,1837 440,1837 465,1836 491,1836 516,1836 542,1836 567,1836 592,1835 618,1835 643,1835 668,1834 694,1834 719,1834 745,1833"/>
                <TextEquiv>
                    <Unicode>con tal que V. manifieste</Unicode>
                </TextEquiv>
            </TextLine>
            <TextLine id="r_2_1l40" custom="readingOrder {index:39;}">
                <Coords points="272,1888 298,1887 324,1887 350,1886 376,1886 402,1886 428,1886 454,1886 480,1886 506,1886 532,1885 558,1885 584,1885 610,1885 636,1884 662,1884 689,1883 689,1853 662,1854 636,1854 610,1855 584,1855 558,1855 532,1855 506,1856 480,1856 454,1856 428,1856 402,1856 376,1856 350,1856 324,1857 298,1857 272,1858"/>
                <Baseline points="272,1878 298,1877 324,1877 350,1876 376,1876 402,1876 428,1876 454,1876 480,1876 506,1876 532,1875 558,1875 584,1875 610,1875 636,1874 662,1874 689,1873"/>
                <TextEquiv>
                    <Unicode>lo que posee primero.</Unicode>
                </TextEquiv>
            </TextLine>
            <TextLine id="r_2_1l41" custom="readingOrder {index:40;}">
                <Coords points="234,1927 262,1927 290,1927 318,1927 347,1927 375,1927 403,1926 432,1926 460,1926 488,1926 517,1925 545,1925 573,1925 601,1924 630,1924 658,1924 686,1924 715,1924 743,1924 771,1924 800,1924 800,1894 771,1894 743,1894 715,1894 686,1894 658,1894 630,1894 601,1894 573,1895 545,1895 517,1895 488,1896 460,1896 432,1896 403,1896 375,1897 347,1897 318,1897 290,1897 262,1897 234,1897"/>
                <Baseline points="234,1917 262,1917 290,1917 318,1917 347,1917 375,1917 403,1916 432,1916 460,1916 488,1916 517,1915 545,1915 573,1915 601,1914 630,1914 658,1914 686,1914 715,1914 743,1914 771,1914 800,1914"/>
                <TextEquiv>
                    <Unicode>Bar. Si Señor, esto al instante.</Unicode>
                </TextEquiv>
            </TextLine>
            <TextLine id="r_2_1l42" custom="readingOrder {index:41;}">
                <Coords points="240,1968 270,1968 301,1967 331,1967 362,1967 393,1966 423,1966 454,1966 485,1965 515,1965 546,1965 577,1964 607,1964 638,1964 669,1963 699,1963 730,1963 761,1963 791,1962 822,1962 853,1962 853,1932 822,1932 791,1932 761,1933 730,1933 699,1933 669,1933 638,1934 607,1934 577,1934 546,1935 515,1935 485,1935 454,1936 423,1936 393,1936 362,1937 331,1937 301,1937 270,1938 240,1938"/>
                <Baseline points="240,1958 270,1958 301,1957 331,1957 362,1957 393,1956 423,1956 454,1956 485,1955 515,1955 546,1955 577,1954 607,1954 638,1954 669,1953 699,1953 730,1953 761,1953 791,1952 822,1952 853,1952"/>
                <TextEquiv>
                    <Unicode>Anac. Pues máñana nos veremos.</Unicode>
                </TextEquiv>
            </TextLine>
            <TextLine id="r_2_1l43" custom="readingOrder {index:42;}">
                <Coords points="238,2007 303,2007 369,2006 435,2006 501,2005 567,2005 632,2004 698,2003 764,2002 830,2002 896,2001 961,2000 1027,1999 1093,1998 1159,1997 1225,1996 1290,1995 1356,1994 1422,1993 1488,1991 1554,1990 1554,1960 1488,1961 1422,1963 1356,1964 1290,1965 1225,1966 1159,1967 1093,1968 1027,1969 961,1970 896,1971 830,1972 764,1972 698,1973 632,1974 567,1975 501,1975 435,1976 369,1976 303,1977 238,1977"/>
                <Baseline points="238,1997 303,1997 369,1996 435,1996 501,1995 567,1995 632,1994 698,1993 764,1992 830,1992 896,1991 961,1990 1027,1989 1093,1988 1159,1987 1225,1986 1290,1985 1356,1984 1422,1983 1488,1981 1554,1980"/>
                <TextEquiv>
                    <Unicode>Bar. Quedad con Dios, porque es tarde Sinf. Pues yo de prisa lo quiero.</Unicode>
                </TextEquiv>
            </TextLine>
            <TextLine id="r_2_1l44" custom="readingOrder {index:43;}">
                <Coords points="270,2046 301,2046 332,2046 363,2046 395,2046 426,2046 457,2046 489,2045 520,2045 551,2045 583,2045 614,2044 645,2044 676,2043 708,2043 739,2043 770,2043 802,2042 833,2042 864,2042 896,2042 896,2012 864,2012 833,2012 802,2012 770,2013 739,2013 708,2013 676,2013 645,2014 614,2014 583,2015 551,2015 520,2015 489,2015 457,2016 426,2016 395,2016 363,2016 332,2016 301,2016 270,2016"/>
                <Baseline points="270,2036 301,2036 332,2036 363,2036 395,2036 426,2036 457,2036 489,2035 520,2035 551,2035 583,2035 614,2034 645,2034 676,2033 708,2033 739,2033 770,2033 802,2032 833,2032 864,2032 896,2032"/>
                <TextEquiv>
                    <Unicode>y temo no me de el fresco. vase.</Unicode>
                </TextEquiv>
            </TextLine>
            <TextLine id="r_2_1l45" custom="readingOrder {index:44;}">
                <Coords points="248,2087 273,2087 298,2087 323,2086 348,2086 373,2086 398,2085 423,2085 448,2085 473,2084 499,2084 524,2084 549,2083 574,2083 599,2083 624,2083 649,2083 674,2084 699,2084 724,2085 750,2086 750,2056 724,2055 699,2054 674,2054 649,2053 624,2053 599,2053 574,2053 549,2053 524,2054 499,2054 473,2054 448,2055 423,2055 398,2055 373,2056 348,2056 323,2056 298,2057 273,2057 248,2057"/>
                <Baseline points="248,2077 273,2077 298,2077 323,2076 348,2076 373,2076 398,2075 423,2075 448,2075 473,2074 499,2074 524,2074 549,2073 574,2073 599,2073 624,2073 649,2073 674,2074 699,2074 724,2075 750,2076"/>
                <TextEquiv>
                    <Unicode>Anac. Váyase Usía con Dios,</Unicode>
                </TextEquiv>
            </TextLine>
            <TextLine id="r_2_1l46" custom="readingOrder {index:45;}">
                <Coords points="292,2128 318,2127 344,2127 370,2127 396,2127 422,2127 449,2127 475,2126 501,2126 527,2126 553,2126 579,2126 606,2125 632,2125 658,2125 684,2125 710,2126 737,2126 737,2096 710,2096 684,2095 658,2095 632,2095 606,2095 579,2096 553,2096 527,2096 501,2096 475,2096 449,2097 422,2097 396,2097 370,2097 344,2097 318,2097 292,2098"/>
                <Baseline points="292,2118 318,2117 344,2117 370,2117 396,2117 422,2117 449,2117 475,2116 501,2116 527,2116 553,2116 579,2116 606,2115 632,2115 658,2115 684,2115 710,2116 737,2116"/>
                <TextEquiv>
                    <Unicode>que mañana trataremos.</Unicode>
                </TextEquiv>
            </TextLine>
            <TextEquiv>
                <Unicode>Sala de Don Anacleto, aparese este, y
sale el Baron.
Anac. Señor Baron, á fé mia
que esperaba mucho tiempo
esta feliz ocasion,
para tratar el concierto
de las bodas de mi hija
que lo espera por momentos.
Bar. Yo tambien lo deseaba
mi Señor Don Anacleto.
Mas amigo, aquestas cosas
deben mirarse primero;
y advertir con quien se emplea
un hombre de mis efectos.
Anac. En eso no hay que mirar
que mi linage es muy bueno;
y mi hija en discrecion
la admiracion de este Reyno,
y un asombro de hermosura,
de honestidad y de aseo...
vamos, no se encuentra igual:
Y despues de todo esto
á mas de hermosura tiene...
Bar. Tambien soy buen mozoy tengo...
Anac. Mi hija, un fuerte mayorazgo.
Bar. Y yó un Baronato entero
de Tutiplen, le parece
que es moco de pavo esto?
Anac. Ya se, Señor, que V. es rico,
y digo que por lo mesmo
determino hacer la boda,
por qué sino...y ni por pienso.
Pero en fin, en que quedamos?
Bar. En que V. me de primero
un papel de lo que tiene
en hacienda, y en dinero.
Anac. Pues mañana tendrá V,
lo que me pide, dispuesto;
con tal que V. manifieste
lo que posee primero.
Bar. Si Señor, esto al instante.
Anac. Pues máñana nos veremos.
Bar. Quedad con Dios, porque es tarde Sinf. Pues yo de prisa lo quiero.
y temo no me de el fresco. vase.
Anac. Váyase Usía con Dios,
que mañana trataremos.</Unicode>
            </TextEquiv>
        </TextRegion>
        <TextRegion orientation="0.0" type="paragraph" id="r_3_1" custom="readingOrder {index:2;}">
            <Coords points="911,233 1634,233 1634,2126 911,2126"/>
            <TextLine id="r_3_1l1" custom="readingOrder {index:0;}">
                <Coords points="945,285 971,285 997,285 1024,285 1050,285 1076,285 1103,284 1129,284 1155,283 1182,283 1208,282 1234,282 1261,281 1287,281 1313,281 1340,281 1366,280 1392,280 1419,281 1419,251 1392,250 1366,250 1340,251 1313,251 1287,251 1261,251 1234,252 1208,252 1182,253 1155,253 1129,254 1103,254 1076,255 1050,255 1024,255 997,255 971,255 945,255"/>
                <Baseline points="945,275 971,275 997,275 1024,275 1050,275 1076,275 1103,274 1129,274 1155,273 1182,273 1208,272 1234,272 1261,271 1287,271 1313,271 1340,271 1366,270 1392,270 1419,271"/>
                <TextEquiv>
                    <Unicode>Sin duda el Señor Baron,</Unicode>
                </TextEquiv>
            </TextLine>
            <TextLine id="r_3_1l2" custom="readingOrder {index:1;}">
                <Coords points="958,326 984,326 1010,326 1036,325 1062,325 1088,325 1114,325 1140,324 1166,324 1192,323 1218,323 1244,322 1270,322 1296,321 1322,321 1348,320 1374,320 1401,319 1401,289 1374,290 1348,290 1322,291 1296,291 1270,292 1244,292 1218,293 1192,293 1166,294 1140,294 1114,295 1088,295 1062,295 1036,295 1010,296 984,296 958,296"/>
                <Baseline points="958,316 984,316 1010,316 1036,315 1062,315 1088,315 1114,315 1140,314 1166,314 1192,313 1218,313 1244,312 1270,312 1296,311 1322,311 1348,310 1374,310 1401,309"/>
                <TextEquiv>
                    <Unicode>quiere pescar mi dinero:</Unicode>
                </TextEquiv>
            </TextLine>
            <TextLine id="r_3_1l3" custom="readingOrder {index:2;}">
                <Coords points="955,367 980,366 1006,365 1032,365 1058,364 1083,364 1109,363 1135,363 1161,362 1187,362 1212,362 1238,362 1264,361 1290,361 1316,361 1341,361 1367,360 1393,360 1419,359 1445,359 1445,329 1419,329 1393,330 1367,330 1341,331 1316,331 1290,331 1264,331 1238,332 1212,332 1187,332 1161,332 1135,333 1109,333 1083,334 1058,334 1032,335 1006,335 980,336 955,337"/>
                <Baseline points="955,357 980,356 1006,355 1032,355 1058,354 1083,354 1109,353 1135,353 1161,352 1187,352 1212,352 1238,352 1264,351 1290,351 1316,351 1341,351 1367,350 1393,350 1419,349 1445,349"/>
                <TextEquiv>
                    <Unicode>mas yo inventaré una idea</Unicode>
                </TextEquiv>
            </TextLine>
            <TextLine id="r_3_1l4" custom="readingOrder {index:3;}">
                <Coords points="951,404 977,405 1003,405 1029,405 1055,405 1081,404 1107,404 1133,404 1159,403 1185,403 1211,402 1237,402 1263,401 1289,401 1315,400 1341,400 1367,400 1393,400 1393,370 1367,370 1341,370 1315,370 1289,371 1263,371 1237,372 1211,372 1185,373 1159,373 1133,374 1107,374 1081,374 1055,375 1029,375 1003,375 977,375 951,374"/>
                <Baseline points="951,394 977,395 1003,395 1029,395 1055,395 1081,394 1107,394 1133,394 1159,393 1185,393 1211,392 1237,392 1263,391 1289,391 1315,390 1341,390 1367,390 1393,390"/>
                <TextEquiv>
                    <Unicode>ayudandome el ingenio;</Unicode>
                </TextEquiv>
            </TextLine>
            <TextLine id="r_3_1l5" custom="readingOrder {index:4;}">
                <Coords points="965,444 990,444 1016,444 1041,444 1067,444 1093,444 1118,443 1144,443 1169,443 1195,442 1221,442 1246,442 1272,441 1297,441 1323,440 1349,440 1374,440 1400,440 1425,440 1451,440 1477,440 1477,410 1451,410 1425,410 1400,410 1374,410 1349,410 1323,410 1297,411 1272,411 1246,412 1221,412 1195,412 1169,413 1144,413 1118,413 1093,414 1067,414 1041,414 1016,414 990,414 965,414"/>
                <Baseline points="965,434 990,434 1016,434 1041,434 1067,434 1093,434 1118,433 1144,433 1169,433 1195,432 1221,432 1246,432 1272,431 1297,431 1323,430 1349,430 1374,430 1400,430 1425,430 1451,430 1477,430"/>
                <TextEquiv>
                    <Unicode>porque se case con mi hija,</Unicode>
                </TextEquiv>
            </TextLine>
            <TextLine id="r_3_1l6" custom="readingOrder {index:5;}">
                <Coords points="952,486 977,485 1002,484 1027,484 1052,483 1077,483 1103,483 1128,482 1153,482 1178,482 1203,482 1228,481 1254,481 1279,481 1304,481 1329,481 1354,481 1379,481 1405,480 1405,450 1379,451 1354,451 1329,451 1304,451 1279,451 1254,451 1228,451 1203,452 1178,452 1153,452 1128,452 1103,453 1077,453 1052,453 1027,454 1002,454 977,455 952,456"/>
                <Baseline points="952,476 977,475 1002,474 1027,474 1052,473 1077,473 1103,473 1128,472 1153,472 1178,472 1203,472 1228,471 1254,471 1279,471 1304,471 1329,471 1354,471 1379,471 1405,470"/>
                <TextEquiv>
                    <Unicode>sin tocar yo mis talegos.</Unicode>
                </TextEquiv>
            </TextLine>
            <TextLine id="r_3_1l7" custom="readingOrder {index:6;}">
                <Coords points="1132,522 1158,521 1185,521 1212,520 1239,520 1266,519 1293,519 1320,519 1347,519 1374,520 1374,490 1347,489 1320,489 1293,489 1266,489 1239,490 1212,490 1185,491 1158,491 1132,492"/>
                <Baseline points="1132,512 1158,511 1185,511 1212,510 1239,510 1266,509 1293,509 1320,509 1347,509 1374,510"/>
                <TextEquiv>
                    <Unicode>Sale el Poge.</Unicode>
                </TextEquiv>
            </TextLine>
            <TextLine id="r_3_1l8" custom="readingOrder {index:7;}">
                <Coords points="913,565 942,565 972,565 1002,565 1032,564 1062,564 1092,563 1122,563 1152,563 1182,562 1212,561 1241,561 1271,561 1301,560 1331,559 1361,559 1391,558 1421,558 1451,557 1481,557 1511,557 1511,527 1481,527 1451,527 1421,528 1391,528 1361,529 1331,529 1301,530 1271,531 1241,531 1212,531 1182,532 1152,533 1122,533 1092,533 1062,534 1032,534 1002,535 972,535 942,535 913,535"/>
                <Baseline points="913,555 942,555 972,555 1002,555 1032,554 1062,554 1092,553 1122,553 1152,553 1182,552 1212,551 1241,551 1271,551 1301,550 1331,549 1361,549 1391,548 1421,548 1451,547 1481,547 1511,547"/>
                <TextEquiv>
                    <Unicode>Paj. Señor, me hizo V. el papel</Unicode>
                </TextEquiv>
            </TextLine>
            <TextLine id="r_3_1l9" custom="readingOrder {index:8;}">
                <Coords points="961,604 986,604 1011,604 1037,604 1062,604 1088,603 1113,603 1139,603 1164,603 1190,602 1215,602 1240,601 1266,601 1291,601 1317,600 1342,599 1368,599 1393,598 1419,597 1444,597 1470,596 1470,566 1444,567 1419,567 1393,568 1368,569 1342,569 1317,570 1291,571 1266,571 1240,571 1215,572 1190,572 1164,573 1139,573 1113,573 1088,573 1062,574 1037,574 1011,574 986,574 961,574"/>
                <Baseline points="961,594 986,594 1011,594 1037,594 1062,594 1088,593 1113,593 1139,593 1164,593 1190,592 1215,592 1240,591 1266,591 1291,591 1317,590 1342,589 1368,589 1393,588 1419,587 1444,587 1470,586"/>
                <TextEquiv>
                    <Unicode>de la obligacion que tengo?</Unicode>
                </TextEquiv>
            </TextLine>
            <TextLine id="r_3_1l10" custom="readingOrder {index:9;}">
                <Coords points="921,644 950,644 980,645 1009,645 1039,644 1068,644 1098,644 1127,643 1157,643 1186,642 1216,641 1245,641 1275,640 1304,640 1334,639 1363,639 1393,639 1422,638 1452,638 1481,638 1511,639 1511,609 1481,608 1452,608 1422,608 1393,609 1363,609 1334,609 1304,610 1275,610 1245,611 1216,611 1186,612 1157,613 1127,613 1098,614 1068,614 1039,614 1009,615 980,615 950,614 921,614"/>
                <Baseline points="921,634 950,634 980,635 1009,635 1039,634 1068,634 1098,634 1127,633 1157,633 1186,632 1216,631 1245,631 1275,630 1304,630 1334,629 1363,629 1393,629 1422,628 1452,628 1481,628 1511,629"/>
                <TextEquiv>
                    <Unicode>Anac. Sí, tómale, aquí lo tienes,</Unicode>
                </TextEquiv>
            </TextLine>
            <TextLine id="r_3_1l11" custom="readingOrder {index:10;}">
                <Coords points="963,683 988,683 1014,683 1039,683 1065,683 1090,683 1116,683 1141,683 1167,683 1192,682 1218,682 1243,681 1269,681 1294,680 1320,680 1345,679 1371,678 1396,677 1422,676 1422,646 1396,647 1371,648 1345,649 1320,650 1294,650 1269,651 1243,651 1218,652 1192,652 1167,653 1141,653 1116,653 1090,653 1065,653 1039,653 1014,653 988,653 963,653"/>
                <Baseline points="963,673 988,673 1014,673 1039,673 1065,673 1090,673 1116,673 1141,673 1167,673 1192,672 1218,672 1243,671 1269,671 1294,670 1320,670 1345,669 1371,668 1396,667 1422,666"/>
                <TextEquiv>
                    <Unicode>apréndelo, y al momento</Unicode>
                </TextEquiv>
            </TextLine>
            <TextLine id="r_3_1l12" custom="readingOrder {index:11;}">
                <Coords points="960,722 985,722 1010,721 1035,721 1060,721 1085,721 1110,721 1135,722 1160,722 1185,722 1210,721 1235,721 1260,720 1285,719 1310,718 1310,688 1285,689 1260,690 1235,691 1210,691 1185,692 1160,692 1135,692 1110,691 1085,691 1060,691 1035,691 1010,691 985,692 960,692"/>
                <Baseline points="960,712 985,712 1010,711 1035,711 1060,711 1085,711 1110,711 1135,712 1160,712 1185,712 1210,711 1235,711 1260,710 1285,709 1310,708"/>
                <TextEquiv>
                    <Unicode>empezarás á servir</Unicode>
                </TextEquiv>
            </TextLine>
            <TextLine id="r_3_1l13" custom="readingOrder {index:12;}">
                <Coords points="959,763 984,763 1010,763 1036,763 1062,762 1088,762 1114,762 1140,762 1166,762 1192,761 1218,761 1244,761 1270,760 1296,760 1322,760 1348,759 1374,759 1400,758 1426,758 1452,757 1452,727 1426,728 1400,728 1374,729 1348,729 1322,730 1296,730 1270,730 1244,731 1218,731 1192,731 1166,732 1140,732 1114,732 1088,732 1062,732 1036,733 1010,733 984,733 959,733"/>
                <Baseline points="959,753 984,753 1010,753 1036,753 1062,752 1088,752 1114,752 1140,752 1166,752 1192,751 1218,751 1244,751 1270,750 1296,750 1322,750 1348,749 1374,749 1400,748 1426,748 1452,747"/>
                <TextEquiv>
                    <Unicode>con cuidado y con esmero.</Unicode>
                </TextEquiv>
            </TextLine>
            <TextLine id="r_3_1l14" custom="readingOrder {index:13;}">
                <Coords points="915,804 941,804 967,803 993,803 1019,803 1046,802 1072,802 1098,802 1124,802 1150,801 1177,801 1203,801 1229,800 1255,800 1281,800 1308,799 1334,799 1360,799 1386,798 1412,798 1439,797 1439,767 1412,768 1386,768 1360,769 1334,769 1308,769 1281,770 1255,770 1229,770 1203,771 1177,771 1150,771 1124,772 1098,772 1072,772 1046,772 1019,773 993,773 967,773 941,774 915,774"/>
                <Baseline points="915,794 941,794 967,793 993,793 1019,793 1046,792 1072,792 1098,792 1124,792 1150,791 1177,791 1203,791 1229,790 1255,790 1281,790 1308,789 1334,789 1360,789 1386,788 1412,788 1439,787"/>
                <TextEquiv>
                    <Unicode>Paj. A decir verdad, Señor,</Unicode>
                </TextEquiv>
            </TextLine>
            <TextLine id="r_3_1l15" custom="readingOrder {index:14;}">
                <Coords points="971,841 996,841 1022,842 1048,842 1073,842 1099,842 1125,842 1150,841 1176,841 1202,841 1227,841 1253,840 1279,840 1304,840 1330,839 1356,838 1381,837 1407,836 1433,835 1433,805 1407,806 1381,807 1356,808 1330,809 1304,810 1279,810 1253,810 1227,811 1202,811 1176,811 1150,811 1125,812 1099,812 1073,812 1048,812 1022,812 996,811 971,811"/>
                <Baseline points="971,831 996,831 1022,832 1048,832 1073,832 1099,832 1125,832 1150,831 1176,831 1202,831 1227,831 1253,830 1279,830 1304,830 1330,829 1356,828 1381,827 1407,826 1433,825"/>
                <TextEquiv>
                    <Unicode>soy muy corto de talento.</Unicode>
                </TextEquiv>
            </TextLine>
            <TextLine id="r_3_1l16" custom="readingOrder {index:15;}">
                <Coords points="969,881 995,881 1021,882 1047,882 1073,882 1099,882 1125,881 1151,881 1177,881 1203,880 1229,880 1255,880 1281,879 1307,879 1333,878 1359,878 1385,878 1411,877 1437,877 1463,877 1463,847 1437,847 1411,847 1385,848 1359,848 1333,848 1307,849 1281,849 1255,850 1229,850 1203,850 1177,851 1151,851 1125,851 1099,852 1073,852 1047,852 1021,852 995,851 969,851"/>
                <Baseline points="969,871 995,871 1021,872 1047,872 1073,872 1099,872 1125,871 1151,871 1177,871 1203,870 1229,870 1255,870 1281,869 1307,869 1333,868 1359,868 1385,868 1411,867 1437,867 1463,867"/>
                <TextEquiv>
                    <Unicode>Lo tendre en la faldriquera</Unicode>
                </TextEquiv>
            </TextLine>
            <TextLine id="r_3_1l17" custom="readingOrder {index:16;}">
                <Coords points="971,923 997,922 1023,922 1049,921 1076,921 1102,921 1128,921 1154,920 1181,920 1207,920 1233,919 1259,919 1286,918 1312,918 1338,917 1364,917 1391,916 1391,886 1364,887 1338,887 1312,888 1286,888 1259,889 1233,889 1207,890 1181,890 1154,890 1128,891 1102,891 1076,891 1049,891 1023,892 997,892 971,893"/>
                <Baseline points="971,913 997,912 1023,912 1049,911 1076,911 1102,911 1128,911 1154,910 1181,910 1207,910 1233,909 1259,909 1286,908 1312,908 1338,907 1364,907 1391,906"/>
                <TextEquiv>
                    <Unicode>por si se ofrece leerlo.</Unicode>
                </TextEquiv>
            </TextLine>
            <TextLine id="r_3_1l18" custom="readingOrder {index:17;}">
                <Coords points="932,961 959,962 986,962 1014,962 1041,961 1069,961 1096,961 1123,961 1151,960 1178,960 1206,959 1233,959 1260,959 1288,958 1315,958 1343,957 1370,957 1397,957 1425,957 1452,956 1480,956 1480,926 1452,926 1425,927 1397,927 1370,927 1343,927 1315,928 1288,928 1260,929 1233,929 1206,929 1178,930 1151,930 1123,931 1096,931 1069,931 1041,931 1014,932 986,932 959,932 932,931"/>
                <Baseline points="932,951 959,952 986,952 1014,952 1041,951 1069,951 1096,951 1123,951 1151,950 1178,950 1206,949 1233,949 1260,949 1288,948 1315,948 1343,947 1370,947 1397,947 1425,947 1452,946 1480,946"/>
                <TextEquiv>
                    <Unicode>Anac. Está bien. Tu ama sale,</Unicode>
                </TextEquiv>
            </TextLine>
            <TextLine id="r_3_1l19" custom="readingOrder {index:18;}">
                <Coords points="971,1002 996,1002 1021,1002 1047,1002 1072,1002 1098,1001 1123,1001 1149,1000 1174,1000 1200,1000 1225,999 1250,999 1276,998 1301,997 1327,997 1352,996 1378,996 1403,995 1429,995 1454,994 1480,994 1480,964 1454,964 1429,965 1403,965 1378,966 1352,966 1327,967 1301,967 1276,968 1250,969 1225,969 1200,970 1174,970 1149,970 1123,971 1098,971 1072,972 1047,972 1021,972 996,972 971,972"/>
                <Baseline points="971,992 996,992 1021,992 1047,992 1072,992 1098,991 1123,991 1149,990 1174,990 1200,990 1225,989 1250,989 1276,988 1301,987 1327,987 1352,986 1378,986 1403,985 1429,985 1454,984 1480,984"/>
                <TextEquiv>
                    <Unicode>mira que hermoso portento.</Unicode>
                </TextEquiv>
            </TextLine>
            <TextLine id="r_3_1l20" custom="readingOrder {index:19;}">
                <Coords points="1031,1039 1056,1039 1081,1039 1107,1039 1132,1038 1158,1038 1183,1038 1209,1038 1234,1037 1260,1037 1285,1037 1311,1037 1336,1036 1362,1036 1387,1036 1413,1036 1438,1036 1464,1035 1489,1035 1515,1035 1515,1005 1489,1005 1464,1005 1438,1006 1413,1006 1387,1006 1362,1006 1336,1006 1311,1007 1285,1007 1260,1007 1234,1007 1209,1008 1183,1008 1158,1008 1132,1008 1107,1009 1081,1009 1056,1009 1031,1009"/>
                <Baseline points="1031,1029 1056,1029 1081,1029 1107,1029 1132,1028 1158,1028 1183,1028 1209,1028 1234,1027 1260,1027 1285,1027 1311,1027 1336,1026 1362,1026 1387,1026 1413,1026 1438,1026 1464,1025 1489,1025 1515,1025"/>
                <TextEquiv>
                    <Unicode>Sale Sinforasa de figurona.</Unicode>
                </TextEquiv>
            </TextLine>
            <TextLine id="r_3_1l21" custom="readingOrder {index:20;}">
                <Coords points="928,1080 955,1081 982,1081 1009,1081 1036,1081 1064,1081 1091,1080 1118,1080 1145,1079 1172,1079 1200,1078 1227,1078 1254,1077 1281,1077 1308,1077 1336,1076 1363,1076 1390,1076 1417,1076 1444,1077 1472,1077 1472,1047 1444,1047 1417,1046 1390,1046 1363,1046 1336,1046 1308,1047 1281,1047 1254,1047 1227,1048 1200,1048 1172,1049 1145,1049 1118,1050 1091,1050 1064,1051 1036,1051 1009,1051 982,1051 955,1051 928,1050"/>
                <Baseline points="928,1070 955,1071 982,1071 1009,1071 1036,1071 1064,1071 1091,1070 1118,1070 1145,1069 1172,1069 1200,1068 1227,1068 1254,1067 1281,1067 1308,1067 1336,1066 1363,1066 1390,1066 1417,1066 1444,1067 1472,1067"/>
                <TextEquiv>
                    <Unicode>Paj. Tan donosa es como yo,</Unicode>
                </TextEquiv>
            </TextLine>
            <TextLine id="r_3_1l22" custom="readingOrder {index:21;}">
                <Coords points="987,1119 1013,1120 1039,1120 1065,1120 1091,1120 1117,1120 1143,1119 1169,1119 1196,1118 1222,1118 1248,1117 1274,1117 1300,1116 1326,1116 1352,1116 1378,1115 1405,1115 1405,1085 1378,1085 1352,1086 1326,1086 1300,1086 1274,1087 1248,1087 1222,1088 1196,1088 1169,1089 1143,1089 1117,1090 1091,1090 1065,1090 1039,1090 1013,1090 987,1089"/>
                <Baseline points="987,1109 1013,1110 1039,1110 1065,1110 1091,1110 1117,1110 1143,1109 1169,1109 1196,1108 1222,1108 1248,1107 1274,1107 1300,1106 1326,1106 1352,1106 1378,1105 1405,1105"/>
                <TextEquiv>
                    <Unicode>poco mas ó poco menos.</Unicode>
                </TextEquiv>
            </TextLine>
            <TextLine id="r_3_1l23" custom="readingOrder {index:22;}">
                <Coords points="934,1159 963,1160 992,1160 1021,1160 1050,1160 1079,1160 1108,1160 1137,1160 1166,1160 1195,1159 1224,1159 1253,1158 1282,1157 1311,1157 1340,1156 1369,1156 1398,1155 1427,1155 1456,1155 1485,1154 1515,1154 1515,1124 1485,1124 1456,1125 1427,1125 1398,1125 1369,1126 1340,1126 1311,1127 1282,1127 1253,1128 1224,1129 1195,1129 1166,1130 1137,1130 1108,1130 1079,1130 1050,1130 1021,1130 992,1130 963,1130 934,1129"/>
                <Baseline points="934,1149 963,1150 992,1150 1021,1150 1050,1150 1079,1150 1108,1150 1137,1150 1166,1150 1195,1149 1224,1149 1253,1148 1282,1147 1311,1147 1340,1146 1369,1146 1398,1145 1427,1145 1456,1145 1485,1144 1515,1144"/>
                <TextEquiv>
                    <Unicode>Sinf. Padre, cuando se compone</Unicode>
                </TextEquiv>
            </TextLine>
            <TextLine id="r_3_1l24" custom="readingOrder {index:23;}">
                <Coords points="971,1201 996,1201 1021,1201 1047,1201 1072,1201 1098,1200 1123,1200 1149,1200 1174,1199 1200,1199 1225,1198 1250,1198 1276,1197 1301,1197 1327,1196 1352,1195 1378,1195 1403,1194 1429,1193 1429,1163 1403,1164 1378,1165 1352,1165 1327,1166 1301,1167 1276,1167 1250,1168 1225,1168 1200,1169 1174,1169 1149,1170 1123,1170 1098,1170 1072,1171 1047,1171 1021,1171 996,1171 971,1171"/>
                <Baseline points="971,1191 996,1191 1021,1191 1047,1191 1072,1191 1098,1190 1123,1190 1149,1190 1174,1189 1200,1189 1225,1188 1250,1188 1276,1187 1301,1187 1327,1186 1352,1185 1378,1185 1403,1184 1429,1183"/>
                <TextEquiv>
                    <Unicode>mi anhelado casamiento?</Unicode>
                </TextEquiv>
            </TextLine>
            <TextLine id="r_3_1l25" custom="readingOrder {index:24;}">
                <Coords points="935,1241 961,1241 987,1241 1013,1241 1039,1241 1066,1240 1092,1240 1118,1240 1144,1240 1170,1239 1197,1239 1223,1239 1249,1238 1275,1238 1301,1237 1328,1237 1354,1237 1380,1236 1406,1236 1432,1235 1459,1234 1459,1204 1432,1205 1406,1206 1380,1206 1354,1207 1328,1207 1301,1207 1275,1208 1249,1208 1223,1209 1197,1209 1170,1209 1144,1210 1118,1210 1092,1210 1066,1210 1039,1211 1013,1211 987,1211 961,1211 935,1211"/>
                <Baseline points="935,1231 961,1231 987,1231 1013,1231 1039,1231 1066,1230 1092,1230 1118,1230 1144,1230 1170,1229 1197,1229 1223,1229 1249,1228 1275,1228 1301,1227 1328,1227 1354,1227 1380,1226 1406,1226 1432,1225 1459,1224"/>
                <TextEquiv>
                    <Unicode>Anac. Con el Baron Tutiplen</Unicode>
                </TextEquiv>
            </TextLine>
            <TextLine id="r_3_1l26" custom="readingOrder {index:25;}">
                <Coords points="984,1280 1009,1281 1034,1281 1059,1281 1084,1280 1109,1280 1134,1280 1159,1279 1184,1278 1209,1278 1234,1277 1259,1276 1284,1276 1309,1276 1334,1276 1359,1275 1384,1276 1384,1246 1359,1245 1334,1246 1309,1246 1284,1246 1259,1246 1234,1247 1209,1248 1184,1248 1159,1249 1134,1250 1109,1250 1084,1250 1059,1251 1034,1251 1009,1251 984,1250"/>
                <Baseline points="984,1270 1009,1271 1034,1271 1059,1271 1084,1270 1109,1270 1134,1270 1159,1269 1184,1268 1209,1268 1234,1267 1259,1266 1284,1266 1309,1266 1334,1266 1359,1265 1384,1266"/>
                <TextEquiv>
                    <Unicode>ya convenido lo tengo.</Unicode>
                </TextEquiv>
            </TextLine>
            <TextLine id="r_3_1l27" custom="readingOrder {index:26;}">
                <Coords points="934,1319 963,1319 993,1319 1022,1319 1052,1319 1082,1319 1111,1319 1141,1319 1171,1319 1200,1318 1230,1318 1260,1317 1289,1317 1319,1317 1349,1316 1378,1315 1408,1315 1438,1314 1467,1313 1497,1313 1527,1312 1527,1282 1497,1283 1467,1283 1438,1284 1408,1285 1378,1285 1349,1286 1319,1287 1289,1287 1260,1287 1230,1288 1200,1288 1171,1289 1141,1289 1111,1289 1082,1289 1052,1289 1022,1289 993,1289 963,1289 934,1289"/>
                <Baseline points="934,1309 963,1309 993,1309 1022,1309 1052,1309 1082,1309 1111,1309 1141,1309 1171,1309 1200,1308 1230,1308 1260,1307 1289,1307 1319,1307 1349,1306 1378,1305 1408,1305 1438,1304 1467,1303 1497,1303 1527,1302"/>
                <TextEquiv>
                    <Unicode>Sinf Y será esta misma noche?</Unicode>
                </TextEquiv>
            </TextLine>
            <TextLine id="r_3_1l28" custom="readingOrder {index:27;}">
                <Coords points="988,1362 1014,1362 1040,1360 1066,1360 1092,1359 1118,1359 1144,1358 1170,1358 1196,1357 1222,1357 1248,1356 1274,1356 1300,1355 1326,1355 1352,1355 1378,1354 1404,1354 1430,1353 1457,1353 1457,1323 1430,1323 1404,1324 1378,1324 1352,1325 1326,1325 1300,1325 1274,1326 1248,1326 1222,1327 1196,1327 1170,1328 1144,1328 1118,1329 1092,1329 1066,1330 1040,1330 1014,1332 988,1332"/>
                <Baseline points="988,1352 1014,1352 1040,1350 1066,1350 1092,1349 1118,1349 1144,1348 1170,1348 1196,1347 1222,1347 1248,1346 1274,1346 1300,1345 1326,1345 1352,1345 1378,1344 1404,1344 1430,1343 1457,1343"/>
                <TextEquiv>
                    <Unicode>que prisa mi Papá tengo.</Unicode>
                </TextEquiv>
            </TextLine>
            <TextLine id="r_3_1l29" custom="readingOrder {index:28;}">
                <Coords points="946,1402 979,1401 1013,1400 1046,1399 1080,1399 1114,1398 1147,1398 1181,1397 1215,1397 1248,1396 1282,1396 1315,1396 1349,1395 1383,1395 1416,1395 1450,1394 1484,1394 1517,1393 1551,1393 1585,1392 1585,1362 1551,1363 1517,1363 1484,1364 1450,1364 1416,1365 1383,1365 1349,1365 1315,1366 1282,1366 1248,1366 1215,1367 1181,1367 1147,1368 1114,1368 1080,1369 1046,1369 1013,1370 979,1371 946,1372"/>
                <Baseline points="946,1392 979,1391 1013,1390 1046,1389 1080,1389 1114,1388 1147,1388 1181,1387 1215,1387 1248,1386 1282,1386 1315,1386 1349,1385 1383,1385 1416,1385 1450,1384 1484,1384 1517,1383 1551,1383 1585,1382"/>
                <TextEquiv>
                    <Unicode>Pag. Quiéreme á mi y será pronto,</Unicode>
                </TextEquiv>
            </TextLine>
            <TextLine id="r_3_1l30" custom="readingOrder {index:29;}">
                <Coords points="992,1440 1018,1440 1045,1440 1072,1439 1099,1439 1126,1439 1153,1438 1179,1438 1206,1438 1233,1437 1260,1437 1287,1436 1314,1436 1341,1436 1367,1435 1394,1434 1421,1434 1448,1433 1475,1432 1502,1431 1529,1431 1529,1401 1502,1401 1475,1402 1448,1403 1421,1404 1394,1404 1367,1405 1341,1406 1314,1406 1287,1406 1260,1407 1233,1407 1206,1408 1179,1408 1153,1408 1126,1409 1099,1409 1072,1409 1045,1410 1018,1410 992,1410"/>
                <Baseline points="992,1430 1018,1430 1045,1430 1072,1429 1099,1429 1126,1429 1153,1428 1179,1428 1206,1428 1233,1427 1260,1427 1287,1426 1314,1426 1341,1426 1367,1425 1394,1424 1421,1424 1448,1423 1475,1422 1502,1421 1529,1421"/>
                <TextEquiv>
                    <Unicode>que tambien quiero lo mesmo.</Unicode>
                </TextEquiv>
            </TextLine>
            <TextLine id="r_3_1l31" custom="readingOrder {index:30;}">
                <Coords points="951,1481 981,1481 1012,1481 1042,1480 1073,1480 1104,1480 1134,1479 1165,1479 1195,1479 1226,1478 1257,1478 1287,1477 1318,1477 1348,1476 1379,1475 1410,1474 1440,1474 1471,1473 1501,1473 1532,1472 1563,1471 1563,1441 1532,1442 1501,1443 1471,1443 1440,1444 1410,1444 1379,1445 1348,1446 1318,1447 1287,1447 1257,1448 1226,1448 1195,1449 1165,1449 1134,1449 1104,1450 1073,1450 1042,1450 1012,1451 981,1451 951,1451"/>
                <Baseline points="951,1471 981,1471 1012,1471 1042,1470 1073,1470 1104,1470 1134,1469 1165,1469 1195,1469 1226,1468 1257,1468 1287,1467 1318,1467 1348,1466 1379,1465 1410,1464 1440,1464 1471,1463 1501,1463 1532,1462 1563,1461"/>
                <TextEquiv>
                    <Unicode>Anac. No, hija, que aquestas cosas</Unicode>
                </TextEquiv>
            </TextLine>
            <TextLine id="r_3_1l32" custom="readingOrder {index:31;}">
                <Coords points="983,1521 1009,1521 1035,1520 1061,1520 1087,1519 1113,1519 1139,1519 1165,1518 1191,1518 1217,1517 1243,1517 1269,1516 1295,1516 1321,1516 1347,1515 1373,1515 1399,1515 1425,1514 1425,1484 1399,1485 1373,1485 1347,1485 1321,1486 1295,1486 1269,1486 1243,1487 1217,1487 1191,1488 1165,1488 1139,1489 1113,1489 1087,1489 1061,1490 1035,1490 1009,1491 983,1491"/>
                <Baseline points="983,1511 1009,1511 1035,1510 1061,1510 1087,1509 1113,1509 1139,1509 1165,1508 1191,1508 1217,1507 1243,1507 1269,1506 1295,1506 1321,1506 1347,1505 1373,1505 1399,1505 1425,1504"/>
                <TextEquiv>
                    <Unicode>se deben mirar primero,</Unicode>
                </TextEquiv>
            </TextLine>
            <TextLine id="r_3_1l33" custom="readingOrder {index:32;}">
                <Coords points="987,1559 1017,1559 1048,1559 1078,1559 1109,1559 1140,1559 1170,1559 1201,1558 1231,1558 1262,1557 1293,1556 1323,1556 1354,1555 1384,1554 1415,1554 1446,1553 1476,1552 1507,1552 1537,1551 1568,1551 1599,1551 1599,1521 1568,1521 1537,1521 1507,1522 1476,1522 1446,1523 1415,1524 1384,1524 1354,1525 1323,1526 1293,1526 1262,1527 1231,1528 1201,1528 1170,1529 1140,1529 1109,1529 1078,1529 1048,1529 1017,1529 987,1529"/>
                <Baseline points="987,1549 1017,1549 1048,1549 1078,1549 1109,1549 1140,1549 1170,1549 1201,1548 1231,1548 1262,1547 1293,1546 1323,1546 1354,1545 1384,1544 1415,1544 1446,1543 1476,1542 1507,1542 1537,1541 1568,1541 1599,1541"/>
                <TextEquiv>
                    <Unicode>y mucho, porque en los hombres</Unicode>
                </TextEquiv>
            </TextLine>
            <TextLine id="r_3_1l34" custom="readingOrder {index:33;}">
                <Coords points="993,1599 1021,1599 1049,1599 1077,1599 1105,1598 1133,1598 1161,1598 1190,1597 1218,1597 1246,1596 1274,1596 1302,1596 1330,1595 1358,1594 1387,1594 1415,1593 1443,1593 1471,1592 1499,1592 1527,1591 1556,1591 1556,1561 1527,1561 1499,1562 1471,1562 1443,1563 1415,1563 1387,1564 1358,1564 1330,1565 1302,1566 1274,1566 1246,1566 1218,1567 1190,1567 1161,1568 1133,1568 1105,1568 1077,1569 1049,1569 1021,1569 993,1569"/>
                <Baseline points="993,1589 1021,1589 1049,1589 1077,1589 1105,1588 1133,1588 1161,1588 1190,1587 1218,1587 1246,1586 1274,1586 1302,1586 1330,1585 1358,1584 1387,1584 1415,1583 1443,1583 1471,1582 1499,1582 1527,1581 1556,1581"/>
                <TextEquiv>
                    <Unicode>hay de malos y hay de buenos.</Unicode>
                </TextEquiv>
            </TextLine>
            <TextLine id="r_3_1l35" custom="readingOrder {index:34;}">
                <Coords points="949,1640 981,1640 1013,1640 1046,1640 1078,1639 1111,1639 1143,1638 1175,1638 1208,1638 1240,1637 1273,1636 1305,1636 1337,1635 1370,1634 1402,1634 1435,1633 1467,1632 1499,1632 1532,1631 1564,1630 1597,1630 1597,1600 1564,1600 1532,1601 1499,1602 1467,1602 1435,1603 1402,1604 1370,1604 1337,1605 1305,1606 1273,1606 1240,1607 1208,1608 1175,1608 1143,1608 1111,1609 1078,1609 1046,1610 1013,1610 981,1610 949,1610"/>
                <Baseline points="949,1630 981,1630 1013,1630 1046,1630 1078,1629 1111,1629 1143,1628 1175,1628 1208,1628 1240,1627 1273,1626 1305,1626 1337,1625 1370,1624 1402,1624 1435,1623 1467,1622 1499,1622 1532,1621 1564,1620 1597,1620"/>
                <TextEquiv>
                    <Unicode>Sinf. Pues Padre, yo con los hombres</Unicode>
                </TextEquiv>
            </TextLine>
            <TextLine id="r_3_1l36" custom="readingOrder {index:35;}">
                <Coords points="987,1681 1015,1680 1043,1679 1072,1678 1100,1678 1129,1677 1157,1677 1185,1677 1214,1676 1242,1676 1271,1676 1299,1676 1327,1676 1356,1675 1384,1675 1413,1674 1441,1674 1469,1673 1498,1672 1526,1672 1555,1671 1555,1641 1526,1642 1498,1642 1469,1643 1441,1644 1413,1644 1384,1645 1356,1645 1327,1646 1299,1646 1271,1646 1242,1646 1214,1646 1185,1647 1157,1647 1129,1647 1100,1648 1072,1648 1043,1649 1015,1650 987,1651"/>
                <Baseline points="987,1671 1015,1670 1043,1669 1072,1668 1100,1668 1129,1667 1157,1667 1185,1667 1214,1666 1242,1666 1271,1666 1299,1666 1327,1666 1356,1665 1384,1665 1413,1664 1441,1664 1469,1663 1498,1662 1526,1662 1555,1661"/>
                <TextEquiv>
                    <Unicode>no me meto en cumplimientos:</Unicode>
                </TextEquiv>
            </TextLine>
            <TextLine id="r_3_1l37" custom="readingOrder {index:36;}">
                <Coords points="988,1719 1014,1719 1040,1719 1066,1718 1092,1718 1118,1717 1144,1717 1170,1717 1196,1716 1222,1716 1248,1715 1274,1715 1300,1715 1326,1715 1352,1715 1379,1715 1379,1685 1352,1685 1326,1685 1300,1685 1274,1685 1248,1685 1222,1686 1196,1686 1170,1687 1144,1687 1118,1687 1092,1688 1066,1688 1040,1689 1014,1689 988,1689"/>
                <Baseline points="988,1709 1014,1709 1040,1709 1066,1708 1092,1708 1118,1707 1144,1707 1170,1707 1196,1706 1222,1706 1248,1705 1274,1705 1300,1705 1326,1705 1352,1705 1379,1705"/>
                <TextEquiv>
                    <Unicode>sea manco ó sea cojo,</Unicode>
                </TextEquiv>
            </TextLine>
            <TextLine id="r_3_1l38" custom="readingOrder {index:37;}">
                <Coords points="993,1759 1018,1759 1044,1758 1069,1758 1095,1757 1120,1757 1146,1756 1171,1756 1197,1756 1222,1756 1248,1755 1273,1755 1299,1755 1324,1755 1350,1754 1375,1754 1401,1754 1426,1754 1452,1754 1452,1724 1426,1724 1401,1724 1375,1724 1350,1724 1324,1725 1299,1725 1273,1725 1248,1725 1222,1726 1197,1726 1171,1726 1146,1726 1120,1727 1095,1727 1069,1728 1044,1728 1018,1729 993,1729"/>
                <Baseline points="993,1749 1018,1749 1044,1748 1069,1748 1095,1747 1120,1747 1146,1746 1171,1746 1197,1746 1222,1746 1248,1745 1273,1745 1299,1745 1324,1745 1350,1744 1375,1744 1401,1744 1426,1744 1452,1744"/>
                <TextEquiv>
                    <Unicode>sea tuerto ú sea derecho,</Unicode>
                </TextEquiv>
            </TextLine>
            <TextLine id="r_3_1l39" custom="readingOrder {index:38;}">
                <Coords points="998,1798 1023,1798 1049,1798 1075,1797 1101,1797 1126,1797 1152,1797 1178,1796 1204,1796 1230,1796 1255,1795 1281,1795 1307,1795 1333,1794 1359,1794 1384,1794 1410,1793 1436,1793 1462,1793 1488,1793 1488,1763 1462,1763 1436,1763 1410,1763 1384,1764 1359,1764 1333,1764 1307,1765 1281,1765 1255,1765 1230,1766 1204,1766 1178,1766 1152,1767 1126,1767 1101,1767 1075,1767 1049,1768 1023,1768 998,1768"/>
                <Baseline points="998,1788 1023,1788 1049,1788 1075,1787 1101,1787 1126,1787 1152,1787 1178,1786 1204,1786 1230,1786 1255,1785 1281,1785 1307,1785 1333,1784 1359,1784 1384,1784 1410,1783 1436,1783 1462,1783 1488,1783"/>
                <TextEquiv>
                    <Unicode>en siendo hombre ya tiene</Unicode>
                </TextEquiv>
            </TextLine>
            <TextLine id="r_3_1l40" custom="readingOrder {index:39;}">
                <Coords points="1008,1839 1033,1838 1058,1838 1083,1837 1108,1837 1133,1836 1158,1836 1183,1836 1208,1836 1233,1836 1259,1835 1284,1835 1309,1835 1334,1835 1359,1834 1384,1834 1409,1833 1434,1833 1459,1832 1485,1831 1485,1801 1459,1802 1434,1803 1409,1803 1384,1804 1359,1804 1334,1805 1309,1805 1284,1805 1259,1805 1233,1806 1208,1806 1183,1806 1158,1806 1133,1806 1108,1807 1083,1807 1058,1808 1033,1808 1008,1809"/>
                <Baseline points="1008,1829 1033,1828 1058,1828 1083,1827 1108,1827 1133,1826 1158,1826 1183,1826 1208,1826 1233,1826 1259,1825 1284,1825 1309,1825 1334,1825 1359,1824 1384,1824 1409,1823 1434,1823 1459,1822 1485,1821"/>
                <TextEquiv>
                    <Unicode>un no se qué qüe le quiero.</Unicode>
                </TextEquiv>
            </TextLine>
            <TextLine id="r_3_1l41" custom="readingOrder {index:40;}">
                <Coords points="960,1880 990,1879 1021,1878 1052,1878 1082,1877 1113,1877 1144,1876 1174,1876 1205,1876 1236,1875 1267,1875 1297,1875 1328,1874 1359,1874 1389,1874 1420,1873 1451,1872 1481,1872 1512,1871 1543,1870 1574,1868 1574,1838 1543,1840 1512,1841 1481,1842 1451,1842 1420,1843 1389,1844 1359,1844 1328,1844 1297,1845 1267,1845 1236,1845 1205,1846 1174,1846 1144,1846 1113,1847 1082,1847 1052,1848 1021,1848 990,1849 960,1850"/>
                <Baseline points="960,1870 990,1869 1021,1868 1052,1868 1082,1867 1113,1867 1144,1866 1174,1866 1205,1866 1236,1865 1267,1865 1297,1865 1328,1864 1359,1864 1389,1864 1420,1863 1451,1862 1481,1862 1512,1861 1543,1860 1574,1858"/>
                <TextEquiv>
                    <Unicode>Paj. Muchos hay que no lo tienen</Unicode>
                </TextEquiv>
            </TextLine>
            <TextLine id="r_3_1l42" custom="readingOrder {index:41;}">
                <Coords points="1006,1919 1031,1918 1057,1918 1082,1918 1108,1917 1133,1917 1159,1917 1185,1916 1210,1916 1236,1916 1261,1915 1287,1915 1312,1915 1338,1914 1364,1914 1389,1914 1415,1913 1440,1913 1466,1912 1492,1912 1492,1882 1466,1882 1440,1883 1415,1883 1389,1884 1364,1884 1338,1884 1312,1885 1287,1885 1261,1885 1236,1886 1210,1886 1185,1886 1159,1887 1133,1887 1108,1887 1082,1888 1057,1888 1031,1888 1006,1889"/>
                <Baseline points="1006,1909 1031,1908 1057,1908 1082,1908 1108,1907 1133,1907 1159,1907 1185,1906 1210,1906 1236,1906 1261,1905 1287,1905 1312,1905 1338,1904 1364,1904 1389,1904 1415,1903 1440,1903 1466,1902 1492,1902"/>
                <TextEquiv>
                    <Unicode>porque acaso lo perdieron.</Unicode>
                </TextEquiv>
            </TextLine>
            <TextLine id="r_3_1l43" custom="readingOrder {index:42;}">
                <Coords points="966,1960 997,1960 1029,1959 1060,1958 1092,1958 1123,1957 1155,1957 1186,1957 1218,1956 1249,1956 1281,1956 1313,1955 1344,1955 1376,1954 1407,1954 1439,1953 1470,1952 1502,1951 1533,1950 1565,1949 1597,1948 1597,1918 1565,1919 1533,1920 1502,1921 1470,1922 1439,1923 1407,1924 1376,1924 1344,1925 1313,1925 1281,1926 1249,1926 1218,1926 1186,1927 1155,1927 1123,1927 1092,1928 1060,1928 1029,1929 997,1930 966,1930"/>
                <Baseline points="966,1950 997,1950 1029,1949 1060,1948 1092,1948 1123,1947 1155,1947 1186,1947 1218,1946 1249,1946 1281,1946 1313,1945 1344,1945 1376,1944 1407,1944 1439,1943 1470,1942 1502,1941 1533,1940 1565,1939 1597,1938"/>
                <TextEquiv>
                    <Unicode>Anac. Es menester mas de espacio.</Unicode>
                </TextEquiv>
            </TextLine>
            <TextLine id="r_3_1l44" custom="readingOrder {index:43;}">
                <Coords points="958,2040 991,2039 1024,2039 1058,2038 1091,2038 1125,2038 1158,2037 1192,2037 1225,2036 1259,2036 1292,2036 1325,2035 1359,2035 1392,2034 1426,2033 1459,2033 1493,2031 1526,2031 1560,2030 1593,2028 1627,2027 1627,1997 1593,1998 1560,2000 1526,2001 1493,2001 1459,2003 1426,2003 1392,2004 1359,2005 1325,2005 1292,2006 1259,2006 1225,2006 1192,2007 1158,2007 1125,2008 1091,2008 1058,2008 1024,2009 991,2009 958,2010"/>
                <Baseline points="958,2030 991,2029 1024,2029 1058,2028 1091,2028 1125,2028 1158,2027 1192,2027 1225,2026 1259,2026 1292,2026 1325,2025 1359,2025 1392,2024 1426,2023 1459,2023 1493,2021 1526,2021 1560,2020 1593,2018 1627,2017"/>
                <TextEquiv>
                    <Unicode>Paj. Que prisa tiene la niña! aparte.</Unicode>
                </TextEquiv>
            </TextLine>
            <TextLine id="r_3_1l45" custom="readingOrder {index:44;}">
                <Coords points="1008,2080 1038,2079 1068,2079 1098,2078 1128,2078 1158,2077 1188,2077 1218,2076 1248,2076 1278,2075 1308,2075 1338,2074 1368,2074 1398,2073 1428,2073 1458,2073 1488,2072 1518,2072 1548,2071 1578,2071 1609,2070 1609,2040 1578,2041 1548,2041 1518,2042 1488,2042 1458,2043 1428,2043 1398,2043 1368,2044 1338,2044 1308,2045 1278,2045 1248,2046 1218,2046 1188,2047 1158,2047 1128,2048 1098,2048 1068,2049 1038,2049 1008,2050"/>
                <Baseline points="1008,2070 1038,2069 1068,2069 1098,2068 1128,2068 1158,2067 1188,2067 1218,2066 1248,2066 1278,2065 1308,2065 1338,2064 1368,2064 1398,2063 1428,2063 1458,2063 1488,2062 1518,2062 1548,2061 1578,2061 1609,2060"/>
                <TextEquiv>
                    <Unicode>que vá que le envido el resto...</Unicode>
                </TextEquiv>
            </TextLine>
            <TextLine id="r_3_1l46" custom="readingOrder {index:45;}">
                <Coords points="961,2121 987,2121 1013,2120 1039,2120 1065,2119 1091,2119 1117,2119 1143,2118 1169,2118 1195,2117 1221,2117 1247,2116 1273,2116 1299,2116 1325,2115 1351,2115 1377,2114 1403,2114 1429,2114 1455,2113 1481,2113 1481,2083 1455,2083 1429,2084 1403,2084 1377,2084 1351,2085 1325,2085 1299,2086 1273,2086 1247,2086 1221,2087 1195,2087 1169,2088 1143,2088 1117,2089 1091,2089 1065,2089 1039,2090 1013,2090 987,2091 961,2091"/>
                <Baseline points="961,2111 987,2111 1013,2110 1039,2110 1065,2109 1091,2109 1117,2109 1143,2108 1169,2108 1195,2107 1221,2107 1247,2106 1273,2106 1299,2106 1325,2105 1351,2105 1377,2104 1403,2104 1429,2104 1455,2103 1481,2103"/>
                <TextEquiv>
                    <Unicode>Anac. Esta prisa me parece</Unicode>
                </TextEquiv>
            </TextLine>
            <TextEquiv>
                <Unicode>Sin duda el Señor Baron,
quiere pescar mi dinero:
mas yo inventaré una idea
ayudandome el ingenio;
porque se case con mi hija,
sin tocar yo mis talegos.
Sale el Poge.
Paj. Señor, me hizo V. el papel
de la obligacion que tengo?
Anac. Sí, tómale, aquí lo tienes,
apréndelo, y al momento
empezarás á servir
con cuidado y con esmero.
Paj. A decir verdad, Señor,
soy muy corto de talento.
Lo tendre en la faldriquera
por si se ofrece leerlo.
Anac. Está bien. Tu ama sale,
mira que hermoso portento.
Sale Sinforasa de figurona.
Paj. Tan donosa es como yo,
poco mas ó poco menos.
Sinf. Padre, cuando se compone
mi anhelado casamiento?
Anac. Con el Baron Tutiplen
ya convenido lo tengo.
Sinf Y será esta misma noche?
que prisa mi Papá tengo.
Pag. Quiéreme á mi y será pronto,
que tambien quiero lo mesmo.
Anac. No, hija, que aquestas cosas
se deben mirar primero,
y mucho, porque en los hombres
hay de malos y hay de buenos.
Sinf. Pues Padre, yo con los hombres
no me meto en cumplimientos:
sea manco ó sea cojo,
sea tuerto ú sea derecho,
en siendo hombre ya tiene
un no se qué qüe le quiero.
Paj. Muchos hay que no lo tienen
porque acaso lo perdieron.
Anac. Es menester mas de espacio.
Paj. Que prisa tiene la niña! aparte.
que vá que le envido el resto...
Anac. Esta prisa me parece</Unicode>
            </TextEquiv>
        </TextRegion>
    </Page>
</PcGts>
