1594 2275
228 79 260 111 4
171 124 725 158 Demos gracias al Padre y al Hijo,
133 163 726 197 y á la Aurora que es Madre de Dios,
137 199 628 232 y al Espíritu Santo; su esposo,
133 238 717 270 que el mal contagioso, ya se retiró.
290 272 545 306 Con divino amor:
137 312 578 343 alabemos todos los mortales,
136 349 708 381 con gracias iguales á nuestro Señor.
168 457 645 491 No te alegres alma pecadora,
137 495 764 528 porque te ha dejado con vida el Señor,
132 532 718 564 no te olvides de esta Santa Aurora,
136 569 757 601 que es la defensora que en paz nos sacó.
278 607 566 637 Todos á una voz:
131 641 604 674 les pidamos al Jue: Soberano,
127 679 695 712 para nuestros hermanos el perdon.
169 788 720 822 Ya me llaman en todos mis pasos,
133 824 687 858 y en sus abogaciones á mi madre,
125 862 673 896 á mi esposa la adoran y veneran,
132 899 716 930 le piden de veras aumento en la fé.
278 927 535 966 Habeis de saber:
133 973 684 1005 que mi Madre y mi Esposa os dicen,
128 1010 706 1042 que siendo felices no perdais el bien.
163 1119 744 1153 Por los ruegos de esta Sta. Aurora,
130 1155 752 1190 que nuestro patrono el Sto. Sebastian,
131 1194 728 1225 y las almas que á la Cruz se inclinan
123 1228 693 1262 por gracia divina se retiró el mal.
276 1265 562 1297 Habeis de pensar:
127 1303 651 1335 que es castigo del cielo declarado,
129 1341 741 1374 por nuestros pecados y grande maldad.
839 128 1376 161 Viva, viva, nuestra fé, cristianos;
793 162 1418 199 y todos los santos que en el cielo están,
793 201 1285 234 y la Santa de todas las santas
798 239 1427 270 que es la mas sagrada reliquia especial.
939 272 1205 306 O suma bondad!
798 311 1364 344 que en la Cruz nos ganasteis la vida,
800 349 1366 380 dejando en Maria por hijo á S. Juan.
830 457 1340 490 En el cielo se hincó de rodillas,
793 496 1294 528 la Aurora divina ante la Cruz,
791 532 1275 564 la corona le puso en la mano,
801 570 1333 601 y dice: Hijo mio, mi dulce Jesus,
930 604 1238 637 Mi espejo y mi luz:
798 641 1273 675 si me disteis palabra de Madre,
795 680 1327 712 tu poder es grande, dales la salud.
827 791 1379 822 Qué me pides, madre de mi vida,
797 827 1323 858 dice Jesucristo, que yo no te dé,
787 862 1325 894 la salud para ese pueblo rebelde
786 901 1422 931 que tanto me ofende como bien se vé.
933 933 1153 968 Yo se la daré:
791 973 1279 1006 por tus ruegos Madre poderosa,
788 1011 1363 1042 que en todas las cosas vale tu poder.
826 1119 1349 1152 La Pastora, mortales, os busca,
790 1157 1416 1191 corriendo las calles con suma piedad;
792 1194 1286 1226 que vengais á rezar el Rosario
790 1231 1398 1264 porque será mucha vuestra utilidad.
935 1264 1172 1299 Venid á rezar,
793 1304 1272 1336 que al oir vuestras Ave Marias,
793 1341 1363 1374 se queda sin fuerzas el lobo infernal.
705 1464 838 1616 FIN.
209 1714 1413 1754 NOTA. Hay concedidas muchas gracias é indulgencias por
127 1763 1409 1798 varios Prelados, á todos los que con devocion rezaren el santo
127 1807 622 1841 rosario á María Santísima.
125 1921 1407 2075 CARMONA:—Imp. y lib. de don José M. Moreno, Madre de Dios, 1.
