1581 2273
274 110 294 140 2
207 144 743 175 Madre mia, Virgen de la Aurora,
175 180 806 212 darme vuestra gracia para principiar,
179 216 716 247 que os la pido contrito y humilde
182 251 764 284 postrado ante el trono de tu piedad.
319 286 642 322 Me la habeis de dar,
176 321 666 357 Madre mia, Reina de los cielos,
176 361 784 393 por que os lo pido con gran humildad.
221 468 770 500 De el jardin de la iglesia es María,
183 505 774 540 la Rosa encarnada que fragancia dá,
185 542 592 574 rodeada de los serafines,
189 580 775 611 y de querubines con gran Magestad.
337 616 582 648 Venid y llegad,
188 653 658 685 confesores, mártires y santos,
192 690 744 723 Virgenes prudentes á su lado están.
223 799 695 832 En millares fuistes escogida,
199 837 812 869 Virgen de la Aurara por madre de Dios,
187 873 606 907 elegida del Eterno Padre,
186 910 782 945 para que se obre nuestra redencion.
332 947 610 979 Con divino amor,
193 984 655 1016 te decimos ¡ó muger dichosa!
195 1022 768 1055 tú fuistes la Rosa mas digna de Dios.
225 1132 699 1164 Es María la mujer mas pura
204 1168 796 1203 que pudo en el mundo parir y criar,
204 1205 676 1237 azucena, jazmin y mosqueta,
198 1241 757 1276 el lirio adorado, la Rosa encarná.
340 1276 588 1309 Reina Celestial,
204 1315 688 1348 que criaste al Rey de los cielos,
203 1351 713 1384 segunda persona de la Trinidad.
244 1461 754 1493 Aunque toda la Trinidad junta,
208 1499 830 1531 concurrió alMisterio de la Encarnacion,
199 1535 690 1569 se atribuye al Espíritu Santo,
199 1573 773 1607 por ser obra toda del divino amor.
349 1609 601 1640 Tener atencion:
212 1645 706 1678 aunque todas tres concurrieron,
207 1684 763 1716 solo la segunda fué la que encarnó.
252 1792 686 1827 Es María, rosal primoroso,
226 1831 784 1862 que plantó la justa Santa Trinidad,
221 1868 688 1900 cuya Rosa fragante penetra,
220 1905 778 1937 adora en la córte, Reina Celestial.
356 1940 636 1974 Pues en especial,
218 1977 645 2010 la Santisima Trinidad tiene
213 2017 698 2049 su mayor recreo en este Rosal.
868 141 1420 172 Fueron tres los que te saludaron,
835 176 1384 208 Aurora divina en tu Anunciacion,
833 212 1419 244 san Gabriel fué el primero que dijo:
832 249 1420 281 Ave Gracia Plena, contigo el Señor.
987 286 1224 318 Y le respondió:
832 322 1326 354 dime ángel como ha de ser eso,
832 360 1408 391 si en mi es imposible obra de varon.
884 469 1472 503 Nada importa, le responde el Angel,
839 506 1444 539 nada es imposible para nuestro Dios;
835 543 1420 575 nada temas, pues estás á la sombra
847 580 1404 612 del que es Poderoso, y todo logró.
981 614 1256 649 Este es un favor,
852 653 1302 684 que el Espiritu Santo te hace,
850 690 1414 721 obras el misterio de la Encarnacion.
888 799 1350 832 Y bajando el Espiritu Santo,
850 837 1396 869 tres gotas de sangre María vertió,
843 874 1375 906 en su puro corazon, y en donde
855 912 1473 944 un cuerpo de un niño perfecto se ayó.
998 948 1237 982 Y despues crió,
856 985 1430 1018 aquel alma y la infundió en el cuerpo,
843 1022 1447 1057 y quedó hecho hombre el hijo de Dios.
895 1132 1358 1164 Encarnando Jesus en María,
859 1168 1450 1202 se unió lo divino con la humanidad,
857 1204 1320 1235 y quedando dos naturalezas
864 1241 1380 1272 unidas en una, persona no mas.
1012 1276 1380 1311 Aqui hay que admirar,
866 1314 1384 1346 que en el claustro puro de Maria,
866 1351 1404 1383 el Sol se introdujo como en cristal.
907 1461 1416 1493 Cuando estaba la Vírgen María,
868 1497 1486 1530 allá en su aposento haciendo oracion,
869 1535 1489 1567 por la puerta se le ha entrado un ángel
867 1572 1472 1604 vestido de blanco que parece un Sol.
1013 1607 1206 1641 Y la saludó,
867 1645 1316 1675 ó que Reina tan esclarecida;
872 1682 1426 1713 por Madre del Verbo la escojió Dios.
906 1791 1396 1823 Eres Reina y eterna doncella,
874 1829 1446 1861 Madre del niño que nació en Belén,
884 1866 1392 1896 tan dichosa fuistes en tu parto
887 1901 1471 1934 que los nueve coros te vienen á ver.
1021 1937 1293 1968 Y digo otra vez:
883 1975 1423 2008 que eres Reina y eterna doncella,
880 2012 1442 2049 y Virgen sin mancha en tu puro ser.
