1577 2267
1334 2 1356 152 3
196 129 658 162 A María tributan las tierras
163 167 778 198 las flores que ofrece su estacion feliz,
159 203 630 235 en enero y febrero, claveles,
158 241 734 272 azucenas en marzo, rosas en abril.
290 276 534 308 Para mas lucir:
157 313 685 346 mayo y junio te ofrecen gustosos,
161 352 741 384 un hermoso lirio, y un casto jazmin.
196 460 666 494 Es María la Rosa encarnada;
167 498 770 531 S. José la espiga, y el niño el jazmin,
174 536 748 567 quien quisiere gozar de estas flores
169 572 795 604 que venga conmigo que voy al jardin.
296 603 565 639 Y vuelvo á decir:
172 643 757 676 que el que quiera gozar de esta flores
168 683 684 715 divinos olores de rosa y jazmin.
201 790 657 825 Es María la Rosa escojida,
168 829 793 860 la mas pura y bella que tiene el jardin
173 865 760 897 porque vino á ser Madre y doncella,
165 902 794 934 del verbo humanado sacra Emperatriz.
295 936 532 970 Y dice David:
171 976 608 1007 que teneis el Sol en tu casa,
169 1012 669 1044 divina princesa hija de Joaquin.
207 1122 699 1154 Dios te Salve, Paloma divina,
172 1159 774 1193 Ave misteriosa que en el cielo está,
172 1195 679 1228 Dios te salve, tórtola inocente,
175 1234 730 1266 criada en el fuego de la caridad.
302 1269 592 1300 Fuente de piedad:
173 1305 699 1338 donde manan tus misericordias,
179 1343 769 1376 de dia y de noche siempre sin parar.
215 1452 738 1486 Dios te Salve, cristalino Espejo,
177 1491 806 1522 Dios te Salve, Rosa de fragante olor,
188 1528 732 1559 Dios te Salve, Estrella matutina,
184 1563 792 1595 Dios te Salve, Madre del hijo de Dios.
296 1599 584 1631 Dios te salve, Sol,
185 1637 627 1668 Dios te salve, Aurora Maria,
179 1674 705 1707 Dios te salve, templo de Salomon.
227 1783 782 1814 Sois sin mancha cristalino Espejo,
195 1821 1402 1852 la Rosa mas pura del profundo olor, dulcísima Aurora sin tu devocion!
200 1857 664 1888 concebida fuistes sin pecado,
194 1893 698 1925 abogada nuestra, divino Farol.
310 1926 570 1960 Cuyo resplandor:
196 1965 704 1998 nos alumbra el derecho camino
196 2003 721 2036 á donde veremos el puerto mejor.
852 128 1305 160 Es María del Libano Cedro,
820 165 1440 200 que en ella no cabe tener corrupcion,
827 203 1339 236 que la luz de su heróica pureza,
823 242 1396 273 conserva brillante los rayos del Sol
939 278 1193 310 Tener atencion:
823 316 1330 347 que es Maria con divino adorno,
816 353 1353 386 templo sagrado del gran Salomon.
862 460 1366 494 Es la cándida y pura Azucena,
828 499 1448 533 que entre las espinas del hombre nació,
825 536 1319 567 sin tocarle la mancha creada,
823 572 1450 604 de aquel cautiverio que Adan cometió.
980 608 1224 640 Tener atencion:
829 646 1314 677 que el Espiritu Santo se alegra,
829 682 1428 714 en ver á su esposa en tan puro candor.
867 789 1325 824 Viva, viva, la divina Aurora,
829 828 1440 861 viva esta Paloma sin mancha criada,
827 864 1272 896 viva, viva, su misericordia,
829 902 1354 933 viva, su pureza, viva su piedad.
979 936 1223 968 Viva su bondad:.
836 975 1319 1007 viva, viva, la Rosa encarnada,
832 1012 1314 1044 y mil veces viva, su virginidad.
871 1122 1287 1154 Es María, depósito firme,
834 1160 1406 1191 Arca misteriosa del gran Salomon,
844 1195 1366 1227 donde todas las almas piadosas,
841 1233 1406 1264 vienen fervorosas á hacer oracion.
980 1269 1190 1301 Hija de Sion:
836 1305 1320 1338 lloraremos lágrimas de sangre,
842 1344 1428 1375 porque en N. M. no hay comparacion.
875 1454 1420 1486 Sois la fuente de agua cristalina,
838 1491 1428 1523 sois corriente rio, sois fondoso mar,
847 1527 1394 1559 sois el árbol del bálsamo heróico,
851 1565 1417 1596 donde los enfermos se van á curar.
992 1600 1276 1632 Sois pura bondad:
856 1637 1351 1668 pues que sois el espejo mas puro,
853 1674 1408 1706 donde se recrea, la Santa Trinidad.
883 1783 1402 1815 Oh! què fuera de los pecadores,
851 1858 1434 1890 del dragon infernal fueran muchos,
855 1894 1372 1925 si nos cojiera sin tu proteccion.
996 1929 1258 1961 El mayor placer,
858 1965 1365 1998 que tenemos, Reina de los cielos,
864 2002 1401 2034 que sois patrona del reino Español.
