1737 2508
160 200 641 237 tenia en sangre teñidas,
162 246 640 286 cuyas señales me daban
156 292 823 334 á entender, ser de algun hombre
164 343 795 382 que andaba en el monte á caza,
159 392 601 431 ó de otro fiero animal,
172 440 740 481 que sin remedio á sus garras
171 489 622 528 perdió el infelizla vida.
170 538 722 576 Con que dolor, pena estraña!
159 584 649 624 me vi, señor, cuando ví
160 634 686 672 que á la puerta se sentaba
168 684 746 722 de la cueva; y que el remedio
159 733 646 770 de mi vida aquí se halla
159 780 641 819 sin remedio: mira ahora
163 830 643 866 en esta adversa y tirana
159 879 587 915 fortuna, cual estaría,
169 927 730 964 pues solo en pensarlo pasan
173 974 641 1011 en esta ocasion mis ojos
162 1023 704 1060 á llorar la angustia amarga
167 1072 662 1109 que en aquel lance sentí:
169 1121 743 1157 pues cayéndome de espaldas
161 1170 755 1207 sin sentido mesquedé
164 1219 774 1254 entendiendo ser llegada
169 1267 768 1303 mi fatal hora, y que yo
171 1317 765 1353 á sus manos entregaba
168 1365 790 1400 lo misero de mi vida.
171 1412 836 1450 ¡O cuanto trecho sepasa
175 1461 829 1497 del blasonan de la muerte,
159 1509 676 1546 al verla estar asomada
164 1558 624 1595 á la puerta dedlos ojos!
162 1605 760 1643 Mira en qué afliccion mi alma
171 1655 517 1692 estaría cuando ví
171 1704 727 1739 mi sepulcro en las entrañas
167 1752 606 1788 de aquel feroz animal,
162 1800 689 1836 sin tener quien me librára
172 1850 644 1888 del peligro; mas, señor,
167 1899 664 1935 apenas movió las plantas
165 1946 642 1987 el leon, cuando reparo,
166 1994 546 2030 y veo que cojeaba
171 2042 726 2079 de una mano, y que se llega
163 2090 649 2128 á mí, que mortal estaba,
175 2139 703 2178 y que él su mano enferma
166 2186 645 2226 sobre las mias sentaba
179 2237 689 2274 como dándome á entender
169 2287 670 2324 de queyo se la éurára
1468 120 1515 182 3
903 192 1372 227 y aun te aseguro, señor,
889 242 1507 276 que no hay lengua que bastára
898 290 1318 327 á ponderar la alegría
897 339 1476 373 que cobré, viendo tan mansa
898 386 1402 423 su ferocidad: yo entonces
893 435 1370 471 saqué de mi tosca baina
903 484 1418 519 un cuchillo y con la punta
904 532 1416 570 le abrí la mano hinchada,
897 582 1365 622 y sacándole una espina,
893 632 1308 666 que tenta atravesada,
892 678 1293 715 esprimíle la materia,
895 728 1309 765 y dispuse de curarla,
897 777 1314 813 lavándola con orines,
904 825 1308 859 y sirviendo de triaca
901 873 1385 909 mi saliva, despues desto
907 922 1339 957 de mi camisa rasgaba
907 971 1340 1009 un pedaso que le até,
912 1020 1394 1055 porque el dolor mitigára.
908 1066 1355 1103 Seis dias con él estave
902 1117 1394 1152 y en ellos, señor, pasaba
905 1164 1289 1201 plaza de médicó yo,
900 1212 1388 1251 y él porque yo le curaba,
896 1261 1354 1298 me pagaba, pues traia,
907 1310 1374 1346 de las fieras que mataba
896 1359 1336 1395 la carne, para que yo
897 1408 1360 1443 con ella me sustentára.
897 1456 1312 1494 Mas un dia que salió
907 1505 1329 1541 á cazar ála montaña,
899 1553 1418 1588 dejé su albergue, y me fuí,
906 1601 1345 1639 enfadado de las malas
908 1651 1408 1687 comidas, donde ocultéme
899 1699 1412 1734 de altí no larga distancia;
911 1747 1436 1785 y cuando á la cueva vino,
911 1795 1375 1833 y vido de que no estaba
903 1845 1418 1881 yo en la cueva, fuè, señor,
905 1892 1431 1929 talesu sentir, que bramaba
905 1941 1472 1977 de suerte, que los bramidos
905 1990 1330 2027 los oia donde estaba,
895 2041 1317 2081 y yo de verlo y oirlo,
903 2091 1359 2124 te aseguro que lloraba,
909 2135 1309 2174 cuya lástima me dió
912 2183 1329 2221 ocasion á que dejára
915 2231 1347 2271 este sitio, por la pena:
882 2279 1520 2320 !mas mi tirána desgracia
