1737 2508
1220 84 1491 240 Número 239.
287 1085 1473 1144 ANDRIONICO Y EL LEON.
183 1169 1591 1229 Romance en que se refiere el cautiverio y gventuras de Andriónico. Dáse cuenta
259 1211 1517 1268 de sus amores, y de lo que le sucedió con un leon, que reconocido á los
395 1254 1384 1303 beneficios que de él habia recibido, se humiltó á sus piés.
218 1360 754 1407 Escúchame, Invicto César,
162 1409 718 1453 si el escuchar no te enfada;
166 1455 719 1501 y verás, que de Esclavonia
168 1504 622 1547 soy natural, y se llama
164 1554 584 1594 Mantuca donde nací:
165 1601 638 1645 cuyas célebres murallas
160 1649 642 1696 le cobran tributo al Sol,
164 1698 772 1745 despues de ausentarse el Alba.
157 1748 657 1790 Aquí pues, señor, crióse
163 1795 675 1841 frente á frente de mi casa
164 1844 586 1888 una tan bella pastora,
163 1893 742 1940 que pudo el discurso en tanta
160 1941 722 1986 magestad decir, no hay mas
164 1989 699 2037 que ver en mujer humana.
156 2037 676 2088 Pues una tarde que el Sol,
156 2086 612 2131 del hechizo de su cara
152 2136 618 2180 salió eclipsado, por ser
151 2184 635 2228 quien á su luz eclipsaba
159 2234 483 2273 una celosia, que
149 2281 579 2325 astutamente ocultaba
897 1374 1495 1421 sus reflejos, mas no obstante
906 1422 1340 1466 Cupido sacó su aljaba,
900 1474 1383 1514 y tirándome una flecha,
901 1522 1464 1565 quedé rendido á sus plantas.
898 1568 1418 1612 Creció nuestro amor y fué
898 1616 1454 1665 con tan vehementes ansias,
889 1663 1390 1710 que era su casa y la mia
899 1713 1306 1756 teatro donde cifraba
888 1761 1437 1809 nuestro amor finas caricias;
889 1808 1451 1859 mas á este tiempo mi pátria
896 1858 1361 1905 se reveló contra Roma,
896 1910 1404 1952 y fuí yo (¡fatal desgracia!)
886 1956 1413 2003 á servidumbre de esclavo
890 2004 1366 2053 condenado por la mala
891 2052 1289 2099 fortuna, y asi señor,
885 2101 1348 2147 sabrás, que la realzada
891 2150 1375 2198 casa de los Andriónicos,
883 2198 1399 2246 es la mia y que me llaman
883 2248 1409 2295 Andriónico, pues mi padre
882 2297 1354 2346 así tambien se llamaba,
