1765 2512
368 142 398 181 4
212 192 770 231 me llevó donde los mismos,
228 242 810 279 que á mí señor, me buscaban
220 290 781 327 me prendieron, y à mi amo
220 339 782 379 me llevan con furia estraña,
216 388 700 423 donde estuve prisionero
212 435 734 475 en tinieblas, pues la clara
219 485 618 523 luz del dia no la ví,
218 531 722 571 hasta que llegó una carta
215 581 833 622 de Tito, en que manda y pide
220 630 782 668 de que todos los que estaban
215 680 723 718 prisioneros se los lleven,
215 730 796 766 porque es costumbre romana
220 778 680 813 celebrar el dia en que
210 825 718 862 nace Príncipe ó Monarca,
213 873 802 911 con fiestas, echando esclavos
213 923 602 959 á pelear en la plaza
209 970 724 1007 con las fieras, porque así
218 1018 760 1056 Tito lo ordena, y lo manda.
210 1066 806 1105 En fin, pues llegando á Roma
216 1116 650 1153 se presentó la batalla
214 1163 792 1206 de los brutos, y los hombres,
220 1215 684 1251 y cuando mas festejada
224 1262 684 1302 estaba, señor, la córte,
212 1310 666 1351 salió un leon á la plaza
224 1358 828 1399 tan feroz, que en poco tiempo
219 1408 713 1445 despedazó con las garras
215 1456 854 1495 quince hombres, y á este mismo
215 1505 805 1544 me echaron, porque acabára
210 1554 646 1593 infelizmente mi vida.
952 196 1446 235 Mas apenas la inhumana
947 244 1382 282 ira del bruto me vió,
950 292 1404 331 amainó su furia brava;
954 342 1498 384 pues llegándose á mis piés,
960 390 1490 431 me acarició y me alhagaba,
943 441 1441 481 prueba que viene, señor,
943 489 1397 525 á ser el que yo curaba
944 537 1538 575 en la cueva; y Tito entonces,
948 585 1538 622 viendo el prodigio, me manda
943 634 1444 671 la libertad, y que fuese,
943 682 1487 718 llevándome en mi compaña
948 731 1426 768 al leon, que agradecido,
952 778 1484 817 aunque bruto se mostraba,
944 828 1526 867 fuime: y busqué, gran señor,
948 876 1438 916 hasta llegar á mi pátria,
949 924 1410 964 que comer con el leon,
952 975 1462 1011 y entendiendo que casada
949 1022 1322 1060 estuviera Miraflor,
950 1070 1441 1108 no me parecieron largas
950 1119 1436 1157 las jornadas: mas halléla
947 1167 1398 1206 aguardando la palabra
956 1216 1434 1253 que ladí, y como noble
941 1265 1467 1301 se la cumplí, y celebradas
944 1315 1390 1350 las bodas, pedí, señor,
947 1363 1407 1397 que con pluma-delicada
944 1410 1402 1446 escribiese Manuel Diaz
947 1458 1424 1494 aquesta triste é infausta
951 1508 1372 1543 tragedia mia, porque
952 1558 1396 1593 en verso se divulgára.
830 1849 1019 2001 FIN.
250 2207 1609 2362 CARMONA:—Imp. de D. José María Moreno, Madre de Dios, 1.
