1765 2512
262 195 298 229 2
189 236 655 283 y mis abuelos lo mismo,
195 285 655 331 por ser familio tan clara
193 333 739 376 como la de Fabio en Roma,
195 382 721 428 y la de Austria en España.
196 429 746 473 Y aunque ahora mi fortuna
195 479 733 524 me lia traido por ser varia,
191 526 669 572 á verme esclavo lo mas
198 575 697 623 que llega á sentir el alma,
203 625 713 668 es haber perdido (¡ay Dios!
197 674 711 716 á Miraflor, prenda amada,
191 723 737 766 mas que todo el cautiverio,
201 771 787 814 y el castigo que me aguarda.
199 819 695 862 En esta ocasion mi amo
197 869 773 910 Marcie, me puso en la plaza,
203 917 693 961 y vendióme, gran Señor,
199 968 697 1008 á un aserrador de tablas,
201 1015 701 1058 el cual como vió que yo
203 1063 722 1106 le daba mas buena maña
203 1113 775 1155 á las armas, que á la sierra,
212 1160 787 1203 volvió á venderme, y mi ama
207 1209 725 1253 lo sintió, compróme Dazo
207 1259 713 1301 en cien ducados de plata.
209 1309 669 1350 Y como su esclavo éra,
219 1357 671 1398 me hacia que amasára,
222 1404 772 1447 que moliera, y que cerniera
213 1453 701 1500 y que le hiciera la cama.
221 1501 786 1548 Qué mas quiere que te diga?
227 1548 767 1595 cuando, señor, no me daba
213 1601 671 1644 ni zapatos, ni camisas,
219 1645 786 1695 y despues con furia extraña
213 1697 751 1741 me mandaba que de noche
221 1745 761 1790 tejiese espuertas del palma,
223 1794 701 1838 las cuales iba á vender,
227 1845 689 1889 y sino las despachaba,
223 1894 677 1935 no me daba de comer,
221 1940 691 1984 ni de azotar me dejába.
235 1988 743 2033 Y sintiendo estadesdicha,
235 2035 802 2082 dos mil voces lerogaba,
230 2082 848 2132 que me vendiese, óme diese
235 2134 765 2180 lammuerte, que me quitára,
227 2185 667 2230 la vida, para no estar.
239 2233 701 2277 en su esclavitud tirana.
239 2273 845 2328 Y así de aqueste presagio
237 2325 843 2380 gocé el tiempo que én sucasa
931 220 1406 260 estuve, que fueron once
932 266 1520 309 años, y aun pienso que pasan
927 316 1483 358 de once mil segun la cuenta,
939 366 1389 406 y lo mal que lo pasaba,
933 414 1329 454 cuya afiigida pasion
927 461 1425 503 dió ocasion á que dejára
935 509 1327 552 á mi amo, y fugitivo
934 555 1541 601 me fuí al monte, pues estaba
931 611 1290 650 deseoso de morir,
938 656 1400 707 y procuraba con ansias
937 703 1447 749 que las fieras me comiesen
931 753 1439 799 para acabar penas tantas.
942 803 1393 843 Y yendo por el camino,
937 850 1481 892 de mi mismo me afrentaba,
931 899 1419 944 pues era, señor, mi ropa
936 944 1554 992 tan pobre, que aquí se agravia
943 996 1410 1039 mi lengua de referirlo;
947 1043 1425 1090 pues la pulidas albarcas
947 1093 1525 1139 que calzaba, eran de esparto,
947 1144 1395 1188 y por ser tela delgada,
941 1192 1411 1232 de cáñamó una camisa,
950 1237 1503 1281 con un sombrero de palma,
941 1288 1341 1339 y para cómer saqué
951 1337 1407 1379 un zurroncillo de pasas,
953 1379 1573 1430 y un corchuelo en queprevine
956 1431 1438 1477 llevar un poco de agua;
955 1476 1523 1526 tres dias con sus tresinoches
948 1526 1610 1574 anduve, y viendo cansadas
947 1573 1603 1622 mis fuerzas, busqué el descanso
954 1619 1611 1672 en la mayor emboscada
959 1667 1599 1722 por escaparme de aquellos
968 1714 1608 1769 tiranos que me buscaban.
960 1767 1612 1817 Escondíme en una cueva.
963 1813 1609 1868 grande de suyo, y la entrada
955 1863 1603 1914 algo angosta, y por de fuera
955 1919 1391 1965 era señor, enriscada,
958 1966 1499 2012 ancha en el medio, y la luz,
955 2013 1477 2060 ni bien lóbrega niclara.
962 2061 1496 2109 Y apenas hubó seis heras
969 2106 1590 2163 que este sitio me ocultaba,
965 2156 1557 2208 cuando ví súbitamente
980 2206 1540 2259 que por la puerta se entraba
976 2259 1375 2305 un feroz leon, y que
971 2304 1573 2355 manos, pechos, boca y barba,
