1752 2480
260 166 270 200 8
157 214 799 251 que este mundo es todo engaño,
163 264 678 301 cuento, tramoya y enredo:
163 312 675 350 por lo cual pedir conviene
157 362 680 399 al Autor de tierra y cielo,
160 412 677 449 para seguir su ley santa,
166 460 738 496 nos dé buenos pensamientos,
160 510 686 547 con auxilios de su gracia,
883 206 1500 246 puesto que es piélago inmenso.
887 254 1448 293 Donde Alonso de Morales
891 301 1345 343 pide al ilustre congreso
891 355 1331 391 que con catòlica fé
892 399 1467 441 al Supremo Autor roguemos
891 450 1419 490 que nos libre de enemigos
895 499 1425 539 temporales, como éternos.
793 1756 958 1908 FIN.
671 2247 1077 2296 CARMONA—1863:
200 2298 1539 2365 Imp. y libreria de D. José. M. Moreno, calle Madre de Dios, núm. 1
