1765 2512
370 122 396 158 6
264 170 756 212 y le dice: Vuestra Alteza
264 218 783 263 no quiera con tanto riesgo
268 265 719 310 de caudales y de vidas
274 314 800 365 tomar la venganza de esto;
268 362 782 410 mejor será, que un ardid
268 410 790 458 á nuestra idea trazemos...
268 459 927 505 Y ha de ser, que han de cortarse
268 509 687 551 á todos los marineros
263 557 711 603 à cada cual un vestido
264 607 727 655 á medida de su cuerpo,
268 655 755 703 de la color, forma y arte,
262 704 766 750 todos al modo turquesco.
267 753 787 797 Y puesto que sé muy bien
254 801 744 848 su idioma y parlamento,
252 848 762 898 llevo por mia la empresa,
264 900 802 950 que en Dios la fio y espero;
264 949 778 994 y en tanto que las libreas
262 996 810 1046 se hacían (con gran secreto)
256 1044 796 1095 urdió en su idea una traza,
254 1096 837 1143 la cual fue escribir un pliego
255 1142 686 1189 con discretisimo arte,
257 1195 715 1237 y relevantes conceptos,
255 1241 880 1287 dando á entender que el sultan
252 1288 716 1332 se lo enviaba, pidiendo
256 1337 810 1384 al Rey de Argel un socorro,
263 1388 901 1433 por hallarse en grande aprieto
256 1436 783 1480 contra diversas provincias
256 1484 706 1528 rebeladas del imperio.
249 1536 744 1577 Que se dignase enviarle
255 1583 779 1626 cuantos tiene en cautiverio
256 1630 731 1675 cristianos: y justamente
250 1678 822 1727 le dé un millon en dineros,
256 1728 751 1773 con que fortalecer pueda
255 1776 795 1823 sus guarniciones y puertos.
252 1824 741 1871 Esto fue con tanto arte,
249 1874 901 1921 que aun los moros mas expertos
248 1922 700 1964 no conocieron la frase
252 1970 742 2016 hasta estar el tiro hecho.
250 2020 798 2070 Hecho ya el pliego fingido,
242 2072 752 2119 puesto con su real sello,
250 2117 798 2167 en dos muy fuertes galeras,
240 2165 810 2218 hijas del agua y del viento,
243 2215 847 2267 embarcó trescientos hombres,
250 2269 691 2311 y sin temor ni recelo,
991 178 1434 218 en las argelinas playas
992 226 1510 266 le dió á sus naves asiento,
985 276 1510 316 grabando las medias lunas
988 323 1488 365 con todo arte y concierto
991 372 1497 413 en banderas y estandartes
991 420 1506 463 como es lo usual en ellos.
992 469 1520 512 Saltó el general en tierra,
991 519 1482 557 llegando al palacio regio:
990 571 1514 606 pidió, para entrar licencia
993 617 1595 659 á las guardias, y entró dentro.
992 662 1536 707 Dióle al mismo rey la carta,
987 713 1534 756 el cual la nema rompiendo,
995 761 1612 808 viendo que el Sultan se hallaba
983 809 1582 853 metido en tan grande aprieto,
990 858 1640 904 mandó al punto echar un bando,
992 908 1563 949 que traigan todos los dueños
988 956 1442 996 los cautivos españoles;
996 1005 1548 1049 en breve fué dicho y hecho,
981 1054 1498 1093 hasta doscientos y treinta
994 1099 1452 1143 á las naves condujeron.
988 1150 1540 1192 Trabó una estrecha amistad
987 1200 1443 1240 el general desde luego
994 1248 1416 1290 con el moro robador:
985 1296 1492 1340 el cual muy fino y atento
987 1347 1467 1386 le prometió por servirlo
980 1395 1480 1435 ir en su acompañamiento
987 1443 1545 1487 con los cautivos. Y en tanto
984 1492 1498 1537 quiso hacerle por cortejo,
992 1540 1529 1585 que á comer fuese á su casa
987 1589 1420 1629 el general; pero luego
992 1637 1560 1685 que entró y vió á la sevillana,
988 1686 1550 1733 se quedó absorto y suspenso
986 1733 1486 1780 de ver que lo ponderado,
991 1783 1625 1831 con su hermosura fué un sueño.
982 1831 1464 1875 Dijo el general al moro:
983 1880 1454 1927 de vos un favor espero,
992 1930 1584 1975 y ha de ser, que esta cautiva
984 1979 1550 2021 llevarla en presencia quiero
985 2027 1562 2073 del Gran Sultan, porque vea
984 2076 1470 2119 este admirable portento;
976 2124 1513 2168 se lo otorgó luego al punto
975 2173 1496 2219 sin sumisiones ni ruegos.
984 2222 1524 2270 Muy fino andaba el pagano,
972 2276 1504 2318 pues ignoraba el misterio,
