1737 2508
396 723 1345 889 Segunda parte.
216 1231 792 1275 Luego que las tristes nuevas
171 1278 630 1323 en melancólico acento,
171 1325 620 1370 velozmente por España
176 1376 700 1421 con brevedad se tendieron,
164 1424 665 1469 llegó la nueva á la córte,
169 1474 712 1518 y luego que al Rey le dieron
175 1523 608 1564 parte de lo sucedido,
164 1570 704 1617 hubo grande pena de ello,
164 1620 648 1662 prometiendo la venganza
158 1666 681 1713 á tan grande atrevimiento.
163 1715 601 1759 Mandó que su general
163 1763 680 1810 viniese luego al momento.
157 1813 723 1861 Y puesto ya en su presencia
161 1862 660 1906 le dijo el Rey: satisfecho
155 1909 580 1953 estoy, general amigo,
163 1959 699 2006 de tu gran valor y esfuerzo,
159 2007 618 2052 y si en aquesta ocasion
164 2057 796 2108 (como en todas lo habeis hecho)
164 2106 700 2152 lo mostrais, quedo obligado
160 2154 682 2203 por siempre á satisfaceros.
160 2205 668 2251 Ya habreis tenido noticia
155 2251 638 2302 de este moro bandolero,
157 2301 623 2351 de este atrevido pirata,
892 1240 1508 1284 de aqueste lobo sangriento;
893 1288 1380 1334 que con infame cautela,
895 1339 1381 1381 con sutíl traza y enredo,
892 1385 1476 1431 me han dicho que de Sevilla
891 1435 1484 1481 ha hurtado el mayor portento,
891 1483 1301 1525 que pintó naturaleza
887 1531 1380 1578 en todo el orbe terreno,
891 1582 1406 1624 pues le llaman el Hechizo,
895 1628 1504 1678 por ser de hermosura estremo,
889 1679 1444 1722 y hoy se ve triste y cautiva.
895 1726 1364 1770 Y para lo que te quiero
887 1775 1425 1821 es para que luego al punto
880 1824 1424 1872 al rigor de sangre y fuego,
887 1871 1357 1918 se restituya esta prenda;
884 1922 1291 1964 aprestando para esto
879 1969 1382 2014 cuantos navíos de guerra
881 2019 1376 2062 tiene el salobre elemento
884 2067 1448 2118 sobre sus hermosas crespas;
885 2117 1386 2160 para que sea escarmiento
883 2167 1360 2210 á estos bárbaros piratas,
881 2212 1371 2261 y no anden tan resueltos.
880 2264 1362 2308 Con atencion escuchaba
880 2314 1386 2364 al Rey tan formado duelo,
