1737 2508
1442 27 1466 177 7
184 160 665 206 y hubiera quedado libre
179 213 706 254 á no estar ya de por medio
180 262 589 301 el agravio cometido,
173 313 699 347 y estaba reciente el duelo.
183 361 682 399 Embarcados los cautivos,
183 410 607 448 y distintos caballeros,
184 458 689 493 cuando los náutas veloces
178 504 632 542 soltando velas y remos,
176 553 626 593 ayudados del Fabonio,
177 603 677 640 con rápidos movimientos
183 651 631 689 tan intrépidos volaban,
179 699 677 738 que cuando reconocieron
180 749 760 788 la tierra el moro Elos suyos,
177 798 709 835 se hallaban ya prasioneros:
179 846 829 884 No habrá plumasque aquí escriba
180 896 730 933 las diligencias que hicieron
177 944 667 980 los moros por libertarse;
185 992 655 1031 pero todo fué supérfluo,
183 1041 715 1081 porque el general valiente,
179 1090 729 1128 con grande valor y esfuerzo
182 1138 690 1176 puso á todos en prisiones,
185 1188 729 1225 sin que bastasen los ruegos
182 1236 702 1275 que á veces tener piedad,
183 1285 723 1324 es no haberla de sí mesmo.
191 1333 638 1368 Ufano con tal empresa
188 1383 676 1419 llegó al Gaditano puerto,
186 1431 690 1470 pasando de allí á la córte,
188 1480 774 1519 para que el Rey como dueño,
186 1528 711 1567 haga lo que mas convenga
188 1578 644 1613 como recto y justiciero;
187 1625 669 1662 y como prudente y sabio
192 1673 679 1709 diese en su Real Consejo
190 1722 632 1758 la disposicion de todo.
187 1772 741 1807 Dando al general los fueros
186 1820 684 1858 de Almirante de Castilla,
187 1868 724 1903 que fué honroso privilegio.
194 1917 798 1953 Y al mismo tiempo á los padres
193 1966 702 2002 de la dama le escribieron,
188 2012 750 2052 que vengan luego á palacio,
187 2063 704 2099 los cuales pronto vinieron
189 2111 643 2148 llenos de júbílo y gozo.
202 2160 706 2197 Querer contar por estenso
194 2208 686 2246 los cariños, los aplausos,
185 2257 710 2297 los placeres, los extremos,
900 160 1322 196 al silencio los remtio,
911 208 1418 244 porque á veces el silencio
907 256 1439 293 dice mas con lengua muda,
907 305 1398 343 que las voces del acento.
904 353 1397 391 Estando ya todos juntos
911 402 1522 440 tuvo el Rey por buen acuerdo,
907 450 1429 487 que el Almirante le diese
908 498 1357 537 la mano de casamiento
904 548 1414 586 á la dama, y que quedase
911 595 1356 635 en tálamo de himeneo,
908 644 1342 683 con el lazo maridable.
908 694 1496 731 Se lo otorgó al punto, siendo
907 745 1406 781 el mismo Rey su padrino;
916 792 1406 829 por lo cual está supuesto
905 842 1402 879 el colmo de los aplausos,
904 891 1520 928 que fué admiracion del tiempo;
920 938 1520 975 pues para empeños de un Rey,
907 988 1521 1025 todo el mundo es corto empeño
910 1036 1522 1076 Luego el moro y sus parciales,
915 1086 1442 1124 por todas esus vidas fueron
913 1136 1361 1172 á las mminas del azogue
908 1185 1430 1222 por un perpétuo destierro.
914 1233 1394 1269 Y fué piadoso el castigo,
906 1282 1476 1318 que haber de ser por entero
907 1331 1376 1367 la venganza, fuera poco
912 1380 1402 1418 darles el fin en el fuego,
911 1430 1380 1466 para que el infiel pagara
908 1478 1323 1515 semejante desafuero.
917 1528 1423 1564 Quedó ufano el almirante,
903 1576 1413 1612 mejorado con los premios
912 1626 1354 1662 en tan superior esfera,
907 1675 1379 1709 en tan realzado empleo.
907 1722 1384 1758 El Rey muy agradecido,
908 1772 1362 1809 todo placer y contento,
915 1821 1440 1856 gozando en paz y concordia
907 1868 1452 1905 descanso, quietud, sosiego.
909 1917 1360 1954 Los recíprocos cariños,
903 1967 1398 2003 los amorosos requiebros
915 2016 1484 2052 de estos dos nuevos amantes
915 2065 1370 2101 los dejamos al silencio:
915 2113 1522 2149 pues todo el que al cielo aspira
911 2161 1353 2198 goza favores del cielo.
915 2210 1362 2246 En este breve traslado
906 2260 1436 2300 puede advertir el discreto,
