1737 2508
1442 46 1474 196 3
185 180 611 222 de verla, por si viene
181 231 622 271 el origen con la copia,
183 278 675 318 ó á ver si es ponderacion.
181 328 595 365 Y llevada de curiosa,
176 376 634 415 solo pido se me traiga,
185 426 684 464 que si esa dicha se logra,
182 474 720 512 no me negaré á ser vuestra,
186 522 700 559 ni á los fueros de dichosa.
177 569 665 607 Entonces el fino amante
179 620 571 657 lleno de vanagloria,
181 670 666 703 juró, fiado en su aliento,
182 714 662 751 y en el profeta Mahoma,
192 765 669 801 el traerla á su presencia
188 814 742 851 con la brevedad mas pronta
181 862 700 899 que la ocasion permitiese.
187 912 688 947 Era el moro en la idioma
183 960 598 995 española muy ladino,
190 1008 719 1046 pues diestramente la corta,
188 1056 686 1094 y el amor hace valientes,
191 1102 683 1143 y peligros no le estorban.
185 1155 816 1191 Mandó que al punto aprestasen
185 1204 709 1239 dos muy fuertes galeotas,
190 1251 712 1290 puestas á punto de guerra,
190 1300 730 1338 que sobre las crespas olas
187 1350 611 1385 eran águilas de pino,
188 1398 680 1435 ó de la espuma garzotas.
203 1447 699 1485 Con el pretesto y destino,
200 1496 677 1534 de su codicia ambiciosa,
199 1545 626 1582 pensando como robar
193 1593 658 1631 el hechizo á poca costa;
200 1642 594 1678 pero tuvo la fortuna
193 1690 715 1729 tan favorable y tan pronta,
201 1739 746 1779 que á poco de haber salido,
201 1787 612 1824 vieron una nave sola
200 1836 674 1875 de famosos portugueses,
197 1884 621 1922 y poniéndoles la proa
195 1934 714 1970 en breve los conquistaron,
200 1982 801 2021 por ser sus fuerzas muy pocas.
192 2032 648 2069 Pero viendo el capitan
208 2080 704 2118 que la suerte le soborna,
203 2129 718 2165 mandó poner en las naves
199 2178 631 2214 flamulas y banderolas
202 2226 688 2263 de Portugal, advirtiendo
203 2276 723 2316 vestirse las mismas ropas,
907 178 1416 215 fingiendo ser portugueses,
903 225 1418 264 porque nadie los conozca.
899 274 1421 312 Llegaron, pues, á Sevilla,
905 321 1429 361 y en la márgen anchurosa
912 369 1382 406 de su bahía, dan fondo,
907 418 1394 456 y el capitan les convoca,
914 468 1473 503 que allí se estén, hasta tanto
913 516 1439 554 que otra cosa se disponga.
907 565 1430 606 Saltó el general en tierra,
911 613 1379 652 y ocultando su ponzoña,
908 662 1434 700 empezó á adquirir noticias;
910 711 1509 749 mas de allí á poco se informa
916 760 1428 798 de la calle, casa y nombre,
913 809 1408 846 porque como era notoria
907 857 1383 896 su belleza en la ciudad,
907 906 1501 943 se informó á muy poca costa.
912 954 1420 994 Era el padre contratante;
920 1004 1346 1040 fué coyuntura famosa
922 1053 1416 1090 para que el moro pudiese
912 1101 1323 1137 ejecutaresu tramoya.
916 1154 1407 1188 Fingiendo ser mercader,
911 1197 1314 1235 y que traía costosas
911 1248 1403 1284 mercaderías: y entonces;
916 1296 1432 1335 el cristiano que lo ignora
915 1343 1412 1386 su dobléz y falso intento,
919 1393 1418 1435 lo lleva á su casa propia.
925 1440 1393 1481 Y apenas el sagáz moro
923 1491 1433 1530 entró, y vió la prodigiosa
919 1540 1391 1579 hermosura de la dama,
918 1589 1478 1631 se le quedó el alma absorta;
921 1638 1443 1679 pues mas de lo ponderado,
927 1688 1320 1726 era la natural copia.
927 1737 1451 1774 Dió en hacer magnificencia
925 1785 1444 1827 con dádivas muy costosas,
919 1835 1497 1873 que es para introducir gracia
932 1881 1366 1921 el dar admirable cosa.
920 1932 1476 1972 En muy breve tiempo hizo
920 1981 1504 2022 la introduccion de tal forma,
923 2028 1445 2071 que el benemérito aplauso
927 2077 1364 2119 era como cosa propia.
928 2125 1404 2167 Hasta que un dia le dijo
931 2176 1403 2215 (con industria cautelosa)
930 2224 1446 2270 si quieren ver sus galeras,
928 2274 1402 2318 tan ricas como vistosas.
