1765 2512
352 95 394 129 2
259 144 751 187 dignísima que se escriba
255 193 788 238 con letras de oro en orlas,
255 241 807 285 para admiracion del mundo.
257 289 717 333 Y para que todos oigan
253 337 738 383 á lo que obliga el amor,
262 387 774 428 pues tantos libros y hojas
256 434 807 479 se han llenado por su causa
260 482 786 529 de invenciones y tramoyas,
256 532 758 576 siendo la que á notar voy
256 580 774 626 la mas superior de todas.
263 627 738 674 Y para que los amantes
251 679 776 724 aprendan modos y formas,
253 726 706 768 pues aventurar la vida
256 774 722 818 á los amantes les toca.
257 823 790 868 Y asi todos los que siguen
260 874 735 917 como vasallos las tropas
252 923 713 965 de Minerva y de Cupido
259 971 750 1018 en sus militares pompas,
258 1023 714 1067 gustosamente les pido,
252 1071 807 1117 que con atencion me oigan.
252 1118 789 1163 En el tiemplo que ocupaba
256 1165 720 1212 el cetro, silla y corona,
253 1213 712 1263 el gran Felipe Tercero,
250 1262 680 1308 fué vigilante custodia
260 1312 662 1357 en defensa de la Fé,
252 1362 817 1409 guardando de Dios la honra.
247 1409 779 1457 Entre los muchos vasallos
259 1457 712 1505 de la nobleza española,
258 1506 700 1554 que leales le seguian,
252 1554 684 1599 tuvo uno que se nota
248 1602 774 1652 ser de los mas esforzados,
248 1650 744 1697 que por obras meritorias
248 1702 868 1751 mereció que el Rey lo hiciese,
246 1754 804 1796 para mas triunfo á su honra
247 1802 698 1844 general de las galeras,
246 1850 746 1892 por merecerlo sus obras:
247 1898 674 1942 cuyo valor admirable,
252 1945 700 1990 y sus trazas injeniosas,
246 1995 668 2036 dejaron para la fama
241 2041 630 2085 eternas ejecutorias.
246 2091 849 2137 Al mismo tiempo el Rey Moro
250 2140 776 2185 tambien logró por victoria
241 2188 722 2234 tener un vasallo ilustre,
244 2237 822 2287 á quien el valor le asombra;
984 154 1578 198 hombre esforzado y dispuesto,
988 204 1447 242 y por hazañas heróicas
988 252 1390 291 mereció ser capitan
991 298 1415 341 de todas sus galeotas.
993 346 1450 391 cuyo acertado gobierno
986 394 1494 442 lo subió á tan alta pompa.
995 443 1494 490 Gozaba, pues, este moro
993 493 1478 537 estas dichas sin zozobra,
987 543 1557 589 Cuando en la córte de Argel
988 592 1542 637 se crió una dama hermosa,
983 642 1416 679 á quien la naturaleza
986 690 1474 733 la perfeccionó de forma,
995 738 1613 783 que en los dones que dá el cielo
989 785 1536 832 en su tiempo no hubo otra,
990 834 1528 878 tanto en bienes de fortuna,
988 882 1532 927 como en su belleza heróica.
985 932 1414 971 Puso aqueste capitan
982 983 1442 1024 la vista en esta señora,
982 1031 1464 1070 con lícitos pensamientos
983 1081 1479 1118 para que fuese su esposa:
989 1130 1550 1170 y aunque mora en propiedad,
981 1175 1503 1217 tambien en su pecho mora.
977 1225 1478 1264 Fino amante frecuentaba
981 1277 1528 1318 las luces de aquesta aurora,
979 1325 1475 1362 pues al fuego de su amor
979 1373 1425 1413 era ardiente mariposa.
978 1419 1351 1461 Y reconociendo ya
974 1468 1392 1511 las finezas amorosas,
980 1519 1472 1560 dijole á su fino amante,
975 1568 1546 1606 que luego al punto le otorga
985 1615 1504 1654 de ser su esposa, la mano,
974 1664 1564 1704 sin haber quien se anteponga.
976 1712 1564 1755 Pero ha de ser con el cargo
976 1760 1456 1799 de concederle una cosa:
977 1809 1484 1848 diciéndole, yo he sabido,
978 1859 1532 1897 que hay en la muy populosa
978 1906 1440 1950 ciudad llamada Sevilla,
973 1955 1607 2007 en España, allí me consta
974 2003 1422 2044 hay una dama, la cual
973 2051 1497 2097 por antonamasia nombran
977 2101 1394 2143 el hechizo de Sevilla,
976 2150 1568 2198 por ser en extremo hermosa,
970 2198 1424 2240 como lo canta la fama.
971 2245 1471 2293 Y es cierto estoy deseosa
