1737 2508
272 280 778 317 duques y grandes de España
276 326 788 362 muchos son con mi licencia,
263 369 677 406 y así de las voluntades
272 414 766 450 el mundo me llama Reina.
267 459 710 494 La Pobreza le responde:
274 504 704 538 Esa es buena diligencia,
272 550 796 583 que con mis propias hazañas
276 593 788 627 te alaves y te engrandezcas.
263 638 737 672 ¿No sucede muchas veces
268 683 692 716 en una campal refriega
268 727 726 760 par á un capitan valiente
260 771 724 804 industriosas advertencias,
267 816 782 850 con que á menos costa gana
263 862 685 894 la victoria que desean,
263 903 770 938 y darle á aquel los aplausos
260 949 786 982 mas que á los que la pelean?
260 992 632 1027 Pues así merezco yo
264 1037 773 1072 los lauros de esas empresas:
267 1082 827 1116 pues yo soy la que en el mundo
263 1127 715 1160 inventó, por cosa cierta,
264 1172 664 1204 de toda la agricultura
264 1216 682 1248 la maestranza primera,
259 1260 665 1292 y de las artes y oficios
269 1304 752 1337 porque mis hijos adquieran
265 1348 829 1382 despues de hacer tantos bienes
268 1392 818 1427 el pan, con que se mantengan:
267 1435 752 1472 yo di principio á las armas,
256 1480 742 1515 yo di principio á las letras,
257 1524 794 1562 yo descubrí con mi industria
255 1570 740 1605 la navegacion, que en ella
256 1613 830 1652 muchos caudales se adquieren,
267 1657 724 1692 fama opinion y grandeza.
264 1700 710 1735 Yo inventé los ejercicios
264 1744 722 1781 de arar y surcar la tierra
258 1788 774 1828 en que mis hijos se ocupan,
255 1832 790 1872 y á todo el mundo sustentan.
260 1875 742 1917 Yo he edificado hospitales,
257 1921 708 1958 monasterios de Pobreza;
258 1966 732 2002 los hijos de San Francisco
256 2008 760 2050 yo los sustento á mi cuenta,
255 2054 596 2090 y la Santa Caridad
252 2099 728 2136 hace conmigo si observas
257 2143 656 2182 obras de Misericordia,
253 2188 766 2229 curando enfermos con ella,
260 2235 758 2274 y enterrar pobres difuntos,
996 284 1462 319 con humildad y paciencia,
998 329 1508 364 y ningun justo en el mundo
988 373 1410 409 ha pretendido riquezas
994 417 1434 454 para conseguir la Gloria.
1004 460 1456 498 Verás todos te desprecian,
999 504 1412 543 porque conocen que tu
996 548 1538 589 no has de darles cosa buena,
994 594 1390 632 sino vicios y deleites,
994 639 1446 679 galas, vanidades, fiestas,
994 683 1404 723 amores y pasatiempos,
994 726 1464 769 murmuraciones y ofensas;
987 769 1393 812 y de los siete pecados
990 813 1642 856 no hay ninguno que no engendras.
991 859 1478 903 Soberbia, Avaricia, y Gula,
981 903 1378 947 Ira, Lujuria y Pereza,
987 947 1479 990 y la Envidia, sin buscarles
982 992 1486 1035 remedios que las defienda.
988 1036 1463 1078 Yo, si alguno de los mios
991 1081 1406 1122 le acomete la Soberbia
990 1125 1464 1169 le acudo con la Humildad,
988 1170 1446 1214 porque á sus ojos la vea;
987 1213 1442 1256 si está picado de Envidia
986 1258 1478 1303 luego le pongo á la puerta
992 1304 1428 1347 la Caridad su contraria,
989 1346 1453 1392 y al punto se vá y le deja:
992 1392 1391 1434 y si está con Avaricia,
988 1437 1446 1482 le propongo la Largueza;
977 1482 1372 1525 si con Pereza le veo,
987 1529 1380 1569 le aplico la Diligencia;
988 1572 1410 1616 si le aprieta la Lujuria,
990 1619 1422 1659 le doy Castidad honesta;
987 1662 1372 1700 y si con Gula le veo,
986 1706 1473 1748 le doy Templanza discreta:
986 1750 1402 1792 si le impacienta la Ira,
985 1796 1424 1837 vo le lleno de Paciencia.
990 1841 1410 1881 luego le doy el trabajo.
985 1885 1406 1924 el cuidado y la tristeza,
987 1929 1437 1972 el sudar, la pesadumbre,
984 1974 1392 2013 la necesidad, y en ella
987 2019 1396 2057 el anhelo de esta vida,
983 2063 1470 2105 que llevado con paciencia,
987 2107 1376 2145 es para subir al Cielo
985 2151 1324 2189 una facil escalera.
987 2195 1429 2236 Y si no, atiende y veras
978 2242 1526 2286 cuán grande es la diferencia,
