1765 2512
161 309 716 346 que entre los tuyos ha habido
169 356 599 390 á los mios, en la tierra,
170 400 682 435 Tu amigo el Rico Avariento,
166 444 636 479 porque te adoro de veras,
169 488 668 524 sumergido en los infiernos
174 533 648 567 arde entre llamas eternas,
169 577 511 611 Rico fué Caín y fué
171 621 663 655 mortal envidia su hacienda
174 666 604 700 contra el inocente Abél,
169 709 583 744 motivo para que fuera
169 753 578 788 el primero condenado,
173 798 685 833 que el castigo esperimenta.
173 841 631 876 Mira un soberbio Nabuco
175 887 641 923 y un Faraon entre penas,
176 930 684 965 que de haber sido soberbio,
174 975 620 1009 fue la causa su riquezas,
173 1020 747 1053 Y en fin, por no gastar tiempo,
178 1063 709 1098 muchos que calla mi lengua,
178 1107 608 1142 estos tus hijos han sido,
171 1152 625 1186 y ahora los mios llegan:
167 1196 723 1230 Mira pobre un San Francisco,
180 1240 656 1275 por su humildad y pureza
175 1284 611 1319 colocado en el Empireo,
179 1330 639 1364 gazando sumas riquezas.
178 1374 754 1407 Mira un Juan de Dios humilde,
182 1417 626 1452 un Lázaro con miserias,
175 1461 662 1496 un paciente Job tan pobre,
175 1507 591 1542 y ya tan rico de veras;
172 1551 574 1584 un Ignacio de Loyola,
176 1595 646 1630 un San Pablo de la Breña
173 1639 723 1677 y un San Francisco de Paula,
174 1683 723 1718 y otros muchos que pudieran
179 1727 593 1762 coronarme de laureles,
170 1771 681 1812 y avergonzarte á ti mesma.
892 306 1344 341 Y para que te confundas
896 350 1362 387 con la sentencia postrera,
893 394 1332 428 mira el soberbio Luzbél
896 438 1350 474 hecho tizon de candela,
893 484 1388 518 sumergido en los infiernos,
893 528 1421 564 porque pretendió grandezas.
894 571 1283 604 Y repara lo contrario
896 616 1312 651 en una pobre Doncella.
900 661 1312 693 ensalzada por humilde
899 704 1362 740 á dignidad mas suprema.
897 748 1301 781 que pudo tener jamás
893 793 1282 827 criatura pura y bella,
900 837 1378 872 como el ser Madre de Dios,
904 880 1374 914 Reina del Cielo y la tierra
900 926 1380 961 Aquestas son mis hazañas,
906 969 1366 1003 estas son mis escelencias:
896 1013 1336 1046 mira si con tales lauros
897 1058 1393 1091 podré admitir competencia
902 1103 1446 1136 contigo, y con cuantos tienen
904 1147 1320 1182 por ultraje la Pobreza.
898 1192 1310 1224 A cuya razon, corrida
900 1236 1322 1269 y afrentada la Riqueza,
896 1279 1332 1312 volviéndole las espaldas
906 1322 1336 1357 vencida se va y la deja.
904 1367 1342 1403 Mira, si quien esto sabe,
897 1412 1298 1444 defendera la Pobreza
893 1456 1430 1490 á capa y espada á un tiempo,
895 1501 1451 1533 puesta la pluma en la diestra.
902 1545 1414 1579 Y si hubiere algun curioso,
904 1590 1426 1623 que á lo contrario se atreva,
897 1635 1422 1668 la pluma tengo en la mano,
903 1678 1358 1711 aunque se acaba la letra,
897 1723 1508 1758 que aunque es pluma de Palomo,
908 1768 1328 1802 ella escribirá contenta.
817 2011 939 2047 FIN.
694 2197 1067 2235 CARMONA—1854.
499 2254 1289 2295 Imp. de D. José M. Moreno. Descalzas. 1.
