1737 2508
226 227 711 297 hacia una mona alegre,
222 274 715 330 era donaire escucharlo;
227 324 825 382 veia de un candil diez luces,
230 372 738 442 de una teja diez tejados.
224 416 679 486 Levantóse de la mesa,
230 470 828 545 tomó una vara en las manos,
232 509 666 580 y se puso de manera
230 564 778 630 como esgrimador taimado.
234 614 775 680 Daba leccion á su sombra,
234 658 705 717 diciendo: tira ese tajo,
227 708 778 778 saca afuera el pie derecho,
231 755 704 823 entra de revés tirando:
233 805 693 866 estocada, uñas arriba,
224 854 658 918 revuelve, uñas abajo
232 898 727 962 cuchillada de mandoble,
234 944 924 1015 mete el pie izquierdo de un salto:
227 998 754 1054 entra con furia, revuelve,
231 1043 769 1098 buena, dale á tu contrario;
234 1087 789 1160 hiere el pecho descubierto:
226 1142 797 1209 asienta, y venga ese cuarto.
238 1188 736 1255 Cansado ya de esgrimir,
241 1241 830 1302 dió con su cuerpo un porrazo
240 1280 743 1342 y con él vido mas luces
240 1330 786 1394 que el dia de todos Santos.
235 1378 594 1447 Acabado de caer
232 1430 712 1492 las mugeres le raparon
235 1476 731 1541 las barbas y los bigotes,
242 1525 771 1578 y en la cabeza un pedazo.
237 1573 720 1634 Una corona le abrieron
238 1613 777 1673 como fraile de San Pablo,
235 1670 727 1737 y hecho tenian al punto
243 1708 831 1783 de la misma Orden un hábito.
240 1763 689 1826 Vistiéronlo, y parecia
238 1813 688 1876 un reverendo frailazo.
242 1858 786 1918 Y entre las dos le subieron
240 1910 760 1974 en el uno de sus machos.
243 1952 768 2021 Dieron con él estramuros,
242 2003 855 2065 junto el gran Lázaro el santo,
241 2054 614 2116 y dejándole sujeto
238 2103 781 2164 á las escarchas del campo,
247 2149 779 2218 las mugeres muy risueñas
239 2196 753 2264 volvieron y se acostaron;
1583 189 1613 241 3
969 233 1457 296 y él triste, la fria noche
967 283 1413 346 la sentia tanto cuanto.
967 338 1461 397 Cerca de la madrugada,
966 378 1471 439 con el fresco demasiado,
967 428 1506 489 el vino perdió sus fuerzas,
960 472 1557 537 como son grandes contrarios.
960 521 1504 587 El buen fraile poco á poco
966 568 1511 634 las barbas se iba tentando,
967 616 1469 681 diciendo: ¡válgame Dios!
962 663 1660 731 ¿qué es esto, no soy Juan Prados?
964 714 1462 777 ¿cómo no tengo vigotes?
962 767 1638 826 ¿quién las barbas me ha rapado?
964 818 1462 876 ¿pues no soy arriero yo?
962 853 1549 913 no lo soy, pues que me hallo
967 911 1491 967 con estos hábitos puestos.
967 953 1561 1018 Dios ha hecho algun milagro,
964 1002 1484 1071 y sin duda que me quiere
971 1049 1455 1111 para convertir paganos;
968 1100 1367 1161 pero si no sé latín,
963 1142 1463 1210 ni leer en los breviarios,
966 1196 1471 1260 ¿qué tengo de convertir?
969 1243 1631 1310 Dios me ayudará, ¿qué aguardo?
961 1288 1463 1357 Levantóse muy confuso
974 1333 1509 1404 ya que el dia estaba claro,
966 1386 1544 1451 y viendo que á mucha prisa
964 1430 1474 1496 venia un fraile Descalzo;
958 1478 1513 1548 llegóse al Descalzo, y dijo.
962 1524 1585 1598 Deo gracias, padre; y turbado
965 1586 1453 1645 le preguntó que queria;
964 1623 1496 1685 dijo; saber dónde vamos.
962 1671 1526 1731 Díjole el Descalzo entonces:
972 1722 1477 1786 para Simancas me parto,
971 1779 1396 1835 á decir misa mañana
969 1822 1529 1877 por ser dia de San Marcos;
971 1865 1427 1932 y me holgaria infinito,
967 1908 1573 1979 si es predicador, que ambos
975 1964 1391 2020 hiciéramos el oficio:
966 2008 1565 2074 Juan Prados dijo: si, vamos.
967 2059 1553 2118 Fuéronse ambos á Simancas,
970 2104 1393 2168 y el cura regocijado,
970 2149 1384 2218 al nuevo predicador
959 2196 1503 2273 le recibe entre los brazos.
