1640 2444
430 1241 1382 1339 SEGUNDA PARTE,
184 1336 1612 1428 en la que se declara del modo que Juan
183 1411 1615 1522 Prados se vengò de su muger, en despique
340 1484 1455 1598 del chasco que ella le habia dado.
189 1573 789 1678 Picado Juan Prados, luego,
183 1645 754 1723 de aquel tan pesado chasco
183 1707 710 1774 que su muger le dispuso,
182 1756 734 1818 despicarse quiso honrado,
187 1793 798 1885 Y fué que en San Pablo, hubo
194 1849 646 1915 primero dia de mayo,
190 1898 668 1972 un sermon maravilloso
186 1945 622 2015 del apóstol Santiago.
185 1987 706 2058 Predicóle un fraile docto
182 2042 725 2108 con un desenfado estraño;
191 2083 737 2157 mozo, buena voz, discreto;
183 2143 680 2199 digno de ser celebrado,
187 2177 700 2259 Juana Gutierrez se halló
921 1607 1476 1687 en la fiesta, contemplando
915 1668 1371 1734 la voz del predicador,
920 1722 1392 1788 cuyos ecos la mataron.
922 1763 1378 1830 Enamoróse del padre,
916 1808 1408 1875 vino á su casa alabando
911 1858 1402 1928 á su marido tal gracia,
912 1908 1444 1974 boca, discrecion y garbo.
919 1954 1545 2033 Juan Prados lo entendió luego,
916 2000 1440 2065 y dijo: por Dios sagrado.
913 2046 1531 2115 que en los cuernos de la luna
911 2099 1549 2162 me quieren poner, mis hados.
919 2144 1456 2214 Sin duda que á mi muger
919 2194 1488 2278 le parecen bien los hábitos:
