1765 2512
276 174 312 215 4
171 235 690 268 los llena de complacencia.
183 281 834 314 Que á esto el amor me comprima!
176 324 817 365 que asi el amorme encadena!
182 369 690 404 si, ingrata, si, ingrata mia,
182 413 656 445 estos delirios me cuestas;
173 457 751 490 y aun mas, pues soy Pregonero
186 500 604 534 de tu singular belleza.
186 545 731 579 Quien hubiere hallado ó visto
224 590 662 624 una niña de éstas señas;
224 636 706 668 tiene quince a veinte años,
223 679 715 713 ojos negros, gruesas cejas,
228 724 720 757 de cuerpo gentíl, y airoso,
223 769 694 802 la baquila muy pequeña,
234 813 622 845 delgadita de aintura,
229 856 638 889 la nariz toda perfecta,
232 901 664 934 sonrojadas las mejillas,
234 946 694 978 hechas vicas primaveras,
224 991 724 1025 pelo hermoso con sus rizos,
234 1034 690 1067 vertiendo su boca perlas;
241 1078 673 1111 la barba tiene un hoyito
235 1123 845 1155 donde los hombres se encierran,
229 1167 593 1203 yo así tamañito asi,
227 1212 660 1246 tengo alli mi calavera.
191 1257 678 1292 De esta suerte, Pregonero
185 1301 568 1335 por el Orbe te vocea
196 1346 702 1379 mi amor, y nunca te halla,
191 1390 711 1423 pues tu ingratitud me niega
192 1434 601 1468 aun el alivio de verte;
195 1479 647 1511 y este tormento no fuera
196 1522 647 1556 mi dogal, si concedieses
188 1566 622 1599 á mi dolor una tregua;
191 1611 876 1646 porque estoy de amor tan ciego......
192 1654 648 1689 El papelito de los toros.
234 1701 619 1738 El diario de hoy...
241 1745 873 1776 Romance en que se declara los es-
237 1788 876 1820 tragos horrorosos que ha causado
237 1831 876 1865 una tormenta en él Reino de Mur-
240 1876 882 1911 cia. No hay quien mande rezar á
233 1922 869 1957 este pobre ciego las veinte y cin
956 236 1174 269 co agonias!
912 281 1406 319 Bien sabes que ciego vivo,
901 327 1432 362 y que es clara consecuencia
912 370 1378 405 cegar quien vió tanta luz;
921 413 1417 448 pues que miré la influencia
918 457 1442 492 del sol de tu hermoso rostro,
922 502 1441 537 que espide por giros flechas
921 546 1449 581 tanto, que amante y rendido
924 590 1365 626 á tu altiva llama escelsa
922 633 1430 672 quedé en seguedad Cupido,
920 680 1372 714 y como la fe con venda,
923 725 1487 757 creyendo no habrá en el Orbe
926 767 1436 803 quien te haga competencia,
924 813 1446 846 y enfermo por tus desdenes,
927 856 1464 891 y al rigor de tu inclemencia
929 898 1268 933 daré la vida per tí
932 942 1368 979 por ser la mayor fineza.
928 987 1422 1025 Mira cual anda tu Amante,
930 1032 1328 1067 mira que varias ideas
930 1077 1398 1113 hace el amor siendo fino
932 1120 1436 1158 cuando á su objeto venera.
928 1164 1442 1203 Dime, Cisne, Esfinge, dime,
930 1209 1487 1246 habrá en el Orbe quien pueda
934 1253 1392 1290 blasonar de amante mas?
928 1298 1376 1333 habrá fé mas verdadera?
928 1342 1458 1379 habrá Amante mas Perfecto,
925 1385 1423 1422 ni que por tí mas hiciera?
928 1429 1506 1470 pues soy Mudo, Amante, Pabo,
932 1472 1436 1513 Guerrero, Loro, Tormenta,
926 1517 1426 1558 jugador de Espada, Naipes,
934 1561 1412 1603 Pelota, Fuego que quema,
932 1606 1318 1644 Adobador de zapatos,
930 1653 1438 1689 y el Totili mundi á cuestas,
927 1698 1423 1732 y además de eso soy Ciego
933 1743 1416 1777 para colmar mis miserias;
938 1785 1442 1821 pero hasta el fin Pregonero
935 1830 1370 1865 he de ser de tu belleza.
937 1875 1425 1910 Mira si otro Amante puede
936 1920 1482 1956 ser mas Perfecto en la tierra.
772 2070 1072 2106 FIN.
284 2213 1552 2250 CARMONA:—Imprenta de D. José María Moreno, Madre de Dios, 1.
