1765 2512
177 420 696 471 se me llenára el hocico;
178 485 711 540 ¡y como me las chupára!
181 548 601 590 Alonsito de mi vida,
187 604 675 659 ya huerfanito te hallas.
195 667 690 719 Lloren aquesta tragedia
191 726 685 783 con voces desentonadas
191 789 709 843 todos los gitanos que hay
185 852 769 905 desde el Perú á Dinamarca;
195 913 825 967 sin culpa me lo han ahorcado:
199 978 749 1034 ¡ay de mi triste y cuitada!
195 1041 769 1091 Señores, esta es la historia
909 401 1465 452 de esta infeliz desgraciada
911 464 1493 514 denme un dientecito de ajo,
912 524 1501 578 para que en llegando á casa
913 588 1487 638 le haga nnas sopas al niño,
920 648 1465 703 que de hambre casi rabia:
928 716 1310 762 una camisita vieja,
925 776 1361 825 para si paro mañana
929 837 1423 887 envolver lo que naciere,
921 900 1433 961 y pordonenme las faltas,
937 957 1425 1017 que quisiera ser doblon
925 1020 1445 1080 para á todas agradarlas.
763 1245 1067 1291 FIN.
755 2215 1155 2267 CARMONA:—1856.
366 2265 1558 2340 Imp. de D. J. M. Moreno, calle Juan de la Cabra, núm. 5.
