1672 2436
135 288 645 334 que les diré la ventura,
133 349 746 396 que Dios les tenga guardada.
128 411 702 458 Duélanse por Dios bendito
131 473 667 521 de verme tan arrastrada,
135 536 632 585 y que tengo dos hijitos,
135 598 741 646 y hallarme tambien preñada;
134 660 660 709 y les aseguro á ustedes,
141 724 730 769 que es una preñez tan mala,
135 784 595 830 que cuanto veo deseo,
131 849 717 893 y por mas fuerza que haga,
131 908 600 953 no lo puedo remediar.
135 969 756 1017 Toma el pecho, Alonso, calla,
131 1035 560 1079 agarralo, vida mia,
134 1096 585 1140 hijo de toda mi alma,
136 1157 730 1205 que has quedado huerfanito:
138 1222 618 1269 maldita sea tu casta,
141 1283 758 1328 que me has mordido el pezon
141 1346 723 1392 por poquito me lo arrancas.
141 1407 717 1453 Voy á contar mis tragedias,
138 1469 737 1516 que llorarán de escucharlas.
140 1531 673 1578 A mi esposo Mondoñedo,
140 1595 557 1641 la justicia de la sala
133 1657 706 1705 le mandó prender, señores,
151 1720 605 1766 ay triste de la gitana)
143 1783 675 1829 por las cosillas que hacia:
138 1844 660 1890 (válgame Santa Susana!)
140 1907 655 1955 bien empleado le estuvo,
138 1969 612 2017 él quiso, no confesára
136 2035 742 2081 que á la pobre de su madre,
139 2098 688 2144 estando mala en la cama,
132 2160 701 2214 la degolló, y con la sangre
861 286 1466 332 que por el pescuezo echaba,
859 347 1376 393 hicimos veinte morcillas,
864 410 1420 455 tan gordas como esta vara,
862 471 1381 518 tan sabrosas y tan bellas,
863 533 1441 580 que si ustedes las probaran,
863 596 1509 641 se habian de chupar los dedos,
862 657 1483 704 segun lo buenas que estaban.
862 721 1404 765 Maldito sea el muchacho,
866 784 1419 829 que me ha cagado la saya,
863 846 1352 892 le meteré una puntica
865 908 1408 955 de pañal, traiganme agua,
866 971 1366 1017 para que lave este niño;
861 1032 1438 1079 mas vale que no la traigan,
865 1093 1481 1142 porque todo se ha ensuciado;
863 1157 1347 1203 esto para ustedes pasa;
861 1218 1388 1265 vaya el trapo al muladar,
868 1280 1399 1327 que esto ya no vale nada.
865 1341 1377 1389 Confesó mi Mondoñedo,
878 1403 1486 1454 que aquesta fué su desgracia)
871 1465 1469 1514 que á seis frailes capuchinos,
866 1528 1416 1576 y diez de la Merced santa
870 1591 1286 1639 en una caballeriza
869 1654 1381 1702 en sal tenia en su casa;
863 1716 1352 1763 es verdad, maldito sea,
872 1778 1374 1826 que todo se lo mamaba:
863 1840 1350 1888 no comí, señores mios,
864 1904 1331 1951 de los salares de casa,
867 1965 1354 2015 sino solo dos morrillos,
864 2032 1489 2085 (iy que sabrosos que estaban!)
866 2094 1451 2136 Tambien tu bulles, Ladron?
865 2155 1412 2202 La barriga me la arranca;
