<?xml version="1.0" encoding="UTF-8" standalone="yes"?>
<PcGts xmlns="http://schema.primaresearch.org/PAGE/gts/pagecontent/2013-07-15" xmlns:xsi="http://www.w3.org/2001/XMLSchema-instance" xsi:schemaLocation="http://schema.primaresearch.org/PAGE/gts/pagecontent/2013-07-15 http://schema.primaresearch.org/PAGE/gts/pagecontent/2013-07-15/pagecontent.xsd">
    <Metadata>
        <Creator>prov=University of Rostock/Institute of Mathematics/CITlab|PLANET AI GmbH/Gundram Leifert/gundram.leifert@planet-ai.de:name=Pliegos de Cordel (XIXe) - v3(htr_id=26984)::::v=2.6.7
prov=University of Rostock/Institute of Mathematics/CITlab|PLANET AI GmbH/Tobias Gruening/tobias.gruening@planet-ai.de:name=de.uros.citlab.module.baseline2polygon.B2PSeamMultiOriented:v=2.6.7
prov=University of Rostock/Institute of Mathematics/CITlab|PLANET AI GmbH/Tobias Gruening/tobias.gruening@planet-ai.de:name=/net_tf/LA73_249_0mod360.pb:de.uros.citlab.segmentation.CITlab_LA_ML:v=2.6.7
Transkribus</Creator>
        <Created>2020-10-21T15:26:48.802+02:00</Created>
        <LastChange>2020-10-21T15:38:03.502+02:00</LastChange>
        <TranskribusMetadata docId="523010" pageId="22257107" pageNr="15" tsid="46544260" status="IN_PROGRESS" userId="66244" imgUrl="https://files.transkribus.eu/Get?id=TFNMKNIKMGLTWKBYILEJKAMM&amp;fileType=view" xmlUrl="https://files.transkribus.eu/Get?id=CHKIMMDJEEBXWIMQGTIJEYDM" imageId="17335509"/>
    </Metadata>
    <Page imageFilename="Moreno_013_3.jpg" imageWidth="1737" imageHeight="2508">
        <ReadingOrder>
            <OrderedGroup id="ro_1606487416206" caption="Regions reading order">
                <RegionRefIndexed index="0" regionRef="r1"/>
                <RegionRefIndexed index="1" regionRef="r2"/>
            </OrderedGroup>
        </ReadingOrder>
        <TextRegion orientation="0.0" id="r1" custom="readingOrder {index:0;}">
            <Coords points="195,343 195,2264 826,2264 826,343"/>
            <TextLine id="r1l1" custom="readingOrder {index:0;}">
                <Coords points="204,388 230,389 256,390 282,390 309,391 335,391 361,391 387,391 414,390 440,390 466,390 492,390 519,389 545,389 571,389 597,389 624,390 650,390 676,391 702,392 729,394 729,349 702,347 676,346 650,345 624,345 597,344 571,344 545,344 519,344 492,345 466,345 440,345 414,345 387,346 361,346 335,346 309,346 282,345 256,345 230,344 204,343"/>
                <Baseline points="204,373 230,374 256,375 282,375 309,376 335,376 361,376 387,376 414,375 440,375 466,375 492,375 519,374 545,374 571,374 597,374 624,375 650,375 676,376 702,377 729,379"/>
                <TextEquiv>
                    <Unicode>el alma que te dió el ser,</Unicode>
                </TextEquiv>
            </TextLine>
            <TextLine id="r1l2" custom="readingOrder {index:1;}">
                <Coords points="199,450 224,451 250,451 275,451 301,451 327,452 352,452 378,452 403,452 429,452 455,452 480,452 506,452 531,451 557,451 583,451 608,451 634,451 659,451 685,452 711,452 711,409 685,409 659,408 634,408 608,408 583,408 557,408 531,408 506,409 480,409 455,409 429,409 403,409 378,409 352,409 327,409 301,408 275,408 250,408 224,408 199,407"/>
                <Baseline points="199,436 224,437 250,437 275,437 301,437 327,438 352,438 378,438 403,438 429,438 455,438 480,438 506,438 531,437 557,437 583,437 608,437 634,437 659,437 685,438 711,438"/>
                <TextEquiv>
                    <Unicode>hijo de aquel mala cara;</Unicode>
                </TextEquiv>
            </TextLine>
            <TextLine id="r1l3" custom="readingOrder {index:2;}">
                <Coords points="198,513 227,513 256,513 285,513 314,514 343,514 372,514 401,514 430,514 459,514 488,514 517,514 546,514 575,514 604,514 633,513 662,513 691,513 720,512 749,512 779,511 779,468 749,469 720,469 691,470 662,470 633,470 604,471 575,471 546,471 517,471 488,471 459,471 430,471 401,471 372,471 343,471 314,471 285,470 256,470 227,470 198,470"/>
                <Baseline points="198,499 227,499 256,499 285,499 314,500 343,500 372,500 401,500 430,500 459,500 488,500 517,500 546,500 575,500 604,500 633,499 662,499 691,499 720,498 749,498 779,497"/>
                <TextEquiv>
                    <Unicode>¿no quieres callar, Alonso?</Unicode>
                </TextEquiv>
            </TextLine>
            <TextLine id="r1l4" custom="readingOrder {index:3;}">
                <Coords points="198,573 223,574 248,575 273,575 299,575 324,576 349,576 374,576 400,576 425,576 450,576 475,575 501,575 526,576 551,576 576,576 602,576 627,577 652,577 678,578 678,535 652,534 627,534 602,533 576,533 551,533 526,533 501,532 475,532 450,533 425,533 400,533 374,533 349,533 324,533 299,532 273,532 248,532 223,531 198,530"/>
                <Baseline points="198,559 223,560 248,561 273,561 299,561 324,562 349,562 374,562 400,562 425,562 450,562 475,561 501,561 526,562 551,562 576,562 602,562 627,563 652,563 678,564"/>
                <TextEquiv>
                    <Unicode>sosiégate, vida amada,</Unicode>
                </TextEquiv>
            </TextLine>
            <TextLine id="r1l5" custom="readingOrder {index:4;}">
                <Coords points="205,638 236,638 267,638 298,638 329,638 360,639 391,639 422,639 453,639 484,639 515,639 546,639 577,639 608,639 639,639 670,639 701,639 732,639 763,639 794,639 826,639 826,594 794,594 763,594 732,594 701,594 670,594 639,594 608,594 577,594 546,594 515,594 484,594 453,594 422,594 391,594 360,594 329,593 298,593 267,593 236,593 205,593"/>
                <Baseline points="205,623 236,623 267,623 298,623 329,623 360,624 391,624 422,624 453,624 484,624 515,624 546,624 577,624 608,624 639,624 670,624 701,624 732,624 763,624 794,624 826,624"/>
                <TextEquiv>
                    <Unicode>déjame que hable, muchacho, </Unicode>
                </TextEquiv>
            </TextLine>
            <TextLine id="r1l6" custom="readingOrder {index:5;}">
                <Coords points="197,699 228,700 259,700 290,700 321,701 352,701 383,701 414,701 445,702 476,702 507,702 538,702 569,702 600,702 631,702 662,702 693,702 724,701 755,701 786,701 818,701 818,656 786,656 755,656 724,656 693,657 662,657 631,657 600,657 569,657 538,657 507,657 476,657 445,657 414,656 383,656 352,656 321,656 290,655 259,655 228,655 197,654"/>
                <Baseline points="197,684 228,685 259,685 290,685 321,686 352,686 383,686 414,686 445,687 476,687 507,687 538,687 569,687 600,687 631,687 662,687 693,687 724,686 755,686 786,686 818,686"/>
                <TextEquiv>
                    <Unicode>toma el pezon mama, mama.</Unicode>
                </TextEquiv>
            </TextLine>
            <TextLine id="r1l7" custom="readingOrder {index:6;}">
                <Coords points="203,761 229,761 255,762 281,762 308,762 334,763 360,763 386,763 413,763 439,763 465,763 491,763 518,763 544,763 570,763 596,763 623,764 649,764 675,765 701,765 728,766 728,721 701,720 675,720 649,719 623,719 596,718 570,718 544,718 518,718 491,718 465,718 439,718 413,718 386,718 360,718 334,718 308,717 281,717 255,717 229,716 203,716"/>
                <Baseline points="203,746 229,746 255,747 281,747 308,747 334,748 360,748 386,748 413,748 439,748 465,748 491,748 518,748 544,748 570,748 596,748 623,749 649,749 675,750 701,750 728,751"/>
                <TextEquiv>
                    <Unicode>Por estas cosillas y otras, </Unicode>
                </TextEquiv>
            </TextLine>
            <TextLine id="r1l8" custom="readingOrder {index:7;}">
                <Coords points="199,821 224,822 250,823 275,824 301,824 327,825 352,825 378,825 403,825 429,825 455,825 480,825 506,825 531,825 557,825 583,826 608,826 634,826 659,826 685,826 711,827 711,782 685,781 659,781 634,781 608,781 583,781 557,780 531,780 506,780 480,780 455,780 429,780 403,780 378,780 352,780 327,780 301,779 275,779 250,778 224,777 199,776"/>
                <Baseline points="199,806 224,807 250,808 275,809 301,809 327,810 352,810 378,810 403,810 429,810 455,810 480,810 506,810 531,810 557,810 583,811 608,811 634,811 659,811 685,811 711,812"/>
                <TextEquiv>
                    <Unicode>á horca lo sentenciaban: </Unicode>
                </TextEquiv>
            </TextLine>
            <TextLine id="r1l9" custom="readingOrder {index:8;}">
                <Coords points="207,884 232,885 258,885 283,885 309,885 335,886 360,886 386,886 411,886 437,887 463,887 488,887 514,887 539,888 565,888 591,888 616,889 642,889 667,889 693,889 719,890 719,847 693,846 667,846 642,846 616,846 591,845 565,845 539,845 514,844 488,844 463,844 437,844 411,843 386,843 360,843 335,843 309,842 283,842 258,842 232,842 207,841"/>
                <Baseline points="207,870 232,871 258,871 283,871 309,871 335,872 360,872 386,872 411,872 437,873 463,873 488,873 514,873 539,874 565,874 591,874 616,875 642,875 667,875 693,875 719,876"/>
                <TextEquiv>
                    <Unicode>metiéronle en la capilla, </Unicode>
                </TextEquiv>
            </TextLine>
            <TextLine id="r1l10" custom="readingOrder {index:9;}">
                <Coords points="195,950 220,950 245,949 270,949 296,949 321,949 346,949 372,949 397,949 422,950 448,950 473,950 498,950 523,950 549,950 574,951 599,950 625,950 650,950 675,950 701,949 701,906 675,907 650,907 625,907 599,907 574,908 549,907 523,907 498,907 473,907 448,907 422,907 397,906 372,906 346,906 321,906 296,906 270,906 245,906 220,907 195,907"/>
                <Baseline points="195,936 220,936 245,935 270,935 296,935 321,935 346,935 372,935 397,935 422,936 448,936 473,936 498,936 523,936 549,936 574,937 599,936 625,936 650,936 675,936 701,935"/>
                <TextEquiv>
                    <Unicode>y al tercer dia lo sacan, </Unicode>
                </TextEquiv>
            </TextLine>
            <TextLine id="r1l11" custom="readingOrder {index:10;}">
                <Coords points="198,1012 224,1011 250,1011 276,1011 302,1011 329,1011 355,1011 381,1011 407,1011 433,1011 460,1011 486,1011 512,1011 538,1011 564,1012 591,1012 617,1012 643,1012 669,1012 696,1012 696,970 669,970 643,970 617,970 591,970 564,970 538,969 512,969 486,969 460,969 433,969 407,969 381,969 355,969 329,969 302,969 276,969 250,969 224,969 198,970"/>
                <Baseline points="198,998 224,997 250,997 276,997 302,997 329,997 355,997 381,997 407,997 433,997 460,997 486,997 512,997 538,997 564,998 591,998 617,998 643,998 669,998 696,998"/>
                <TextEquiv>
                    <Unicode>y los padres capuchinos</Unicode>
                </TextEquiv>
            </TextLine>
            <TextLine id="r1l12" custom="readingOrder {index:11;}">
                <Coords points="200,1070 225,1071 250,1071 276,1072 301,1072 327,1072 352,1072 378,1073 403,1073 429,1073 454,1073 480,1073 505,1074 531,1074 556,1074 582,1074 607,1074 633,1075 658,1075 684,1075 684,1033 658,1033 633,1033 607,1032 582,1032 556,1032 531,1032 505,1032 480,1031 454,1031 429,1031 403,1031 378,1031 352,1030 327,1030 301,1030 276,1030 250,1029 225,1029 200,1028"/>
                <Baseline points="200,1056 225,1057 250,1057 276,1058 301,1058 327,1058 352,1058 378,1059 403,1059 429,1059 454,1059 480,1059 505,1060 531,1060 556,1060 582,1060 607,1060 633,1061 658,1061 684,1061"/>
                <TextEquiv>
                    <Unicode>le decian con fé santa:</Unicode>
                </TextEquiv>
            </TextLine>
            <TextLine id="r1l13" custom="readingOrder {index:12;}">
                <Coords points="200,1134 227,1135 254,1135 281,1135 308,1136 336,1136 363,1136 390,1136 417,1136 444,1137 472,1137 499,1137 526,1137 553,1137 580,1137 608,1137 635,1137 662,1137 689,1137 716,1137 744,1137 744,1092 716,1092 689,1092 662,1092 635,1092 608,1092 580,1092 553,1092 526,1092 499,1092 472,1092 444,1092 417,1091 390,1091 363,1091 336,1091 308,1091 281,1090 254,1090 227,1090 200,1089"/>
                <Baseline points="200,1119 227,1120 254,1120 281,1120 308,1121 336,1121 363,1121 390,1121 417,1121 444,1122 472,1122 499,1122 526,1122 553,1122 580,1122 608,1122 635,1122 662,1122 689,1122 716,1122 744,1122"/>
                <TextEquiv>
                    <Unicode>Animo, buen Mondoñedo:</Unicode>
                </TextEquiv>
            </TextLine>
            <TextLine id="r1l14" custom="readingOrder {index:13;}">
                <Coords points="202,1196 227,1196 253,1197 278,1198 304,1198 329,1198 355,1199 380,1199 406,1199 432,1199 457,1200 483,1200 508,1200 534,1200 559,1200 585,1201 610,1201 636,1201 662,1202 662,1157 636,1156 610,1156 585,1156 559,1155 534,1155 508,1155 483,1155 457,1155 432,1154 406,1154 380,1154 355,1154 329,1153 304,1153 278,1153 253,1152 227,1151 202,1151"/>
                <Baseline points="202,1181 227,1181 253,1182 278,1183 304,1183 329,1183 355,1184 380,1184 406,1184 432,1184 457,1185 483,1185 508,1185 534,1185 559,1185 585,1186 610,1186 636,1186 662,1187"/>
                <TextEquiv>
                    <Unicode>ánimo que poco falta,</Unicode>
                </TextEquiv>
            </TextLine>
            <TextLine id="r1l15" custom="readingOrder {index:14;}">
                <Coords points="204,1259 231,1259 258,1260 285,1260 312,1260 340,1260 367,1260 394,1260 421,1260 448,1261 476,1261 503,1261 530,1261 557,1261 584,1262 612,1262 639,1262 666,1262 693,1263 720,1263 748,1264 748,1221 720,1220 693,1220 666,1219 639,1219 612,1219 584,1219 557,1218 530,1218 503,1218 476,1218 448,1218 421,1217 394,1217 367,1217 340,1217 312,1217 285,1217 258,1217 231,1216 204,1216"/>
                <Baseline points="204,1245 231,1245 258,1246 285,1246 312,1246 340,1246 367,1246 394,1246 421,1246 448,1247 476,1247 503,1247 530,1247 557,1247 584,1248 612,1248 639,1248 666,1248 693,1249 720,1249 748,1250"/>
                <TextEquiv>
                    <Unicode>dí con muy grande dolor,</Unicode>
                </TextEquiv>
            </TextLine>
            <TextLine id="r1l16" custom="readingOrder {index:15;}">
                <Coords points="209,1321 237,1321 265,1322 294,1322 322,1323 351,1323 379,1323 408,1323 436,1323 465,1323 493,1323 521,1323 550,1323 578,1323 607,1323 635,1323 664,1323 692,1324 721,1324 749,1324 778,1324 778,1281 749,1281 721,1281 692,1281 664,1280 635,1280 607,1280 578,1280 550,1280 521,1280 493,1280 465,1280 436,1280 408,1280 379,1280 351,1280 322,1280 294,1279 265,1279 237,1278 209,1278"/>
                <Baseline points="209,1307 237,1307 265,1308 294,1308 322,1309 351,1309 379,1309 408,1309 436,1309 465,1309 493,1309 521,1309 550,1309 578,1309 607,1309 635,1309 664,1309 692,1310 721,1310 749,1310 778,1310"/>
                <TextEquiv>
                    <Unicode>que te pesa allá en el alma</Unicode>
                </TextEquiv>
            </TextLine>
            <TextLine id="r1l17" custom="readingOrder {index:16;}">
                <Coords points="199,1385 227,1385 256,1385 284,1385 313,1385 341,1385 370,1385 398,1385 427,1385 455,1385 484,1385 512,1385 541,1385 569,1385 598,1385 626,1386 655,1386 683,1387 712,1387 740,1388 769,1389 769,1344 740,1343 712,1342 683,1342 655,1341 626,1341 598,1340 569,1340 541,1340 512,1340 484,1340 455,1340 427,1340 398,1340 370,1340 341,1340 313,1340 284,1340 256,1340 227,1340 199,1340"/>
                <Baseline points="199,1370 227,1370 256,1370 284,1370 313,1370 341,1370 370,1370 398,1370 427,1370 455,1370 484,1370 512,1370 541,1370 569,1370 598,1370 626,1371 655,1371 683,1372 712,1372 740,1373 769,1374"/>
                <TextEquiv>
                    <Unicode>de baber á Cristo ofendido,</Unicode>
                </TextEquiv>
            </TextLine>
            <TextLine id="r1l18" custom="readingOrder {index:17;}">
                <Coords points="197,1447 224,1447 252,1448 280,1448 308,1448 335,1448 363,1448 391,1448 419,1447 446,1447 474,1447 502,1447 530,1447 557,1447 585,1447 613,1448 641,1448 668,1448 696,1449 724,1450 752,1450 752,1405 724,1405 696,1404 668,1403 641,1403 613,1403 585,1402 557,1402 530,1402 502,1402 474,1402 446,1402 419,1402 391,1403 363,1403 335,1403 308,1403 280,1403 252,1403 224,1402 197,1402"/>
                <Baseline points="197,1432 224,1432 252,1433 280,1433 308,1433 335,1433 363,1433 391,1433 419,1432 446,1432 474,1432 502,1432 530,1432 557,1432 585,1432 613,1433 641,1433 668,1433 696,1434 724,1435 752,1435"/>
                <TextEquiv>
                    <Unicode>mira á Cristo con fé santa.</Unicode>
                </TextEquiv>
            </TextLine>
            <TextLine id="r1l19" custom="readingOrder {index:18;}">
                <Coords points="199,1510 227,1510 256,1510 284,1511 313,1511 342,1511 370,1511 399,1511 427,1511 456,1511 485,1511 513,1511 542,1511 570,1511 599,1511 628,1511 656,1511 685,1511 713,1512 742,1512 771,1513 771,1468 742,1467 713,1467 685,1466 656,1466 628,1466 599,1466 570,1466 542,1466 513,1466 485,1466 456,1466 427,1466 399,1466 370,1466 342,1466 313,1466 284,1466 256,1465 227,1465 199,1465"/>
                <Baseline points="199,1495 227,1495 256,1495 284,1496 313,1496 342,1496 370,1496 399,1496 427,1496 456,1496 485,1496 513,1496 542,1496 570,1496 599,1496 628,1496 656,1496 685,1496 713,1497 742,1497 771,1498"/>
                <TextEquiv>
                    <Unicode>Mas el respondia entonces: </Unicode>
                </TextEquiv>
            </TextLine>
            <TextLine id="r1l20" custom="readingOrder {index:19;}">
                <Coords points="207,1572 234,1572 261,1573 289,1573 316,1573 344,1573 371,1574 398,1574 426,1574 453,1574 481,1574 508,1574 535,1574 563,1575 590,1575 618,1575 645,1574 672,1574 700,1574 727,1574 755,1574 755,1529 727,1529 700,1529 672,1529 645,1529 618,1530 590,1530 563,1530 535,1529 508,1529 481,1529 453,1529 426,1529 398,1529 371,1529 344,1528 316,1528 289,1528 261,1528 234,1527 207,1527"/>
                <Baseline points="207,1557 234,1557 261,1558 289,1558 316,1558 344,1558 371,1559 398,1559 426,1559 453,1559 481,1559 508,1559 535,1559 563,1560 590,1560 618,1560 645,1559 672,1559 700,1559 727,1559 755,1559"/>
                <TextEquiv>
                    <Unicode>Harre burra, harre parda; </Unicode>
                </TextEquiv>
            </TextLine>
            <TextLine id="r1l21" custom="readingOrder {index:20;}">
                <Coords points="201,1637 227,1637 254,1637 280,1637 307,1636 333,1636 360,1635 386,1635 413,1634 439,1634 466,1634 492,1634 519,1634 545,1634 572,1635 598,1635 625,1637 625,1594 598,1592 572,1592 545,1591 519,1591 492,1591 466,1591 439,1591 413,1591 386,1592 360,1592 333,1593 307,1593 280,1594 254,1594 227,1594 201,1594"/>
                <Baseline points="201,1623 227,1623 254,1623 280,1623 307,1622 333,1622 360,1621 386,1621 413,1620 439,1620 466,1620 492,1620 519,1620 545,1620 572,1621 598,1621 625,1623"/>
                <TextEquiv>
                    <Unicode>y espoleando llegó, </Unicode>
                </TextEquiv>
            </TextLine>
            <TextLine id="r1l22" custom="readingOrder {index:21;}">
                <Coords points="201,1697 230,1698 259,1698 289,1698 318,1698 348,1698 377,1698 406,1698 436,1698 465,1698 495,1698 524,1698 554,1698 583,1698 612,1698 642,1698 671,1698 701,1698 730,1699 760,1699 760,1656 730,1656 701,1655 671,1655 642,1655 612,1655 583,1655 554,1655 524,1655 495,1655 465,1655 436,1655 406,1655 377,1655 348,1655 318,1655 289,1655 259,1655 230,1655 201,1654"/>
                <Baseline points="201,1683 230,1684 259,1684 289,1684 318,1684 348,1684 377,1684 406,1684 436,1684 465,1684 495,1684 524,1684 554,1684 583,1684 612,1684 642,1684 671,1684 701,1684 730,1685 760,1685"/>
                <TextEquiv>
                    <Unicode>á la horca que le aguarda,</Unicode>
                </TextEquiv>
            </TextLine>
            <TextLine id="r1l23" custom="readingOrder {index:22;}">
                <Coords points="198,1761 230,1761 263,1761 295,1761 328,1761 360,1761 393,1761 426,1761 458,1761 491,1761 523,1761 556,1761 588,1761 621,1761 654,1761 686,1761 719,1761 751,1761 784,1761 817,1761 817,1716 784,1716 751,1716 719,1716 686,1716 654,1716 621,1716 588,1716 556,1716 523,1716 491,1716 458,1716 426,1716 393,1716 360,1716 328,1716 295,1716 263,1716 230,1716 198,1716"/>
                <Baseline points="198,1746 230,1746 263,1746 295,1746 328,1746 360,1746 393,1746 426,1746 458,1746 491,1746 523,1746 556,1746 588,1746 621,1746 654,1746 686,1746 719,1746 751,1746 784,1746 817,1746"/>
                <TextEquiv>
                    <Unicode>y en medio de estos fracasos </Unicode>
                </TextEquiv>
            </TextLine>
            <TextLine id="r1l24" custom="readingOrder {index:23;}">
                <Coords points="196,1822 221,1822 247,1823 273,1823 299,1823 325,1823 351,1823 377,1823 403,1823 428,1823 454,1823 480,1824 506,1824 532,1824 558,1825 584,1825 610,1826 610,1781 584,1780 558,1780 532,1779 506,1779 480,1779 454,1778 428,1778 403,1778 377,1778 351,1778 325,1778 299,1778 273,1778 247,1778 221,1777 196,1777"/>
                <Baseline points="196,1807 221,1807 247,1808 273,1808 299,1808 325,1808 351,1808 377,1808 403,1808 428,1808 454,1808 480,1809 506,1809 532,1809 558,1810 584,1810 610,1811"/>
                <TextEquiv>
                    <Unicode>iba la triste gitana, </Unicode>
                </TextEquiv>
            </TextLine>
            <TextLine id="r1l25" custom="readingOrder {index:24;}">
                <Coords points="207,1887 234,1887 262,1886 289,1886 317,1886 344,1886 372,1886 399,1886 427,1886 454,1886 482,1886 509,1886 537,1887 564,1887 592,1887 619,1887 647,1888 674,1888 702,1888 729,1889 757,1889 757,1844 729,1844 702,1843 674,1843 647,1843 619,1842 592,1842 564,1842 537,1842 509,1841 482,1841 454,1841 427,1841 399,1841 372,1841 344,1841 317,1841 289,1841 262,1841 234,1842 207,1842"/>
                <Baseline points="207,1872 234,1872 262,1871 289,1871 317,1871 344,1871 372,1871 399,1871 427,1871 454,1871 482,1871 509,1871 537,1872 564,1872 592,1872 619,1872 647,1873 674,1873 702,1873 729,1874 757,1874"/>
                <TextEquiv>
                    <Unicode>cual dicen á la vergüenza,</Unicode>
                </TextEquiv>
            </TextLine>
            <TextLine id="r1l26" custom="readingOrder {index:25;}">
                <Coords points="216,1948 242,1948 268,1948 294,1948 320,1948 346,1948 372,1947 398,1947 424,1947 450,1947 476,1947 502,1947 528,1947 554,1947 580,1947 606,1947 632,1947 658,1947 684,1947 684,1904 658,1904 632,1904 606,1904 580,1904 554,1904 528,1904 502,1904 476,1904 450,1904 424,1904 398,1904 372,1904 346,1905 320,1905 294,1905 268,1905 242,1905 216,1905"/>
                <Baseline points="216,1934 242,1934 268,1934 294,1934 320,1934 346,1934 372,1933 398,1933 424,1933 450,1933 476,1933 502,1933 528,1933 554,1933 580,1933 606,1933 632,1933 658,1933 684,1933"/>
                <TextEquiv>
                    <Unicode>como si yo la gastára)</Unicode>
                </TextEquiv>
            </TextLine>
            <TextLine id="r1l27" custom="readingOrder {index:26;}">
                <Coords points="204,2009 232,2009 260,2009 288,2010 316,2010 344,2010 372,2010 400,2010 428,2010 456,2010 484,2010 512,2010 540,2010 568,2010 596,2010 624,2011 652,2011 680,2011 708,2012 736,2013 764,2013 764,1968 736,1968 708,1967 680,1966 652,1966 624,1966 596,1965 568,1965 540,1965 512,1965 484,1965 456,1965 428,1965 400,1965 372,1965 344,1965 316,1965 288,1965 260,1964 232,1964 204,1964"/>
                <Baseline points="204,1994 232,1994 260,1994 288,1995 316,1995 344,1995 372,1995 400,1995 428,1995 456,1995 484,1995 512,1995 540,1995 568,1995 596,1995 624,1996 652,1996 680,1996 708,1997 736,1998 764,1998"/>
                <TextEquiv>
                    <Unicode>Pedro Montaño el verdugo,</Unicode>
                </TextEquiv>
            </TextLine>
            <TextLine id="r1l28" custom="readingOrder {index:27;}">
                <Coords points="200,2075 226,2074 252,2074 278,2074 304,2074 330,2073 356,2073 382,2073 408,2073 434,2072 460,2072 486,2072 512,2072 538,2072 564,2072 590,2073 616,2073 642,2073 668,2074 694,2074 720,2075 720,2030 694,2029 668,2029 642,2028 616,2028 590,2028 564,2027 538,2027 512,2027 486,2027 460,2027 434,2027 408,2028 382,2028 356,2028 330,2028 304,2029 278,2029 252,2029 226,2029 200,2030"/>
                <Baseline points="200,2060 226,2059 252,2059 278,2059 304,2059 330,2058 356,2058 382,2058 408,2058 434,2057 460,2057 486,2057 512,2057 538,2057 564,2057 590,2058 616,2058 642,2058 668,2059 694,2059 720,2060"/>
                <TextEquiv>
                    <Unicode>á mi Mondoñedo agarra, </Unicode>
                </TextEquiv>
            </TextLine>
            <TextLine id="r1l29" custom="readingOrder {index:28;}">
                <Coords points="197,2141 224,2140 251,2139 279,2138 306,2137 334,2136 361,2136 388,2135 416,2135 443,2135 471,2135 498,2135 525,2135 553,2136 580,2136 608,2136 635,2136 662,2136 690,2135 717,2135 745,2135 745,2093 717,2093 690,2093 662,2094 635,2094 608,2094 580,2094 553,2094 525,2093 498,2093 471,2093 443,2093 416,2093 388,2093 361,2094 334,2094 306,2095 279,2096 251,2097 224,2098 197,2099"/>
                <Baseline points="197,2127 224,2126 251,2125 279,2124 306,2123 334,2122 361,2122 388,2121 416,2121 443,2121 471,2121 498,2121 525,2121 553,2122 580,2122 608,2122 635,2122 662,2122 690,2121 717,2121 745,2121"/>
                <TextEquiv>
                    <Unicode>y al subir por la escalera </Unicode>
                </TextEquiv>
            </TextLine>
            <TextLine id="r1l30" custom="readingOrder {index:29;}">
                <Coords points="203,2198 230,2198 258,2198 286,2198 314,2198 342,2198 370,2198 398,2198 426,2198 454,2198 482,2198 509,2199 537,2199 565,2199 593,2199 621,2199 649,2199 677,2199 705,2199 733,2199 761,2200 761,2158 733,2157 705,2157 677,2157 649,2157 621,2157 593,2157 565,2157 537,2157 509,2157 482,2156 454,2156 426,2156 398,2156 370,2156 342,2156 314,2156 286,2156 258,2156 230,2156 203,2156"/>
                <Baseline points="203,2184 230,2184 258,2184 286,2184 314,2184 342,2184 370,2184 398,2184 426,2184 454,2184 482,2184 509,2185 537,2185 565,2185 593,2185 621,2185 649,2185 677,2185 705,2185 733,2185 761,2186"/>
                <TextEquiv>
                    <Unicode>me dijo aquestas palabras: </Unicode>
                </TextEquiv>
            </TextLine>
            <TextLine id="r1l31" custom="readingOrder {index:30;}">
                <Coords points="201,2259 226,2260 252,2261 277,2262 303,2263 328,2263 354,2263 379,2263 405,2263 430,2263 456,2262 481,2262 507,2262 532,2261 558,2261 583,2261 609,2261 634,2262 660,2263 686,2264 686,2219 660,2218 634,2217 609,2216 583,2216 558,2216 532,2216 507,2217 481,2217 456,2217 430,2218 405,2218 379,2218 354,2218 328,2218 303,2218 277,2217 252,2216 226,2215 201,2214"/>
                <Baseline points="201,2244 226,2245 252,2246 277,2247 303,2248 328,2248 354,2248 379,2248 405,2248 430,2248 456,2247 481,2247 507,2247 532,2246 558,2246 583,2246 609,2246 634,2247 660,2248 686,2249"/>
                <TextEquiv>
                    <Unicode>Bastiana del alma mia,</Unicode>
                </TextEquiv>
            </TextLine>
            <TextEquiv>
                <Unicode>el alma que te dió el ser,
hijo de aquel mala cara;
¿no quieres callar, Alonso?
sosiégate, vida amada,
déjame que hable, muchacho, 
toma el pezon mama, mama.
Por estas cosillas y otras, 
á horca lo sentenciaban: 
metiéronle en la capilla, 
y al tercer dia lo sacan, 
y los padres capuchinos
le decian con fé santa:
Animo, buen Mondoñedo:
ánimo que poco falta,
dí con muy grande dolor,
que te pesa allá en el alma
de baber á Cristo ofendido,
mira á Cristo con fé santa.
Mas el respondia entonces: 
Harre burra, harre parda; 
y espoleando llegó, 
á la horca que le aguarda,
y en medio de estos fracasos 
iba la triste gitana, 
cual dicen á la vergüenza,
como si yo la gastára)
Pedro Montaño el verdugo,
á mi Mondoñedo agarra, 
y al subir por la escalera 
me dijo aquestas palabras: 
Bastiana del alma mia,</Unicode>
            </TextEquiv>
        </TextRegion>
        <TextRegion orientation="0.0" id="r2" custom="readingOrder {index:1;}">
            <Coords points="921,343 921,2264 1610,2264 1610,343"/>
            <TextLine id="r2l1" custom="readingOrder {index:0;}">
                <Coords points="927,386 952,386 978,386 1004,386 1030,387 1056,387 1082,387 1108,387 1134,388 1160,388 1186,388 1211,388 1237,389 1263,389 1289,389 1315,390 1341,390 1367,391 1393,391 1419,391 1445,392 1445,349 1419,348 1393,348 1367,348 1341,347 1315,347 1289,346 1263,346 1237,346 1211,345 1186,345 1160,345 1134,345 1108,344 1082,344 1056,344 1030,344 1004,343 978,343 952,343 927,343"/>
                <Baseline points="927,372 952,372 978,372 1004,372 1030,373 1056,373 1082,373 1108,373 1134,374 1160,374 1186,374 1211,374 1237,375 1263,375 1289,375 1315,376 1341,376 1367,377 1393,377 1419,377 1445,378"/>
                <TextEquiv>
                    <Unicode>espejo de mis entrañas, </Unicode>
                </TextEquiv>
            </TextLine>
            <TextLine id="r2l2" custom="readingOrder {index:1;}">
                <Coords points="921,447 948,448 975,448 1002,449 1030,449 1057,449 1084,450 1112,450 1139,451 1166,451 1194,451 1221,452 1248,452 1275,452 1303,453 1330,453 1357,453 1385,453 1412,454 1439,454 1467,454 1467,411 1439,411 1412,411 1385,410 1357,410 1330,410 1303,410 1275,409 1248,409 1221,409 1194,408 1166,408 1139,408 1112,407 1084,407 1057,406 1030,406 1002,406 975,405 948,405 921,404"/>
                <Baseline points="921,433 948,434 975,434 1002,435 1030,435 1057,435 1084,436 1112,436 1139,437 1166,437 1194,437 1221,438 1248,438 1275,438 1303,439 1330,439 1357,439 1385,439 1412,440 1439,440 1467,440"/>
                <TextEquiv>
                    <Unicode>ya es esta la vez postrera</Unicode>
                </TextEquiv>
            </TextLine>
            <TextLine id="r2l3" custom="readingOrder {index:2;}">
                <Coords points="922,509 950,510 979,510 1008,511 1036,511 1065,511 1094,512 1122,512 1151,512 1180,512 1209,512 1237,513 1266,513 1295,513 1323,514 1352,514 1381,515 1409,515 1438,516 1467,517 1496,518 1496,475 1467,474 1438,473 1409,472 1381,472 1352,471 1323,471 1295,470 1266,470 1237,470 1209,469 1180,469 1151,469 1122,469 1094,469 1065,468 1036,468 1008,468 979,467 950,467 922,466"/>
                <Baseline points="922,495 950,496 979,496 1008,497 1036,497 1065,497 1094,498 1122,498 1151,498 1180,498 1209,498 1237,499 1266,499 1295,499 1323,500 1352,500 1381,501 1409,501 1438,502 1467,503 1496,504"/>
                <TextEquiv>
                    <Unicode>que te he de ver, mi gitana, </Unicode>
                </TextEquiv>
            </TextLine>
            <TextLine id="r2l4" custom="readingOrder {index:3;}">
                <Coords points="924,572 949,573 974,573 999,573 1024,574 1049,574 1074,574 1100,575 1125,575 1150,575 1175,576 1200,576 1225,576 1250,576 1276,576 1301,576 1326,576 1351,576 1376,576 1401,576 1427,576 1427,533 1401,533 1376,533 1351,533 1326,533 1301,533 1276,533 1250,533 1225,533 1200,533 1175,533 1150,532 1125,532 1100,532 1074,531 1049,531 1024,531 999,530 974,530 949,530 924,529"/>
                <Baseline points="924,558 949,559 974,559 999,559 1024,560 1049,560 1074,560 1100,561 1125,561 1150,561 1175,562 1200,562 1225,562 1250,562 1276,562 1301,562 1326,562 1351,562 1376,562 1401,562 1427,562"/>
                <TextEquiv>
                    <Unicode>lo que te pido y suplico</Unicode>
                </TextEquiv>
            </TextLine>
            <TextLine id="r2l5" custom="readingOrder {index:4;}">
                <Coords points="926,636 957,636 988,637 1019,637 1050,638 1081,638 1112,638 1143,638 1174,639 1205,639 1236,639 1267,639 1298,639 1329,639 1360,640 1391,640 1422,640 1453,640 1484,640 1515,641 1546,641 1546,598 1515,598 1484,597 1453,597 1422,597 1391,597 1360,597 1329,596 1298,596 1267,596 1236,596 1205,596 1174,596 1143,595 1112,595 1081,595 1050,595 1019,594 988,594 957,593 926,593"/>
                <Baseline points="926,622 957,622 988,623 1019,623 1050,624 1081,624 1112,624 1143,624 1174,625 1205,625 1236,625 1267,625 1298,625 1329,625 1360,626 1391,626 1422,626 1453,626 1484,626 1515,627 1546,627"/>
                <TextEquiv>
                    <Unicode>es, que mires por la Pascuala, </Unicode>
                </TextEquiv>
            </TextLine>
            <TextLine id="r2l6" custom="readingOrder {index:5;}">
                <Coords points="929,698 956,699 984,700 1011,700 1039,700 1066,701 1094,701 1121,701 1149,701 1176,701 1204,701 1231,701 1259,701 1286,701 1314,701 1341,701 1369,701 1396,701 1424,701 1451,701 1479,702 1479,659 1451,658 1424,658 1396,658 1369,658 1341,658 1314,658 1286,658 1259,658 1231,658 1204,658 1176,658 1149,658 1121,658 1094,658 1066,658 1039,657 1011,657 984,657 956,656 929,655"/>
                <Baseline points="929,684 956,685 984,686 1011,686 1039,686 1066,687 1094,687 1121,687 1149,687 1176,687 1204,687 1231,687 1259,687 1286,687 1314,687 1341,687 1369,687 1396,687 1424,687 1451,687 1479,688"/>
                <TextEquiv>
                    <Unicode>por la Parteña y Montoya. </Unicode>
                </TextEquiv>
            </TextLine>
            <TextLine id="r2l7" custom="readingOrder {index:6;}">
                <Coords points="931,762 963,762 996,762 1028,762 1061,762 1093,762 1126,762 1158,762 1191,762 1223,762 1256,762 1289,762 1321,763 1354,763 1386,763 1419,763 1451,764 1484,764 1516,764 1549,765 1582,765 1582,722 1549,722 1516,721 1484,721 1451,721 1419,720 1386,720 1354,720 1321,720 1289,719 1256,719 1223,719 1191,719 1158,719 1126,719 1093,719 1061,719 1028,719 996,719 963,719 931,719"/>
                <Baseline points="931,748 963,748 996,748 1028,748 1061,748 1093,748 1126,748 1158,748 1191,748 1223,748 1256,748 1289,748 1321,749 1354,749 1386,749 1419,749 1451,750 1484,750 1516,750 1549,751 1582,751"/>
                <TextEquiv>
                    <Unicode>que son mis tres prendas caras,</Unicode>
                </TextEquiv>
            </TextLine>
            <TextLine id="r2l8" custom="readingOrder {index:7;}">
                <Coords points="926,827 951,827 977,826 1003,825 1029,825 1055,825 1081,825 1106,825 1132,825 1158,825 1184,825 1210,825 1236,825 1262,825 1287,825 1313,826 1339,825 1365,825 1391,825 1417,825 1443,824 1443,781 1417,782 1391,782 1365,782 1339,782 1313,783 1287,782 1262,782 1236,782 1210,782 1184,782 1158,782 1132,782 1106,782 1081,782 1055,782 1029,782 1003,782 977,783 951,784 926,784"/>
                <Baseline points="926,813 951,813 977,812 1003,811 1029,811 1055,811 1081,811 1106,811 1132,811 1158,811 1184,811 1210,811 1236,811 1262,811 1287,811 1313,812 1339,811 1365,811 1391,811 1417,811 1443,810"/>
                <TextEquiv>
                    <Unicode>y que á mis hijos les dés</Unicode>
                </TextEquiv>
            </TextLine>
            <TextLine id="r2l9" custom="readingOrder {index:8;}">
                <Coords points="930,890 957,889 985,889 1013,888 1040,888 1068,888 1096,888 1123,887 1151,887 1179,887 1207,888 1234,888 1262,888 1290,888 1317,888 1345,887 1373,887 1400,887 1428,887 1456,886 1484,886 1484,843 1456,843 1428,844 1400,844 1373,844 1345,844 1317,845 1290,845 1262,845 1234,845 1207,845 1179,844 1151,844 1123,844 1096,845 1068,845 1040,845 1013,845 985,846 957,846 930,847"/>
                <Baseline points="930,876 957,875 985,875 1013,874 1040,874 1068,874 1096,874 1123,873 1151,873 1179,873 1207,874 1234,874 1262,874 1290,874 1317,874 1345,873 1373,873 1400,873 1428,873 1456,872 1484,872"/>
                <TextEquiv>
                    <Unicode>cual mi vida la enseñanza.</Unicode>
                </TextEquiv>
            </TextLine>
            <TextLine id="r2l10" custom="readingOrder {index:9;}">
                <Coords points="940,950 967,950 994,950 1021,950 1048,950 1075,950 1102,950 1129,950 1156,950 1183,950 1210,950 1237,950 1264,950 1291,949 1318,949 1345,949 1372,949 1399,948 1426,947 1453,947 1480,946 1480,903 1453,904 1426,904 1399,905 1372,906 1345,906 1318,906 1291,906 1264,907 1237,907 1210,907 1183,907 1156,907 1129,907 1102,907 1075,907 1048,907 1021,907 994,907 967,907 940,907"/>
                <Baseline points="940,936 967,936 994,936 1021,936 1048,936 1075,936 1102,936 1129,936 1156,936 1183,936 1210,936 1237,936 1264,936 1291,935 1318,935 1345,935 1372,935 1399,934 1426,933 1453,933 1480,932"/>
                <TextEquiv>
                    <Unicode>Y yo le respondí entonces</Unicode>
                </TextEquiv>
            </TextLine>
            <TextLine id="r2l11" custom="readingOrder {index:10;}">
                <Coords points="940,1015 965,1014 990,1013 1015,1013 1040,1013 1066,1012 1091,1012 1116,1012 1141,1012 1167,1012 1192,1012 1217,1012 1242,1012 1267,1012 1293,1012 1318,1012 1343,1012 1368,1012 1394,1012 1394,969 1368,969 1343,969 1318,969 1293,969 1267,969 1242,969 1217,969 1192,969 1167,969 1141,969 1116,969 1091,969 1066,969 1040,970 1015,970 990,970 965,971 940,972"/>
                <Baseline points="940,1001 965,1000 990,999 1015,999 1040,999 1066,998 1091,998 1116,998 1141,998 1167,998 1192,998 1217,998 1242,998 1267,998 1293,998 1318,998 1343,998 1368,998 1394,998"/>
                <TextEquiv>
                    <Unicode>en lágrimas desatada, </Unicode>
                </TextEquiv>
            </TextLine>
            <TextLine id="r2l12" custom="readingOrder {index:11;}">
                <Coords points="937,1075 964,1075 991,1075 1018,1074 1045,1074 1072,1074 1099,1074 1127,1074 1154,1074 1181,1073 1208,1073 1235,1073 1262,1073 1289,1073 1317,1073 1344,1073 1371,1073 1398,1074 1425,1074 1452,1074 1480,1075 1480,1032 1452,1031 1425,1031 1398,1031 1371,1030 1344,1030 1317,1030 1289,1030 1262,1030 1235,1030 1208,1030 1181,1030 1154,1031 1127,1031 1099,1031 1072,1031 1045,1031 1018,1031 991,1032 964,1032 937,1032"/>
                <Baseline points="937,1061 964,1061 991,1061 1018,1060 1045,1060 1072,1060 1099,1060 1127,1060 1154,1060 1181,1059 1208,1059 1235,1059 1262,1059 1289,1059 1317,1059 1344,1059 1371,1059 1398,1060 1425,1060 1452,1060 1480,1061"/>
                <TextEquiv>
                    <Unicode>que si se quiebra la soga,</Unicode>
                </TextEquiv>
            </TextLine>
            <TextLine id="r2l13" custom="readingOrder {index:12;}">
                <Coords points="935,1137 968,1137 1002,1136 1036,1136 1070,1136 1103,1136 1137,1136 1171,1136 1205,1136 1238,1136 1272,1136 1306,1136 1340,1136 1373,1135 1407,1135 1441,1135 1475,1135 1508,1135 1542,1135 1576,1135 1610,1135 1610,1092 1576,1092 1542,1092 1508,1092 1475,1092 1441,1092 1407,1092 1373,1092 1340,1093 1306,1093 1272,1093 1238,1093 1205,1093 1171,1093 1137,1093 1103,1093 1070,1093 1036,1093 1002,1093 968,1094 935,1094"/>
                <Baseline points="935,1123 968,1123 1002,1122 1036,1122 1070,1122 1103,1122 1137,1122 1171,1122 1205,1122 1238,1122 1272,1122 1306,1122 1340,1122 1373,1121 1407,1121 1441,1121 1475,1121 1508,1121 1542,1121 1576,1121 1610,1121"/>
                <TextEquiv>
                    <Unicode>que allá en Ronda lo aguardaba;</Unicode>
                </TextEquiv>
            </TextLine>
            <TextLine id="r2l14" custom="readingOrder {index:13;}">
                <Coords points="933,1203 959,1202 986,1201 1013,1200 1040,1199 1066,1198 1093,1198 1120,1198 1147,1197 1173,1197 1200,1197 1227,1197 1254,1197 1280,1198 1307,1198 1334,1198 1361,1198 1387,1199 1414,1199 1441,1199 1468,1200 1468,1157 1441,1156 1414,1156 1387,1156 1361,1155 1334,1155 1307,1155 1280,1155 1254,1154 1227,1154 1200,1154 1173,1154 1147,1154 1120,1155 1093,1155 1066,1155 1040,1156 1013,1157 986,1158 959,1159 933,1160"/>
                <Baseline points="933,1189 959,1188 986,1187 1013,1186 1040,1185 1066,1184 1093,1184 1120,1184 1147,1183 1173,1183 1200,1183 1227,1183 1254,1183 1280,1184 1307,1184 1334,1184 1361,1184 1387,1185 1414,1185 1441,1185 1468,1186"/>
                <TextEquiv>
                    <Unicode>y arrojándolo el verdugo,</Unicode>
                </TextEquiv>
            </TextLine>
            <TextLine id="r2l15" custom="readingOrder {index:14;}">
                <Coords points="937,1262 963,1262 989,1261 1015,1261 1041,1261 1067,1261 1093,1261 1119,1261 1145,1261 1171,1261 1197,1261 1223,1261 1249,1261 1275,1261 1301,1261 1327,1261 1353,1261 1379,1261 1405,1261 1431,1261 1458,1261 1458,1218 1431,1218 1405,1218 1379,1218 1353,1218 1327,1218 1301,1218 1275,1218 1249,1218 1223,1218 1197,1218 1171,1218 1145,1218 1119,1218 1093,1218 1067,1218 1041,1218 1015,1218 989,1218 963,1219 937,1219"/>
                <Baseline points="937,1248 963,1248 989,1247 1015,1247 1041,1247 1067,1247 1093,1247 1119,1247 1145,1247 1171,1247 1197,1247 1223,1247 1249,1247 1275,1247 1301,1247 1327,1247 1353,1247 1379,1247 1405,1247 1431,1247 1458,1247"/>
                <TextEquiv>
                    <Unicode>quedó su garganta atada,</Unicode>
                </TextEquiv>
            </TextLine>
            <TextLine id="r2l16" custom="readingOrder {index:15;}">
                <Coords points="927,1331 952,1328 977,1327 1003,1325 1028,1324 1053,1323 1079,1322 1104,1322 1129,1321 1155,1321 1180,1321 1205,1322 1231,1322 1256,1322 1281,1323 1307,1323 1332,1323 1358,1324 1358,1282 1332,1281 1307,1281 1281,1281 1256,1280 1231,1280 1205,1280 1180,1279 1155,1279 1129,1279 1104,1280 1079,1280 1053,1281 1028,1282 1003,1283 977,1285 952,1286 927,1289"/>
                <Baseline points="927,1317 952,1314 977,1313 1003,1311 1028,1310 1053,1309 1079,1308 1104,1308 1129,1307 1155,1307 1180,1307 1205,1308 1231,1308 1256,1308 1281,1309 1307,1309 1332,1309 1358,1310"/>
                <TextEquiv>
                    <Unicode>y le tiré de los pies,</Unicode>
                </TextEquiv>
            </TextLine>
            <TextLine id="r2l17" custom="readingOrder {index:16;}">
                <Coords points="936,1388 963,1388 991,1387 1019,1387 1047,1386 1075,1386 1102,1385 1130,1385 1158,1385 1186,1385 1214,1384 1241,1384 1269,1384 1297,1384 1325,1384 1353,1384 1380,1384 1408,1385 1436,1385 1464,1386 1492,1386 1492,1344 1464,1344 1436,1343 1408,1343 1380,1342 1353,1342 1325,1342 1297,1342 1269,1342 1241,1342 1214,1342 1186,1343 1158,1343 1130,1343 1102,1343 1075,1344 1047,1344 1019,1345 991,1345 963,1346 936,1346"/>
                <Baseline points="936,1374 963,1374 991,1373 1019,1373 1047,1372 1075,1372 1102,1371 1130,1371 1158,1371 1186,1371 1214,1370 1241,1370 1269,1370 1297,1370 1325,1370 1353,1370 1380,1370 1408,1371 1436,1371 1464,1372 1492,1372"/>
                <TextEquiv>
                    <Unicode>por que mucbo no penára.</Unicode>
                </TextEquiv>
            </TextLine>
            <TextLine id="r2l18" custom="readingOrder {index:17;}">
                <Coords points="935,1448 960,1448 986,1448 1012,1448 1038,1448 1064,1447 1090,1447 1116,1447 1142,1447 1168,1447 1193,1447 1219,1447 1245,1447 1271,1447 1297,1447 1323,1447 1349,1447 1375,1448 1401,1448 1427,1449 1427,1406 1401,1405 1375,1405 1349,1404 1323,1404 1297,1404 1271,1404 1245,1404 1219,1404 1193,1404 1168,1404 1142,1404 1116,1404 1090,1404 1064,1404 1038,1405 1012,1405 986,1405 960,1405 935,1405"/>
                <Baseline points="935,1434 960,1434 986,1434 1012,1434 1038,1434 1064,1433 1090,1433 1116,1433 1142,1433 1168,1433 1193,1433 1219,1433 1245,1433 1271,1433 1297,1433 1323,1433 1349,1433 1375,1434 1401,1434 1427,1435"/>
                <TextEquiv>
                    <Unicode>Así que acabó su vida,</Unicode>
                </TextEquiv>
            </TextLine>
            <TextLine id="r2l19" custom="readingOrder {index:18;}">
                <Coords points="930,1512 955,1511 981,1511 1006,1511 1032,1511 1058,1511 1083,1510 1109,1510 1134,1510 1160,1510 1186,1510 1211,1510 1237,1509 1262,1509 1288,1510 1314,1510 1339,1510 1365,1510 1390,1511 1416,1511 1442,1512 1442,1469 1416,1468 1390,1468 1365,1467 1339,1467 1314,1467 1288,1467 1262,1466 1237,1466 1211,1467 1186,1467 1160,1467 1134,1467 1109,1467 1083,1467 1058,1468 1032,1468 1006,1468 981,1468 955,1468 930,1469"/>
                <Baseline points="930,1498 955,1497 981,1497 1006,1497 1032,1497 1058,1497 1083,1496 1109,1496 1134,1496 1160,1496 1186,1496 1211,1496 1237,1495 1262,1495 1288,1496 1314,1496 1339,1496 1365,1496 1390,1497 1416,1497 1442,1498"/>
                <TextEquiv>
                    <Unicode>me volví á verle la cara, </Unicode>
                </TextEquiv>
            </TextLine>
            <TextLine id="r2l20" custom="readingOrder {index:19;}">
                <Coords points="923,1581 948,1579 974,1578 1000,1576 1026,1575 1051,1574 1077,1574 1103,1573 1129,1573 1154,1572 1180,1572 1206,1572 1232,1572 1257,1572 1283,1572 1309,1572 1335,1571 1361,1571 1361,1531 1335,1531 1309,1532 1283,1532 1257,1532 1232,1532 1206,1532 1180,1532 1154,1532 1129,1533 1103,1533 1077,1534 1051,1534 1026,1535 1000,1536 974,1538 948,1539 923,1541"/>
                <Baseline points="923,1568 948,1566 974,1565 1000,1563 1026,1562 1051,1561 1077,1561 1103,1560 1129,1560 1154,1559 1180,1559 1206,1559 1232,1559 1257,1559 1283,1559 1309,1559 1335,1558 1361,1558"/>
                <TextEquiv>
                    <Unicode>y parecia, señores, </Unicode>
                </TextEquiv>
            </TextLine>
            <TextLine id="r2l21" custom="readingOrder {index:20;}">
                <Coords points="929,1635 954,1636 980,1636 1005,1637 1031,1637 1056,1637 1082,1636 1107,1636 1133,1635 1159,1635 1184,1635 1210,1634 1235,1634 1261,1634 1286,1634 1312,1634 1337,1635 1363,1636 1389,1637 1389,1597 1363,1596 1337,1595 1312,1594 1286,1594 1261,1594 1235,1594 1210,1594 1184,1595 1159,1595 1133,1595 1107,1596 1082,1596 1056,1597 1031,1597 1005,1597 980,1596 954,1596 929,1595"/>
                <Baseline points="929,1622 954,1623 980,1623 1005,1624 1031,1624 1056,1624 1082,1623 1107,1623 1133,1622 1159,1622 1184,1622 1210,1621 1235,1621 1261,1621 1286,1621 1312,1621 1337,1622 1363,1623 1389,1624"/>
                <TextEquiv>
                    <Unicode>por vida de la gitana, </Unicode>
                </TextEquiv>
            </TextLine>
            <TextLine id="r2l22" custom="readingOrder {index:21;}">
                <Coords points="930,1698 956,1698 982,1698 1008,1698 1035,1698 1061,1698 1087,1698 1114,1698 1140,1697 1166,1697 1192,1697 1219,1697 1245,1697 1271,1697 1298,1697 1324,1698 1350,1698 1377,1698 1377,1655 1350,1655 1324,1655 1298,1654 1271,1654 1245,1654 1219,1654 1192,1654 1166,1654 1140,1654 1114,1655 1087,1655 1061,1655 1035,1655 1008,1655 982,1655 956,1655 930,1655"/>
                <Baseline points="930,1684 956,1684 982,1684 1008,1684 1035,1684 1061,1684 1087,1684 1114,1684 1140,1683 1166,1683 1192,1683 1219,1683 1245,1683 1271,1683 1298,1683 1324,1684 1350,1684 1377,1684"/>
                <TextEquiv>
                    <Unicode>fino retrato de aquel</Unicode>
                </TextEquiv>
            </TextLine>
            <TextLine id="r2l23" custom="readingOrder {index:22;}">
                <Coords points="928,1761 953,1761 979,1761 1005,1760 1030,1760 1056,1760 1082,1760 1108,1760 1133,1760 1159,1759 1185,1759 1210,1760 1236,1760 1262,1760 1288,1760 1313,1760 1339,1760 1365,1760 1391,1760 1391,1717 1365,1717 1339,1717 1313,1717 1288,1717 1262,1717 1236,1717 1210,1717 1185,1716 1159,1716 1133,1717 1108,1717 1082,1717 1056,1717 1030,1717 1005,1717 979,1718 953,1718 928,1718"/>
                <Baseline points="928,1747 953,1747 979,1747 1005,1746 1030,1746 1056,1746 1082,1746 1108,1746 1133,1746 1159,1745 1185,1745 1210,1746 1236,1746 1262,1746 1288,1746 1313,1746 1339,1746 1365,1746 1391,1746"/>
                <TextEquiv>
                    <Unicode>insigne carantamaula, </Unicode>
                </TextEquiv>
            </TextLine>
            <TextLine id="r2l24" custom="readingOrder {index:23;}">
                <Coords points="930,1824 958,1823 986,1823 1015,1823 1043,1823 1071,1823 1100,1823 1128,1822 1156,1822 1185,1822 1213,1822 1242,1822 1270,1821 1298,1821 1327,1821 1355,1821 1383,1820 1412,1820 1440,1820 1469,1819 1469,1776 1440,1777 1412,1777 1383,1777 1355,1778 1327,1778 1298,1778 1270,1778 1242,1779 1213,1779 1185,1779 1156,1779 1128,1779 1100,1780 1071,1780 1043,1780 1015,1780 986,1780 958,1780 930,1781"/>
                <Baseline points="930,1810 958,1809 986,1809 1015,1809 1043,1809 1071,1809 1100,1809 1128,1808 1156,1808 1185,1808 1213,1808 1242,1808 1270,1807 1298,1807 1327,1807 1355,1807 1383,1806 1412,1806 1440,1806 1469,1805"/>
                <TextEquiv>
                    <Unicode>que en el árbol del saúco</Unicode>
                </TextEquiv>
            </TextLine>
            <TextLine id="r2l25" custom="readingOrder {index:24;}">
                <Coords points="931,1887 959,1886 988,1886 1016,1885 1045,1884 1074,1884 1102,1884 1131,1883 1160,1883 1188,1883 1217,1883 1246,1883 1274,1884 1303,1884 1332,1884 1360,1884 1389,1883 1418,1883 1446,1883 1475,1883 1504,1882 1504,1839 1475,1840 1446,1840 1418,1840 1389,1840 1360,1841 1332,1841 1303,1841 1274,1841 1246,1840 1217,1840 1188,1840 1160,1840 1131,1840 1102,1841 1074,1841 1045,1841 1016,1842 988,1843 959,1843 931,1844"/>
                <Baseline points="931,1873 959,1872 988,1872 1016,1871 1045,1870 1074,1870 1102,1870 1131,1869 1160,1869 1188,1869 1217,1869 1246,1869 1274,1870 1303,1870 1332,1870 1360,1870 1389,1869 1418,1869 1446,1869 1475,1869 1504,1868"/>
                <TextEquiv>
                    <Unicode>al diablo le dió las pascuas.</Unicode>
                </TextEquiv>
            </TextLine>
            <TextLine id="r2l26" custom="readingOrder {index:25;}">
                <Coords points="932,1950 957,1950 983,1949 1008,1949 1034,1948 1060,1948 1085,1947 1111,1946 1137,1946 1162,1946 1188,1945 1214,1945 1239,1945 1265,1945 1291,1945 1316,1946 1342,1946 1368,1947 1368,1904 1342,1903 1316,1903 1291,1902 1265,1902 1239,1902 1214,1902 1188,1902 1162,1903 1137,1903 1111,1903 1085,1904 1060,1905 1034,1905 1008,1906 983,1906 957,1907 932,1907"/>
                <Baseline points="932,1936 957,1936 983,1935 1008,1935 1034,1934 1060,1934 1085,1933 1111,1932 1137,1932 1162,1932 1188,1931 1214,1931 1239,1931 1265,1931 1291,1931 1316,1932 1342,1932 1368,1933"/>
                <TextEquiv>
                    <Unicode>El pelo todo erizado,</Unicode>
                </TextEquiv>
            </TextLine>
            <TextLine id="r2l27" custom="readingOrder {index:26;}">
                <Coords points="931,2010 958,2010 985,2010 1012,2009 1040,2009 1067,2009 1094,2009 1121,2008 1149,2008 1176,2008 1203,2008 1230,2007 1258,2007 1285,2007 1312,2007 1339,2008 1367,2008 1394,2008 1421,2009 1448,2010 1476,2010 1476,1967 1448,1967 1421,1966 1394,1965 1367,1965 1339,1965 1312,1964 1285,1964 1258,1964 1230,1964 1203,1965 1176,1965 1149,1965 1121,1965 1094,1966 1067,1966 1040,1966 1012,1966 985,1967 958,1967 931,1967"/>
                <Baseline points="931,1996 958,1996 985,1996 1012,1995 1040,1995 1067,1995 1094,1995 1121,1994 1149,1994 1176,1994 1203,1994 1230,1993 1258,1993 1285,1993 1312,1993 1339,1994 1367,1994 1394,1994 1421,1995 1448,1996 1476,1996"/>
                <TextEquiv>
                    <Unicode>toda la frente arrugada, </Unicode>
                </TextEquiv>
            </TextLine>
            <TextLine id="r2l28" custom="readingOrder {index:27;}">
                <Coords points="936,2073 961,2073 986,2073 1011,2072 1037,2072 1062,2072 1087,2071 1112,2071 1138,2071 1163,2071 1188,2070 1213,2070 1239,2070 1264,2070 1289,2070 1314,2071 1340,2071 1365,2071 1390,2072 1416,2072 1416,2029 1390,2029 1365,2028 1340,2028 1314,2028 1289,2027 1264,2027 1239,2027 1213,2027 1188,2027 1163,2028 1138,2028 1112,2028 1087,2028 1062,2029 1037,2029 1011,2029 986,2030 961,2030 936,2030"/>
                <Baseline points="936,2059 961,2059 986,2059 1011,2058 1037,2058 1062,2058 1087,2057 1112,2057 1138,2057 1163,2057 1188,2056 1213,2056 1239,2056 1264,2056 1289,2056 1314,2057 1340,2057 1365,2057 1390,2058 1416,2058"/>
                <TextEquiv>
                    <Unicode>la boca tenia abierta,</Unicode>
                </TextEquiv>
            </TextLine>
            <TextLine id="r2l29" custom="readingOrder {index:28;}">
                <Coords points="929,2132 954,2133 980,2134 1006,2134 1032,2134 1058,2135 1084,2135 1110,2134 1136,2134 1162,2134 1188,2134 1214,2133 1240,2133 1266,2133 1292,2132 1318,2132 1344,2132 1370,2132 1396,2133 1422,2133 1422,2090 1396,2090 1370,2089 1344,2089 1318,2089 1292,2089 1266,2090 1240,2090 1214,2090 1188,2091 1162,2091 1136,2091 1110,2091 1084,2092 1058,2092 1032,2091 1006,2091 980,2091 954,2090 929,2089"/>
                <Baseline points="929,2118 954,2119 980,2120 1006,2120 1032,2120 1058,2121 1084,2121 1110,2120 1136,2120 1162,2120 1188,2120 1214,2119 1240,2119 1266,2119 1292,2118 1318,2118 1344,2118 1370,2118 1396,2119 1422,2119"/>
                <TextEquiv>
                    <Unicode>y tanta lengua sacada:</Unicode>
                </TextEquiv>
            </TextLine>
            <TextLine id="r2l30" custom="readingOrder {index:29;}">
                <Coords points="939,2198 968,2198 997,2198 1026,2198 1055,2198 1084,2198 1113,2197 1143,2197 1172,2196 1201,2196 1230,2196 1259,2195 1288,2195 1317,2195 1347,2195 1376,2195 1405,2195 1434,2195 1463,2196 1492,2197 1522,2198 1522,2155 1492,2154 1463,2153 1434,2152 1405,2152 1376,2152 1347,2152 1317,2152 1288,2152 1259,2152 1230,2153 1201,2153 1172,2153 1143,2154 1113,2154 1084,2155 1055,2155 1026,2155 997,2155 968,2155 939,2155"/>
                <Baseline points="939,2184 968,2184 997,2184 1026,2184 1055,2184 1084,2184 1113,2183 1143,2183 1172,2182 1201,2182 1230,2182 1259,2181 1288,2181 1317,2181 1347,2181 1376,2181 1405,2181 1434,2181 1463,2182 1492,2183 1522,2184"/>
                <TextEquiv>
                    <Unicode>bien le diera dos mil besos;</Unicode>
                </TextEquiv>
            </TextLine>
            <TextLine id="r2l31" custom="readingOrder {index:30;}">
                <Coords points="928,2264 955,2263 983,2263 1011,2262 1039,2262 1067,2261 1095,2261 1123,2261 1151,2261 1179,2260 1207,2260 1234,2260 1262,2260 1290,2260 1318,2260 1346,2260 1374,2259 1402,2259 1430,2259 1458,2259 1486,2258 1486,2215 1458,2216 1430,2216 1402,2216 1374,2216 1346,2217 1318,2217 1290,2217 1262,2217 1234,2217 1207,2217 1179,2217 1151,2218 1123,2218 1095,2218 1067,2218 1039,2219 1011,2219 983,2220 955,2220 928,2221"/>
                <Baseline points="928,2250 955,2249 983,2249 1011,2248 1039,2248 1067,2247 1095,2247 1123,2247 1151,2247 1179,2246 1207,2246 1234,2246 1262,2246 1290,2246 1318,2246 1346,2246 1374,2245 1402,2245 1430,2245 1458,2245 1486,2244"/>
                <TextEquiv>
                    <Unicode>aunque de mocos y babas </Unicode>
                </TextEquiv>
            </TextLine>
            <TextEquiv>
                <Unicode>espejo de mis entrañas, 
ya es esta la vez postrera
que te he de ver, mi gitana, 
lo que te pido y suplico
es, que mires por la Pascuala, 
por la Parteña y Montoya. 
que son mis tres prendas caras,
y que á mis hijos les dés
cual mi vida la enseñanza.
Y yo le respondí entonces
en lágrimas desatada, 
que si se quiebra la soga,
que allá en Ronda lo aguardaba;
y arrojándolo el verdugo,
quedó su garganta atada,
y le tiré de los pies,
por que mucbo no penára.
Así que acabó su vida,
me volví á verle la cara, 
y parecia, señores, 
por vida de la gitana, 
fino retrato de aquel
insigne carantamaula, 
que en el árbol del saúco
al diablo le dió las pascuas.
El pelo todo erizado,
toda la frente arrugada, 
la boca tenia abierta,
y tanta lengua sacada:
bien le diera dos mil besos;
aunque de mocos y babas </Unicode>
            </TextEquiv>
        </TextRegion>
    </Page>
</PcGts>
