1737 2508
81 199 519 236 Intimados los deeretos
85 245 511 281 en esta Celestial Górte,
89 285 537 325 no todos los admitieron
95 332 529 370 exánimes, y conformes,
87 374 573 414 unos rinden la obediencia,
92 417 580 458 y otros rebeldes se oponen
93 462 503 502 á los decretos de Dios;
88 506 620 546 comenzó la guerra entonces.
91 550 497 590 Lucifer tomó la mano
91 594 607 635 muy lleno de presunciones,
97 639 647 678 de arrogancia, y de soberbia,
91 682 588 725 juntando sus escuadrones,
98 727 503 767 y animándolos les dijo
97 772 541 810 con semejantes razones.
97 815 606 855 No es justo, Soldados mios,
97 858 741 899 que quiera Dios, que los hombres,
99 905 511 942 siendo por naturaleza
101 950 506 987 à nosotros inferiores,
105 992 553 1030 tengan en el cielo sillas
104 1037 567 1075 á las nuestras superiores:
97 1081 654 1119 Bien conoceis mi hermosura,
102 1125 604 1163 mi ciencia, valor, y dones,
104 1169 542 1206 mi grandeza, mi poder,
101 1213 618 1252 y mis grandes perfecciones,
101 1257 527 1295 y las ventajas que hago
95 1301 580 1340 á los Angeles, y hombres.
101 1344 613 1385 Luego á mi toca, y se debe,
100 1390 661 1430 que á la diestra de Dios tome
106 1435 617 1474 el lugar supremo en honra,
109 1477 689 1518 que Dios quiere dar al hombre.
117 1520 683 1563 Quién como yó, que en el cielo
100 1566 589 1606 soy el Principe mas noble
106 1610 563 1650 semejante á Dios, y lleno
112 1654 581 1696 de todas sus perfecciones?
102 1700 539 1740 Rey, y cabeza he de ser
113 1745 611 1782 de los Angeles, y hombres,
110 1789 623 1827 que soy Luzbél, el mas rico,
116 1834 597 1872 el mas poderoso, y noble.
106 1878 609 1915 Pero lo que mas me irrita,
112 1923 547 1960 y llena de confusiones,
115 1964 611 2003 es que á una mujer y pura
116 2007 649 2048 quiere Dios, que yo la adore,
117 2054 665 2091 por Reina, y Señora nuestra,
107 2096 567 2138 y esté sujeto á su órden:
116 2143 559 2180 no permita mi grandeza
108 2188 548 2222 semejantes sinrazones.
123 2229 651 2269 Al arma al arma Soldados,
119 2276 721 2312 contra Dios ponerse en òrden,
1366 117 1406 158 3
810 179 1387 222 y á los que á mi me siguieren
811 231 1231 266 los llenaré de favores,
819 275 1214 309 y de mi Reino serán
823 315 1319 355 nobles, y grandes Señores.
818 359 1296 398 Muchos Angeles siguieron
812 406 1267 442 los dictámenes, y órden
813 450 1220 486 de su Capitan Luzbél,
820 492 1352 530 y á Dios al punto se oponen:
811 539 1282 575 Pero los Angeles buenos,
812 582 1285 619 que vieron las sinrazones
824 630 1252 663 de Lucifer, y los suyos,
817 672 1303 707 levantando sus pendones,
824 712 1315 752 echaron mano á las armas
815 757 1369 796 con la obediencia, y el òrden,
828 803 1284 840 que tiene Dios decretado
832 847 1249 885 por justisimas razones.
826 893 1275 929 El Arcángel San Miguel,
832 934 1319 974 que tuvo licencia, y òrden
824 978 1271 1017 del Rey Supremo, salió
831 1022 1306 1061 rigiendo sus escuadrones
831 1072 1193 1106 de Capitan General,
835 1113 1321 1150 y con su escudo y estoque
832 1156 1249 1195 á la vista del contrario
833 1200 1331 1238 empezó á descargar golpes
838 1245 1345 1282 diciendo: quién como Dios?
846 1288 1289 1326 Quién atrevido se opone
827 1335 1318 1370 á los decretos mas justos,
840 1378 1296 1416 que el Altísimo dispone?
833 1424 1192 1460 Ignoras tú, Lucifer,
836 1464 1364 1504 que el Señor de los Señores
834 1510 1381 1547 nuestro Dios es sábio y justo,
829 1555 1287 1592 Infinito en perfecciones,
839 1600 1241 1635 Criador Omnipotente,
837 1644 1246 1680 y que todo lo conoce?
840 1686 1319 1725 Ignoras, que te dió el ser,
843 1729 1375 1769 la hermosura y perfecciones,
842 1777 1242 1813 criándote de la nada,
838 1819 1300 1856 y á todos tus seguidores?
843 1863 1305 1900 Pues si nada tienes tuyo,
847 1907 1306 1944 y de Dios son los favores,
841 1951 1328 1988 sin que tu los merecieras,
842 1994 1320 2032 como soberbio te opones
842 2038 1233 2077 á la voluntad Divina
838 2083 1325 2122 con tan falsas opiniones?
841 2127 1331 2165 Si Dios es dueño absoluto
849 2171 1338 2209 de los Angeles y hombres,
851 2216 1314 2257 y de todas las criaturas,
855 2260 1267 2304 y que todo lo dispone
