1737 2508
69 206 651 248 Ros. Y tú cómo lo defiendes,
118 254 739 295 pues que las aves no entiendes?
123 302 653 344 que aquellas quejas suaves
116 352 596 393 no son voz como la mia.
119 401 627 439 Y si tú entiendes la suya,
115 449 600 489 tú eres ave, y yo podria
123 498 608 537 no ser de la forma tuya.
76 546 639 586 Teod. Ea, ya no mas porfia.
71 596 730 634 Ros. Madre, no te has de enojar
127 645 519 682 de qué desée saber.
74 693 688 732 Teod. Las fieras han de callar,
119 741 717 781 las fieras no han de entender,
124 790 594 829 no arguir, ni preguntar.
80 840 673 879 Ros. Si soy fiera, á toda fiera
130 889 658 925 veo con su Esposo al lado,
123 936 638 976 las Ciervas de esta ribera
127 985 725 1023 de su Esposo han engendrado,
125 1034 663 1073 no madre, de otra manera,
128 1082 618 1121 si es que yo soy animal,
130 1131 659 1171 con qué animal te juntaste
139 1180 576 1220 para que naciese igual
138 1229 617 1267 al ser que de tí imitaste,
131 1276 734 1316 que es ser con alma inmortal?
135 1325 622 1362 Enséñame el Padre mio.
98 1373 761 1412 Teod. Yo soy tu Madre y tu Padre.
87 1422 691 1461 Ros. Eso, Madre, es desvario.
93 1470 726 1510 Teod. El nacer de perlas madre
137 1521 641 1557 hija, engendra del rocio;
147 1569 602 1605 ábrese la concha bella,
147 1619 651 1655 en el mar por la mañana,
147 1666 730 1703 y entra el Sol y el alba en ella,
149 1714 595 1752 la generacion humana
150 1763 740 1801 forma el Sol, y de la Estrella
143 1810 671 1849 con que nace una persona
155 1859 647 1898 tiene aquella inclinacion.
102 1895 770 1943 R. Que el Sol engendra, no abona,
153 1959 619 1996 Madre, tu fuerte razon,
153 2008 602 2045 el argumento perdona,
150 2057 678 2093 porque si solo engendrára,
147 2105 657 2142 otro Sol como él hiciera,
153 2153 732 2191 y que hay otro es cosa clara,
155 2202 761 2240 que le ayuda, y de quien fuera
155 2250 609 2289 la materia que tomára.
1321 125 1357 177 3
830 196 1419 239 Que ayude el Sol, no lo niego,
818 244 1368 285 mas para engendrar un yo,
827 292 1427 332 otro yo es fuerza, que el fuego
828 339 1276 382 dará calor al que obró
822 388 1373 429 el ser que me forma luego.
777 437 1380 478 Teod. Por eso mismo te digo,
830 485 1399 527 que el Sol que una vez llegó
832 535 1359 576 á estar, Rosaura conmigo,
828 583 1353 624 en mi misma te engendró.
784 632 1365 673 Ros. Al Sol alabo y bendigo:
828 682 1385 722 Pues, madre, tener querria,
833 733 1259 770 por si vos os acabais,
838 779 1313 819 otro yo en mi compañia:
838 826 1375 868 decidme como os juntásteis
836 875 1353 916 con ese Sol, y en qué dia?
832 926 1339 964 que quiero formar un yo,
843 976 1266 1012 que viva sujeto á mí,
842 1023 1140 1062 como yo á vos.
793 1071 1170 1111 Teod. Quién te dió
846 1120 1179 1159 ese pensamiento?
787 1171 1047 1210 Ros. Hoy ví,
838 1219 1340 1255 si el aire no me engañó,
844 1267 1277 1305 una cosa, madre mia,
850 1314 1253 1354 que casi me parecia,
848 1362 1344 1403 y este el Sol debe de ser,
847 1410 1347 1452 con quien vos soleis tener
845 1459 1276 1499 alguna vez compañia.
803 1506 1299 1548 Teod. Hombre has visto?
804 1559 1128 1598 Ros. Luego son,
847 1604 1360 1645 hombres aquellos que ví?
858 1652 1353 1693 pienso, que teneis razon.
804 1700 1417 1744 Teod. Ay, Rosaura, que por tí
859 1751 1272 1791 espero mi perdicion!
810 1797 1383 1841 Ros. Por unas zarzas metido
864 1846 1379 1887 ví que aquel se desnudaba
855 1887 1362 1931 de sus ropas, que vestido
863 1946 1357 1986 todo su cuerpo adornaba,
861 1995 1406 2034 y á un ramo de olmo asido,
858 2045 1319 2083 en una fuente se echó,
865 2093 1242 2132 y se labó y enjugó:
865 2141 1308 2180 y volviéndose á vestir,
860 2191 1359 2230 no me harté de bendecir
855 2240 1311 2281 la madre que lo parió.
