<?xml version="1.0" encoding="UTF-8" standalone="yes"?>
<PcGts xmlns="http://schema.primaresearch.org/PAGE/gts/pagecontent/2013-07-15" xmlns:xsi="http://www.w3.org/2001/XMLSchema-instance" xsi:schemaLocation="http://schema.primaresearch.org/PAGE/gts/pagecontent/2013-07-15 http://schema.primaresearch.org/PAGE/gts/pagecontent/2013-07-15/pagecontent.xsd">
    <Metadata>
        <Creator>prov=University of Rostock/Institute of Mathematics/CITlab|PLANET AI GmbH/Gundram Leifert/gundram.leifert@planet-ai.de:name=Pliegos de Cordel (XIXe) - v4(htr_id=27283)::::v=2.6.7
prov=University of Rostock/Institute of Mathematics/CITlab|PLANET AI GmbH/Tobias Gruening/tobias.gruening@planet-ai.de:name=de.uros.citlab.module.baseline2polygon.B2PSeamMultiOriented:v=2.6.7
prov=University of Rostock/Institute of Mathematics/CITlab|PLANET AI GmbH/Tobias Gruening/tobias.gruening@planet-ai.de:name=/net_tf/LA73_249_0mod360.pb:de.uros.citlab.segmentation.CITlab_LA_ML:v=2.6.7
Transkribus</Creator>
        <Created>2020-12-04T15:53:55.726+01:00</Created>
        <LastChange>2020-12-08T15:54:04.379+01:00</LastChange>
        <Comments>
                Measurement unit: pixel
                PrimaryLanguage: 
                Producer: Transkribus
            </Comments>
        <TranskribusMetadata docId="525402" pageId="22319907" pageNr="65" tsid="50191507" status="DONE" userId="66244" imgUrl="https://files.transkribus.eu/Get?id=YMZXXTRZJEOXMIUYDJCMZXSN&amp;fileType=view" xmlUrl="https://files.transkribus.eu/Get?id=KMZZYIRUCYMKHQQJDGDVGGRH" imageId="17389426"/>
    </Metadata>
    <Page imageFilename="Moreno_372_1.jpg" imageWidth="1624" imageHeight="2452">
        <PrintSpace>
            <Coords points="126,155 1505,155 1505,2287 126,2287"/>
        </PrintSpace>
        <ReadingOrder>
            <OrderedGroup id="ro_1607440149741" caption="Regions reading order">
                <RegionRefIndexed index="0" regionRef="r_1_1"/>
                <RegionRefIndexed index="2" regionRef="r_3_1"/>
                <RegionRefIndexed index="3" regionRef="r_4_1"/>
                <RegionRefIndexed index="4" regionRef="r_5_1"/>
                <RegionRefIndexed index="5" regionRef="r_6_1"/>
            </OrderedGroup>
        </ReadingOrder>
        <TextRegion orientation="0.0" type="paragraph" id="r_1_1" custom="readingOrder {index:0;}">
            <Coords points="1138,155 1346,155 1346,193 1138,193"/>
            <TextLine id="r_1_1l1" custom="readingOrder {index:0;}">
                <Coords points="1138,242 1163,241 1188,240 1214,240 1239,240 1264,240 1290,240 1315,240 1341,239 1341,89 1315,90 1290,90 1264,90 1239,90 1214,90 1188,90 1163,91 1138,92"/>
                <Baseline points="1138,192 1163,191 1188,190 1214,190 1239,190 1264,190 1290,190 1315,190 1341,189"/>
                <TextEquiv>
                    <Unicode>Núm. 187.</Unicode>
                </TextEquiv>
            </TextLine>
            <TextEquiv>
                <Unicode>Núm. 187.</Unicode>
            </TextEquiv>
        </TextRegion>
        <GraphicRegion id="r_2" custom="readingOrder {index:1;}">
            <Coords points="384,240 806,235 806,962 384,967"/>
        </GraphicRegion>
        <TextRegion orientation="0.0" type="paragraph" id="r_3_1" custom="readingOrder {index:2;}">
            <Coords points="463,999 1160,999 1160,1061 463,1061"/>
            <TextLine id="r_3_1l1" custom="readingOrder {index:0;}">
                <Coords points="468,1108 502,1107 536,1106 570,1105 604,1105 639,1104 673,1104 707,1104 741,1104 775,1104 810,1105 844,1105 878,1105 912,1105 946,1105 981,1104 1015,1104 1049,1103 1083,1102 1117,1101 1152,1099 1152,949 1117,951 1083,952 1049,953 1015,954 981,954 946,955 912,955 878,955 844,955 810,955 775,954 741,954 707,954 673,954 639,954 604,955 570,955 536,956 502,957 468,958"/>
                <Baseline points="468,1058 502,1057 536,1056 570,1055 604,1055 639,1054 673,1054 707,1054 741,1054 775,1054 810,1055 844,1055 878,1055 912,1055 946,1055 981,1054 1015,1054 1049,1053 1083,1052 1117,1051 1152,1049"/>
                <TextEquiv>
                    <Unicode>PASILLO NUEVO</Unicode>
                </TextEquiv>
            </TextLine>
            <TextEquiv>
                <Unicode>PASILLO NUEVO</Unicode>
            </TextEquiv>
        </TextRegion>
        <TextRegion orientation="0.0" type="paragraph" id="r_4_1" custom="readingOrder {index:3;}">
            <Coords points="126,1111 1497,1111 1497,1404 126,1404"/>
            <TextLine id="r_4_1l1" custom="readingOrder {index:0;}">
                <Coords points="740,1170 765,1170 791,1170 817,1170 842,1171 868,1171 894,1170 894,1082 868,1083 842,1083 817,1082 791,1082 765,1082 740,1082"/>
                <Baseline points="740,1141 765,1141 791,1141 817,1141 842,1142 868,1142 894,1141"/>
                <TextEquiv>
                    <Unicode>TITULADO:</Unicode>
                </TextEquiv>
            </TextLine>
            <TextLine id="r_4_1l2" custom="readingOrder {index:1;}">
                <Coords points="133,1319 200,1319 268,1319 336,1319 404,1319 472,1318 540,1317 608,1316 676,1315 744,1314 812,1313 879,1312 947,1311 1015,1311 1083,1310 1151,1310 1219,1311 1287,1312 1355,1313 1423,1315 1491,1318 1491,1242 1423,1239 1355,1237 1287,1236 1219,1235 1151,1234 1083,1234 1015,1235 947,1235 879,1236 812,1237 744,1238 676,1239 608,1240 540,1241 472,1242 404,1243 336,1243 268,1243 200,1243 133,1243"/>
                <Baseline points="133,1294 200,1294 268,1294 336,1294 404,1294 472,1293 540,1292 608,1291 676,1290 744,1289 812,1288 879,1287 947,1286 1015,1286 1083,1285 1151,1285 1219,1286 1287,1287 1355,1288 1423,1290 1491,1293"/>
                <TextEquiv>
                    <Unicode>EL ANIMAL DE UNGRIA.</Unicode>
                </TextEquiv>
            </TextLine>
            <TextLine id="r_4_1l3" custom="readingOrder {index:2;}">
                <Coords points="262,1423 316,1423 371,1423 426,1423 481,1423 536,1422 590,1422 645,1422 700,1422 755,1421 810,1421 864,1421 919,1421 974,1421 1029,1421 1084,1420 1138,1420 1193,1420 1248,1420 1303,1420 1358,1420 1358,1344 1303,1344 1248,1344 1193,1344 1138,1344 1084,1344 1029,1345 974,1345 919,1345 864,1345 810,1345 755,1345 700,1346 645,1346 590,1346 536,1346 481,1347 426,1347 371,1347 316,1347 262,1347"/>
                <Baseline points="262,1398 316,1398 371,1398 426,1398 481,1398 536,1397 590,1397 645,1397 700,1397 755,1396 810,1396 864,1396 919,1396 974,1396 1029,1396 1084,1395 1138,1395 1193,1395 1248,1395 1303,1395 1358,1395"/>
                <TextEquiv>
                    <Unicode>LO EJECUTAN, TEODOSIA Y ROSAURA</Unicode>
                </TextEquiv>
            </TextLine>
            <TextEquiv>
                <Unicode>TITULADO:
EL ANIMAL DE UNGRIA.
LO EJECUTAN, TEODOSIA Y ROSAURA</Unicode>
            </TextEquiv>
        </TextRegion>
        <TextRegion orientation="0.0" type="paragraph" id="r_5_1" custom="readingOrder {index:4;}">
            <Coords points="128,1504 798,1504 798,2283 128,2283"/>
            <TextLine id="r_5_1l1" custom="readingOrder {index:0;}">
                <Coords points="134,1552 166,1553 198,1553 230,1553 262,1553 294,1553 326,1553 358,1552 390,1552 422,1552 455,1551 487,1551 519,1551 551,1550 583,1550 615,1550 647,1550 679,1551 711,1551 743,1552 776,1553 776,1519 743,1518 711,1517 679,1517 647,1516 615,1516 583,1516 551,1516 519,1517 487,1517 455,1517 422,1518 390,1518 358,1518 326,1519 294,1519 262,1519 230,1519 198,1519 166,1519 134,1518"/>
                <Baseline points="134,1541 166,1542 198,1542 230,1542 262,1542 294,1542 326,1542 358,1541 390,1541 422,1541 455,1540 487,1540 519,1540 551,1539 583,1539 615,1539 647,1539 679,1540 711,1540 743,1541 776,1542"/>
                <TextEquiv>
                    <Unicode>Teod. Siempre tengo de reñirte,</Unicode>
                </TextEquiv>
            </TextLine>
            <TextLine id="r_5_1l2" custom="readingOrder {index:1;}">
                <Coords points="167,1602 195,1602 223,1602 252,1601 280,1601 309,1601 337,1601 365,1601 394,1601 422,1601 451,1600 479,1600 507,1600 536,1600 564,1600 593,1600 621,1600 649,1600 678,1600 706,1600 735,1600 735,1566 706,1566 678,1566 649,1566 621,1566 593,1566 564,1566 536,1566 507,1566 479,1566 451,1566 422,1567 394,1567 365,1567 337,1567 309,1567 280,1567 252,1567 223,1568 195,1568 167,1568"/>
                <Baseline points="167,1591 195,1591 223,1591 252,1590 280,1590 309,1590 337,1590 365,1590 394,1590 422,1590 451,1589 479,1589 507,1589 536,1589 564,1589 593,1589 621,1589 649,1589 678,1589 706,1589 735,1589"/>
                <TextEquiv>
                    <Unicode>sobre que de aquí no salgas</Unicode>
                </TextEquiv>
            </TextLine>
            <TextLine id="r_5_1l3" custom="readingOrder {index:2;}">
                <Coords points="178,1650 203,1650 228,1650 253,1651 278,1651 303,1650 328,1650 353,1650 379,1650 404,1650 429,1650 454,1649 479,1649 504,1649 529,1648 554,1648 580,1648 580,1614 554,1614 529,1614 504,1615 479,1615 454,1615 429,1616 404,1616 379,1616 353,1616 328,1616 303,1616 278,1617 253,1617 228,1616 203,1616 178,1616"/>
                <Baseline points="178,1639 203,1639 228,1639 253,1640 278,1640 303,1639 328,1639 353,1639 379,1639 404,1639 429,1639 454,1638 479,1638 504,1638 529,1637 554,1637 580,1637"/>
                <TextEquiv>
                    <Unicode>y tu peligro decirte?</Unicode>
                </TextEquiv>
            </TextLine>
            <TextLine id="r_5_1l4" custom="readingOrder {index:3;}">
                <Coords points="178,1698 206,1699 234,1699 262,1699 291,1699 319,1699 347,1699 376,1699 404,1698 432,1698 461,1698 489,1697 517,1697 545,1696 574,1696 602,1696 630,1696 659,1697 687,1697 715,1698 744,1699 744,1665 715,1664 687,1663 659,1663 630,1662 602,1662 574,1662 545,1662 517,1663 489,1663 461,1664 432,1664 404,1664 376,1665 347,1665 319,1665 291,1665 262,1665 234,1665 206,1665 178,1664"/>
                <Baseline points="178,1687 206,1688 234,1688 262,1688 291,1688 319,1688 347,1688 376,1688 404,1687 432,1687 461,1687 489,1686 517,1686 545,1685 574,1685 602,1685 630,1685 659,1686 687,1686 715,1687 744,1688"/>
                <TextEquiv>
                    <Unicode>que de mi amparo te valgas,</Unicode>
                </TextEquiv>
            </TextLine>
            <TextLine id="r_5_1l5" custom="readingOrder {index:4;}">
                <Coords points="169,1746 195,1746 221,1746 247,1747 273,1747 299,1747 325,1747 351,1747 377,1747 403,1747 429,1747 455,1747 481,1747 507,1747 533,1747 559,1746 585,1746 611,1745 637,1745 663,1744 689,1744 689,1710 663,1710 637,1711 611,1711 585,1712 559,1712 533,1713 507,1713 481,1713 455,1713 429,1713 403,1713 377,1713 351,1713 325,1713 299,1713 273,1713 247,1713 221,1712 195,1712 169,1712"/>
                <Baseline points="169,1735 195,1735 221,1735 247,1736 273,1736 299,1736 325,1736 351,1736 377,1736 403,1736 429,1736 455,1736 481,1736 507,1736 533,1736 559,1735 585,1735 611,1734 637,1734 663,1733 689,1733"/>
                <TextEquiv>
                    <Unicode>no es posible persuadirte?</Unicode>
                </TextEquiv>
            </TextLine>
            <TextLine id="r_5_1l6" custom="readingOrder {index:5;}">
                <Coords points="168,1795 193,1795 218,1796 243,1796 268,1796 293,1797 318,1797 343,1797 368,1796 393,1796 418,1796 443,1796 468,1795 493,1795 518,1794 543,1794 568,1794 593,1794 618,1794 618,1760 593,1760 568,1760 543,1760 518,1760 493,1761 468,1761 443,1762 418,1762 393,1762 368,1762 343,1763 318,1763 293,1763 268,1762 243,1762 218,1762 193,1761 168,1761"/>
                <Baseline points="168,1784 193,1784 218,1785 243,1785 268,1785 293,1786 318,1786 343,1786 368,1785 393,1785 418,1785 443,1785 468,1784 493,1784 518,1783 543,1783 568,1783 593,1783 618,1783"/>
                <TextEquiv>
                    <Unicode>cómo, dí, tan atrevida</Unicode>
                </TextEquiv>
            </TextLine>
            <TextLine id="r_5_1l7" custom="readingOrder {index:6;}">
                <Coords points="180,1844 205,1844 230,1845 255,1845 280,1845 305,1845 330,1844 355,1844 380,1844 405,1844 430,1843 455,1843 480,1843 505,1843 530,1843 555,1843 580,1844 580,1810 555,1809 530,1809 505,1809 480,1809 455,1809 430,1809 405,1810 380,1810 355,1810 330,1810 305,1811 280,1811 255,1811 230,1811 205,1810 180,1810"/>
                <Baseline points="180,1833 205,1833 230,1834 255,1834 280,1834 305,1834 330,1833 355,1833 380,1833 405,1833 430,1832 455,1832 480,1832 505,1832 530,1832 555,1832 580,1833"/>
                <TextEquiv>
                    <Unicode>al peligro de la vida</Unicode>
                </TextEquiv>
            </TextLine>
            <TextLine id="r_5_1l8" custom="readingOrder {index:7;}">
                <Coords points="180,1892 206,1892 232,1893 258,1893 284,1893 310,1893 336,1893 362,1892 388,1892 414,1892 440,1892 466,1892 492,1892 518,1893 544,1893 570,1893 596,1893 596,1859 570,1859 544,1859 518,1859 492,1858 466,1858 440,1858 414,1858 388,1858 362,1858 336,1859 310,1859 284,1859 258,1859 232,1859 206,1858 180,1858"/>
                <Baseline points="180,1881 206,1881 232,1882 258,1882 284,1882 310,1882 336,1882 362,1881 388,1881 414,1881 440,1881 466,1881 492,1881 518,1882 544,1882 570,1882 596,1882"/>
                <TextEquiv>
                    <Unicode>osas del monte bajar,</Unicode>
                </TextEquiv>
            </TextLine>
            <TextLine id="r_5_1l9" custom="readingOrder {index:8;}">
                <Coords points="172,1942 199,1942 227,1942 255,1942 283,1942 311,1942 339,1942 367,1942 395,1942 423,1942 451,1941 478,1941 506,1941 534,1941 562,1941 590,1941 618,1942 646,1942 674,1942 702,1943 730,1944 730,1910 702,1909 674,1908 646,1908 618,1908 590,1907 562,1907 534,1907 506,1907 478,1907 451,1907 423,1908 395,1908 367,1908 339,1908 311,1908 283,1908 255,1908 227,1908 199,1908 172,1908"/>
                <Baseline points="172,1931 199,1931 227,1931 255,1931 283,1931 311,1931 339,1931 367,1931 395,1931 423,1931 451,1930 478,1930 506,1930 534,1930 562,1930 590,1930 618,1931 646,1931 674,1931 702,1932 730,1933"/>
                <TextEquiv>
                    <Unicode>hasta que te vengo á hallar,</Unicode>
                </TextEquiv>
            </TextLine>
            <TextLine id="r_5_1l10" custom="readingOrder {index:9;}">
                <Coords points="171,1988 197,1990 223,1991 249,1991 275,1992 301,1992 327,1991 353,1991 379,1991 406,1990 432,1990 458,1989 484,1989 510,1989 536,1990 562,1990 588,1991 615,1993 615,1960 588,1958 562,1957 536,1957 510,1956 484,1956 458,1956 432,1957 406,1957 379,1958 353,1958 327,1958 301,1959 275,1959 249,1958 223,1958 197,1957 171,1955"/>
                <Baseline points="171,1977 197,1979 223,1980 249,1980 275,1981 301,1981 327,1980 353,1980 379,1980 406,1979 432,1979 458,1978 484,1978 510,1978 536,1979 562,1979 588,1980 615,1982"/>
                <TextEquiv>
                    <Unicode>en su maleza perdida?</Unicode>
                </TextEquiv>
            </TextLine>
            <TextLine id="r_5_1l11" custom="readingOrder {index:10;}">
                <Coords points="169,2037 200,2038 232,2039 263,2040 295,2040 326,2040 358,2040 389,2039 421,2039 452,2039 484,2038 515,2038 547,2038 578,2038 610,2038 641,2038 673,2039 704,2039 736,2040 768,2042 768,2009 736,2007 704,2006 673,2006 641,2005 610,2005 578,2005 547,2005 515,2005 484,2005 452,2006 421,2006 389,2006 358,2007 326,2007 295,2007 263,2007 232,2006 200,2005 169,2004"/>
                <Baseline points="169,2026 200,2027 232,2028 263,2029 295,2029 326,2029 358,2029 389,2028 421,2028 452,2028 484,2027 515,2027 547,2027 578,2027 610,2027 641,2027 673,2028 704,2028 736,2029 768,2031"/>
                <TextEquiv>
                    <Unicode>Mira, Rosaura, que adviertas,</Unicode>
                </TextEquiv>
            </TextLine>
            <TextLine id="r_5_1l12" custom="readingOrder {index:11;}">
                <Coords points="172,2086 198,2087 224,2088 250,2089 276,2089 302,2089 328,2089 354,2089 380,2088 406,2088 432,2087 458,2087 484,2086 510,2086 536,2086 562,2086 588,2087 614,2087 640,2089 667,2091 667,2058 640,2056 614,2054 588,2054 562,2053 536,2053 510,2053 484,2053 458,2054 432,2054 406,2055 380,2055 354,2056 328,2056 302,2056 276,2056 250,2056 224,2055 198,2054 172,2053"/>
                <Baseline points="172,2075 198,2076 224,2077 250,2078 276,2078 302,2078 328,2078 354,2078 380,2077 406,2077 432,2076 458,2076 484,2075 510,2075 536,2075 562,2075 588,2076 614,2076 640,2078 667,2080"/>
                <TextEquiv>
                    <Unicode>que somos dos animales,</Unicode>
                </TextEquiv>
            </TextLine>
            <TextLine id="r_5_1l13" custom="readingOrder {index:12;}">
                <Coords points="177,2135 204,2135 231,2136 259,2137 286,2137 314,2137 341,2137 368,2137 396,2137 423,2137 451,2137 478,2137 505,2136 533,2136 560,2136 588,2136 615,2136 642,2136 670,2136 697,2136 725,2137 725,2104 697,2103 670,2103 642,2103 615,2103 588,2103 560,2103 533,2103 505,2103 478,2104 451,2104 423,2104 396,2104 368,2104 341,2104 314,2104 286,2104 259,2104 231,2103 204,2102 177,2102"/>
                <Baseline points="177,2124 204,2124 231,2125 259,2126 286,2126 314,2126 341,2126 368,2126 396,2126 423,2126 451,2126 478,2126 505,2125 533,2125 560,2125 588,2125 615,2125 642,2125 670,2125 697,2125 725,2126"/>
                <TextEquiv>
                    <Unicode>que con armas encubiertas</Unicode>
                </TextEquiv>
            </TextLine>
            <TextLine id="r_5_1l14" custom="readingOrder {index:13;}">
                <Coords points="171,2184 202,2184 233,2185 265,2185 296,2185 327,2185 359,2185 390,2185 421,2185 453,2185 484,2185 515,2185 547,2185 578,2185 609,2185 641,2185 672,2186 703,2186 735,2187 766,2188 798,2189 798,2155 766,2154 735,2153 703,2152 672,2152 641,2151 609,2151 578,2151 547,2151 515,2151 484,2151 453,2151 421,2151 390,2151 359,2151 327,2151 296,2151 265,2151 233,2151 202,2150 171,2150"/>
                <Baseline points="171,2173 202,2173 233,2174 265,2174 296,2174 327,2174 359,2174 390,2174 421,2174 453,2174 484,2174 515,2174 547,2174 578,2174 609,2174 641,2174 672,2175 703,2175 735,2176 766,2177 798,2178"/>
                <TextEquiv>
                    <Unicode>busca el hombre, que si sales,</Unicode>
                </TextEquiv>
            </TextLine>
            <TextLine id="r_5_1l15" custom="readingOrder {index:14;}">
                <Coords points="168,2232 195,2233 223,2234 250,2234 278,2235 305,2235 333,2235 360,2235 388,2235 415,2235 443,2234 470,2234 498,2234 525,2234 553,2234 580,2234 608,2234 635,2235 663,2235 690,2235 718,2236 718,2202 690,2201 663,2201 635,2201 608,2200 580,2200 553,2200 525,2200 498,2200 470,2200 443,2200 415,2201 388,2201 360,2201 333,2201 305,2201 278,2201 250,2200 223,2200 195,2199 168,2198"/>
                <Baseline points="168,2221 195,2222 223,2223 250,2223 278,2224 305,2224 333,2224 360,2224 388,2224 415,2224 443,2223 470,2223 498,2223 525,2223 553,2223 580,2223 608,2223 635,2224 663,2224 690,2224 718,2225"/>
                <TextEquiv>
                    <Unicode>seremos presas, ó muertas.</Unicode>
                </TextEquiv>
            </TextLine>
            <TextLine id="r_5_1l16" custom="readingOrder {index:15;}">
                <Coords points="181,2284 206,2284 231,2284 257,2284 282,2285 308,2285 333,2285 358,2285 384,2285 409,2285 435,2285 460,2284 486,2284 511,2284 536,2284 562,2285 587,2285 613,2285 638,2285 664,2286 664,2252 638,2251 613,2251 587,2251 562,2251 536,2250 511,2250 486,2250 460,2250 435,2251 409,2251 384,2251 358,2251 333,2251 308,2251 282,2251 257,2250 231,2250 206,2250 181,2250"/>
                <Baseline points="181,2273 206,2273 231,2273 257,2273 282,2274 308,2274 333,2274 358,2274 384,2274 409,2274 435,2274 460,2273 486,2273 511,2273 536,2273 562,2274 587,2274 613,2274 638,2274 664,2275"/>
                <TextEquiv>
                    <Unicode>Cómo tú das á entender,</Unicode>
                </TextEquiv>
            </TextLine>
            <TextEquiv>
                <Unicode>Teod. Siempre tengo de reñirte,
sobre que de aquí no salgas
y tu peligro decirte?
que de mi amparo te valgas,
no es posible persuadirte?
cómo, dí, tan atrevida
al peligro de la vida
osas del monte bajar,
hasta que te vengo á hallar,
en su maleza perdida?
Mira, Rosaura, que adviertas,
que somos dos animales,
que con armas encubiertas
busca el hombre, que si sales,
seremos presas, ó muertas.
Cómo tú das á entender,</Unicode>
            </TextEquiv>
        </TextRegion>
        <TextRegion orientation="0.0" type="paragraph" id="r_6_1" custom="readingOrder {index:5;}">
            <Coords points="830,1503 1505,1503 1505,2287 830,2287"/>
            <TextLine id="r_6_1l1" custom="readingOrder {index:0;}">
                <Coords points="884,1550 909,1550 934,1551 960,1551 985,1551 1010,1551 1036,1551 1061,1550 1086,1550 1112,1550 1137,1550 1163,1550 1188,1550 1213,1550 1239,1550 1264,1550 1289,1550 1315,1551 1340,1551 1366,1552 1366,1519 1340,1518 1315,1518 1289,1517 1264,1517 1239,1517 1213,1517 1188,1517 1163,1517 1137,1517 1112,1517 1086,1517 1061,1517 1036,1518 1010,1518 985,1518 960,1518 934,1518 909,1517 884,1517"/>
                <Baseline points="884,1539 909,1539 934,1540 960,1540 985,1540 1010,1540 1036,1540 1061,1539 1086,1539 1112,1539 1137,1539 1163,1539 1188,1539 1213,1539 1239,1539 1264,1539 1289,1539 1315,1540 1340,1540 1366,1541"/>
                <TextEquiv>
                    <Unicode>que es cosa segura el ir,</Unicode>
                </TextEquiv>
            </TextLine>
            <TextLine id="r_6_1l2" custom="readingOrder {index:1;}">
                <Coords points="871,1597 898,1597 925,1597 952,1597 979,1597 1006,1597 1033,1597 1060,1597 1087,1597 1114,1597 1141,1597 1168,1597 1195,1597 1222,1597 1249,1596 1276,1596 1303,1596 1330,1595 1357,1595 1384,1595 1412,1594 1412,1563 1384,1564 1357,1564 1330,1564 1303,1565 1276,1565 1249,1565 1222,1566 1195,1566 1168,1566 1141,1566 1114,1566 1087,1566 1060,1566 1033,1566 1006,1566 979,1566 952,1566 925,1566 898,1566 871,1566"/>
                <Baseline points="871,1587 898,1587 925,1587 952,1587 979,1587 1006,1587 1033,1587 1060,1587 1087,1587 1114,1587 1141,1587 1168,1587 1195,1587 1222,1587 1249,1586 1276,1586 1303,1586 1330,1585 1357,1585 1384,1585 1412,1584"/>
                <TextEquiv>
                    <Unicode>siendo imposible el volver?</Unicode>
                </TextEquiv>
            </TextLine>
            <TextLine id="r_6_1l3" custom="readingOrder {index:2;}">
                <Coords points="831,1648 863,1648 895,1648 927,1648 959,1648 991,1648 1023,1648 1055,1648 1087,1648 1119,1648 1151,1648 1183,1647 1215,1647 1247,1647 1279,1647 1311,1646 1343,1646 1375,1646 1407,1645 1439,1645 1472,1645 1472,1612 1439,1612 1407,1612 1375,1613 1343,1613 1311,1613 1279,1614 1247,1614 1215,1614 1183,1614 1151,1615 1119,1615 1087,1615 1055,1615 1023,1615 991,1615 959,1615 927,1615 895,1615 863,1615 831,1615"/>
                <Baseline points="831,1637 863,1637 895,1637 927,1637 959,1637 991,1637 1023,1637 1055,1637 1087,1637 1119,1637 1151,1637 1183,1636 1215,1636 1247,1636 1279,1636 1311,1635 1343,1635 1375,1635 1407,1634 1439,1634 1472,1634"/>
                <TextEquiv>
                    <Unicode>Ros. Quién podrá, Madre, sufrir</Unicode>
                </TextEquiv>
            </TextLine>
            <TextLine id="r_6_1l4" custom="readingOrder {index:3;}">
                <Coords points="877,1696 903,1695 929,1695 955,1694 981,1694 1007,1694 1033,1694 1059,1694 1085,1694 1111,1694 1137,1694 1163,1694 1189,1694 1215,1693 1241,1692 1241,1659 1215,1660 1189,1661 1163,1661 1137,1661 1111,1661 1085,1661 1059,1661 1033,1661 1007,1661 981,1661 955,1661 929,1662 903,1662 877,1663"/>
                <Baseline points="877,1685 903,1684 929,1684 955,1683 981,1683 1007,1683 1033,1683 1059,1683 1085,1683 1111,1683 1137,1683 1163,1683 1189,1683 1215,1682 1241,1681"/>
                <TextEquiv>
                    <Unicode>el deseo de saber?</Unicode>
                </TextEquiv>
            </TextLine>
            <TextLine id="r_6_1l5" custom="readingOrder {index:4;}">
                <Coords points="880,1744 906,1745 932,1745 958,1745 984,1745 1011,1745 1037,1744 1063,1744 1089,1744 1115,1744 1142,1744 1168,1744 1194,1744 1220,1744 1246,1744 1273,1744 1299,1744 1325,1744 1351,1745 1377,1745 1404,1746 1404,1712 1377,1711 1351,1711 1325,1710 1299,1710 1273,1710 1246,1710 1220,1710 1194,1710 1168,1710 1142,1710 1115,1710 1089,1710 1063,1710 1037,1710 1011,1711 984,1711 958,1711 932,1711 906,1711 880,1710"/>
                <Baseline points="880,1733 906,1734 932,1734 958,1734 984,1734 1011,1734 1037,1733 1063,1733 1089,1733 1115,1733 1142,1733 1168,1733 1194,1733 1220,1733 1246,1733 1273,1733 1299,1733 1325,1733 1351,1734 1377,1734 1404,1735"/>
                <TextEquiv>
                    <Unicode>cuando era niña pequeña.</Unicode>
                </TextEquiv>
            </TextLine>
            <TextLine id="r_6_1l6" custom="readingOrder {index:5;}">
                <Coords points="880,1792 905,1792 931,1793 957,1793 983,1793 1009,1793 1035,1793 1061,1793 1087,1793 1113,1792 1139,1792 1164,1792 1190,1792 1216,1792 1242,1792 1268,1792 1294,1792 1320,1792 1346,1792 1372,1793 1398,1793 1398,1759 1372,1759 1346,1758 1320,1758 1294,1758 1268,1758 1242,1758 1216,1758 1190,1758 1164,1758 1139,1758 1113,1758 1087,1759 1061,1759 1035,1759 1009,1759 983,1759 957,1759 931,1759 905,1758 880,1758"/>
                <Baseline points="880,1781 905,1781 931,1782 957,1782 983,1782 1009,1782 1035,1782 1061,1782 1087,1782 1113,1781 1139,1781 1164,1781 1190,1781 1216,1781 1242,1781 1268,1781 1294,1781 1320,1781 1346,1781 1372,1782 1398,1782"/>
                <TextEquiv>
                    <Unicode>bien tomaba tus lecciones,</Unicode>
                </TextEquiv>
            </TextLine>
            <TextLine id="r_6_1l7" custom="readingOrder {index:6;}">
                <Coords points="884,1841 909,1842 935,1842 960,1842 986,1842 1012,1842 1037,1842 1063,1842 1088,1842 1114,1842 1140,1841 1165,1841 1191,1841 1216,1841 1242,1840 1268,1840 1293,1841 1319,1841 1344,1841 1370,1842 1396,1843 1396,1809 1370,1808 1344,1807 1319,1807 1293,1807 1268,1806 1242,1806 1216,1807 1191,1807 1165,1807 1140,1807 1114,1808 1088,1808 1063,1808 1037,1808 1012,1808 986,1808 960,1808 935,1808 909,1808 884,1807"/>
                <Baseline points="884,1830 909,1831 935,1831 960,1831 986,1831 1012,1831 1037,1831 1063,1831 1088,1831 1114,1831 1140,1830 1165,1830 1191,1830 1216,1830 1242,1829 1268,1829 1293,1830 1319,1830 1344,1830 1370,1831 1396,1832"/>
                <TextEquiv>
                    <Unicode>sin pasar de aquella peña,</Unicode>
                </TextEquiv>
            </TextLine>
            <TextLine id="r_6_1l8" custom="readingOrder {index:7;}">
                <Coords points="886,1890 911,1890 937,1890 963,1890 988,1890 1014,1890 1040,1890 1065,1890 1091,1890 1117,1890 1142,1890 1168,1890 1194,1890 1219,1890 1245,1890 1271,1890 1296,1890 1322,1890 1348,1890 1348,1856 1322,1856 1296,1856 1271,1856 1245,1856 1219,1856 1194,1856 1168,1856 1142,1856 1117,1856 1091,1856 1065,1856 1040,1856 1014,1856 988,1856 963,1856 937,1856 911,1856 886,1856"/>
                <Baseline points="886,1879 911,1879 937,1879 963,1879 988,1879 1014,1879 1040,1879 1065,1879 1091,1879 1117,1879 1142,1879 1168,1879 1194,1879 1219,1879 1245,1879 1271,1879 1296,1879 1322,1879 1348,1879"/>
                <TextEquiv>
                    <Unicode>conociendo las razones,</Unicode>
                </TextEquiv>
            </TextLine>
            <TextLine id="r_6_1l9" custom="readingOrder {index:8;}">
                <Coords points="885,1938 915,1938 946,1938 976,1938 1007,1938 1037,1938 1068,1938 1098,1938 1129,1938 1159,1938 1190,1938 1220,1938 1251,1938 1281,1938 1312,1938 1342,1938 1373,1938 1403,1938 1434,1938 1464,1938 1495,1938 1495,1904 1464,1904 1434,1904 1403,1904 1373,1904 1342,1904 1312,1904 1281,1904 1251,1904 1220,1904 1190,1904 1159,1904 1129,1904 1098,1904 1068,1904 1037,1904 1007,1904 976,1904 946,1904 915,1904 885,1904"/>
                <Baseline points="885,1927 915,1927 946,1927 976,1927 1007,1927 1037,1927 1068,1927 1098,1927 1129,1927 1159,1927 1190,1927 1220,1927 1251,1927 1281,1927 1312,1927 1342,1927 1373,1927 1403,1927 1434,1927 1464,1927 1495,1927"/>
                <TextEquiv>
                    <Unicode>de que me adviertes y enseñas:</Unicode>
                </TextEquiv>
            </TextLine>
            <TextLine id="r_6_1l10" custom="readingOrder {index:9;}">
                <Coords points="881,1988 906,1988 931,1989 957,1989 982,1989 1007,1989 1033,1989 1058,1989 1083,1988 1109,1988 1134,1987 1159,1987 1185,1987 1210,1987 1235,1986 1261,1987 1286,1987 1311,1987 1337,1988 1362,1989 1388,1990 1388,1956 1362,1955 1337,1954 1311,1953 1286,1953 1261,1953 1235,1952 1210,1953 1185,1953 1159,1953 1134,1953 1109,1954 1083,1954 1058,1955 1033,1955 1007,1955 982,1955 957,1955 931,1955 906,1954 881,1954"/>
                <Baseline points="881,1977 906,1977 931,1978 957,1978 982,1978 1007,1978 1033,1978 1058,1978 1083,1977 1109,1977 1134,1976 1159,1976 1185,1976 1210,1976 1235,1975 1261,1976 1286,1976 1311,1976 1337,1977 1362,1978 1388,1979"/>
                <TextEquiv>
                    <Unicode>ya grande cual soy ahora,</Unicode>
                </TextEquiv>
            </TextLine>
            <TextLine id="r_6_1l11" custom="readingOrder {index:10;}">
                <Coords points="882,2038 907,2038 932,2037 957,2037 982,2037 1008,2037 1033,2036 1058,2036 1083,2036 1108,2036 1134,2036 1159,2036 1184,2036 1209,2036 1234,2036 1260,2036 1285,2037 1310,2037 1335,2037 1360,2037 1386,2037 1386,2003 1360,2003 1335,2003 1310,2003 1285,2003 1260,2002 1234,2002 1209,2002 1184,2002 1159,2002 1134,2002 1108,2002 1083,2002 1058,2002 1033,2002 1008,2003 982,2003 957,2003 932,2003 907,2004 882,2004"/>
                <Baseline points="882,2027 907,2027 932,2026 957,2026 982,2026 1008,2026 1033,2025 1058,2025 1083,2025 1108,2025 1134,2025 1159,2025 1184,2025 1209,2025 1234,2025 1260,2025 1285,2026 1310,2026 1335,2026 1360,2026 1386,2026"/>
                <TextEquiv>
                    <Unicode>no las tomo bien, señora,</Unicode>
                </TextEquiv>
            </TextLine>
            <TextLine id="r_6_1l12" custom="readingOrder {index:11;}">
                <Coords points="882,2086 910,2086 939,2086 968,2086 996,2086 1025,2086 1054,2086 1082,2086 1111,2086 1140,2086 1169,2086 1197,2086 1226,2086 1255,2085 1283,2085 1312,2085 1341,2085 1369,2085 1398,2086 1427,2086 1456,2086 1456,2052 1427,2052 1398,2052 1369,2051 1341,2051 1312,2051 1283,2051 1255,2051 1226,2052 1197,2052 1169,2052 1140,2052 1111,2052 1082,2052 1054,2052 1025,2052 996,2052 968,2052 939,2052 910,2052 882,2052"/>
                <Baseline points="882,2075 910,2075 939,2075 968,2075 996,2075 1025,2075 1054,2075 1082,2075 1111,2075 1140,2075 1169,2075 1197,2075 1226,2075 1255,2074 1283,2074 1312,2074 1341,2074 1369,2074 1398,2075 1427,2075 1456,2075"/>
                <TextEquiv>
                    <Unicode>porque á su mucha aspereza,</Unicode>
                </TextEquiv>
            </TextLine>
            <TextLine id="r_6_1l13" custom="readingOrder {index:12;}">
                <Coords points="884,2134 909,2134 935,2134 961,2134 987,2134 1013,2134 1039,2134 1065,2134 1091,2134 1116,2134 1142,2134 1168,2134 1194,2134 1220,2135 1246,2135 1272,2135 1298,2135 1324,2135 1324,2102 1298,2102 1272,2102 1246,2102 1220,2102 1194,2101 1168,2101 1142,2101 1116,2101 1091,2101 1065,2101 1039,2101 1013,2101 987,2101 961,2101 935,2101 909,2101 884,2101"/>
                <Baseline points="884,2123 909,2123 935,2123 961,2123 987,2123 1013,2123 1039,2123 1065,2123 1091,2123 1116,2123 1142,2123 1168,2123 1194,2123 1220,2124 1246,2124 1272,2124 1298,2124 1324,2124"/>
                <TextEquiv>
                    <Unicode>mi propia naturaleza,</Unicode>
                </TextEquiv>
            </TextLine>
            <TextLine id="r_6_1l14" custom="readingOrder {index:13;}">
                <Coords points="883,2182 909,2182 935,2183 962,2183 988,2183 1015,2183 1041,2183 1068,2183 1094,2183 1121,2182 1147,2182 1173,2182 1200,2182 1226,2182 1253,2182 1279,2182 1306,2181 1332,2181 1359,2181 1385,2181 1412,2181 1412,2147 1385,2147 1359,2147 1332,2147 1306,2147 1279,2148 1253,2148 1226,2148 1200,2148 1173,2148 1147,2148 1121,2148 1094,2149 1068,2149 1041,2149 1015,2149 988,2149 962,2149 935,2149 909,2148 883,2148"/>
                <Baseline points="883,2171 909,2171 935,2172 962,2172 988,2172 1015,2172 1041,2172 1068,2172 1094,2172 1121,2171 1147,2171 1173,2171 1200,2171 1226,2171 1253,2171 1279,2171 1306,2170 1332,2170 1359,2170 1385,2170 1412,2170"/>
                <TextEquiv>
                    <Unicode>se revela de hora en hora.</Unicode>
                </TextEquiv>
            </TextLine>
            <TextLine id="r_6_1l15" custom="readingOrder {index:14;}">
                <Coords points="884,2231 910,2231 937,2231 964,2232 991,2232 1018,2232 1044,2232 1071,2232 1098,2232 1125,2232 1152,2232 1178,2232 1205,2231 1232,2231 1259,2231 1286,2230 1312,2230 1339,2229 1366,2228 1393,2228 1420,2227 1420,2193 1393,2194 1366,2194 1339,2195 1312,2196 1286,2196 1259,2197 1232,2197 1205,2197 1178,2198 1152,2198 1125,2198 1098,2198 1071,2198 1044,2198 1018,2198 991,2198 964,2198 937,2197 910,2197 884,2197"/>
                <Baseline points="884,2220 910,2220 937,2220 964,2221 991,2221 1018,2221 1044,2221 1071,2221 1098,2221 1125,2221 1152,2221 1178,2221 1205,2220 1232,2220 1259,2220 1286,2219 1312,2219 1339,2218 1366,2217 1393,2217 1420,2216"/>
                <TextEquiv>
                    <Unicode>Que es lo que arriba se vé?</Unicode>
                </TextEquiv>
            </TextLine>
            <TextLine id="r_6_1l16" custom="readingOrder {index:15;}">
                <Coords points="839,2280 871,2281 904,2282 937,2283 970,2283 1003,2283 1036,2283 1069,2283 1102,2283 1135,2283 1168,2283 1200,2282 1233,2282 1266,2281 1299,2281 1332,2280 1365,2280 1398,2280 1431,2279 1464,2279 1497,2278 1497,2244 1464,2245 1431,2245 1398,2246 1365,2246 1332,2246 1299,2247 1266,2247 1233,2248 1200,2248 1168,2249 1135,2249 1102,2249 1069,2249 1036,2249 1003,2249 970,2249 937,2249 904,2248 871,2247 839,2246"/>
                <Baseline points="839,2269 871,2270 904,2271 937,2272 970,2272 1003,2272 1036,2272 1069,2272 1102,2272 1135,2272 1168,2272 1200,2271 1233,2271 1266,2270 1299,2270 1332,2269 1365,2269 1398,2269 1431,2268 1464,2268 1497,2267"/>
                <TextEquiv>
                    <Unicode>Teod. Cielo, en que vive el Autor</Unicode>
                </TextEquiv>
            </TextLine>
            <TextEquiv>
                <Unicode>que es cosa segura el ir,
siendo imposible el volver?
Ros. Quién podrá, Madre, sufrir
el deseo de saber?
cuando era niña pequeña.
bien tomaba tus lecciones,
sin pasar de aquella peña,
conociendo las razones,
de que me adviertes y enseñas:
ya grande cual soy ahora,
no las tomo bien, señora,
porque á su mucha aspereza,
mi propia naturaleza,
se revela de hora en hora.
Que es lo que arriba se vé?
Teod. Cielo, en que vive el Autor</Unicode>
            </TextEquiv>
        </TextRegion>
        <GraphicRegion id="Graphic_1607095063335_7673" custom="readingOrder {index:6;}">
            <Coords points="1241,936 809,936 809,236 1241,236"/>
        </GraphicRegion>
    </Page>
</PcGts>
