1765 2512
347 275 378 310 4
304 315 795 365 Aunque tambien me reí
307 362 823 412 de ver que vestir se pudo,
302 413 792 460 y dije, madre, entre mí:
305 463 775 508 Mejor estabas desnudo,
320 511 730 559 por qué te vistes así?
268 555 938 609 Teod. Calla, que me enojas tanto,
314 605 879 657 que de mi furor me espanto,
319 662 609 704 como te sufro.
267 712 641 754 Ros. Pues, Madre,
311 750 873 801 si era Sol, y si es mi Padre
325 801 787 850 que testimonio levanto?
271 846 947 901 Teod. Es porque pudo abrasarte,
321 900 815 947 que no por otra ocasion,
319 945 863 996 si el Sol vendria á mirarte.
271 993 878 1045 Ros. Ay, madre, tienes razon
323 1044 903 1096 que desde verle á esta parte,
329 1097 765 1141 toda me siento morir,
335 1140 903 1190 el Sol debió de encenderme,
328 1190 821 1238 que ni comer, ni dormir
330 1236 843 1287 he podido mas, ni verme
333 1289 859 1336 conmigo en quietud vivir;
341 1337 799 1384 diga, Madre, estaba así
336 1383 822 1434 aquel dia que al Sol vió?
285 1432 891 1485 Teod. Qué dices (triste de mí!)
1005 293 1375 336 hombre has visto?
963 343 1335 387 Ros. Hombres no;
1015 386 1491 435 pero al Sol desnudo, sí.
972 435 1621 485 Teod. Vive el Cielo, que te mate
1018 483 1521 533 si sales de aquesta cueva:
1016 533 1531 581 no temes que te maltrate,
1019 580 1513 630 si te coge el Sol, ó lleva
1020 628 1485 677 donde jamás te rescate?
971 676 1651 728 R. Sí temo; mas que he de hacer,
1019 725 1521 775 si acaso le acierto á ver?
1034 770 1611 823 dame, Madre, algun remedio.
989 835 1304 872 Teod. Advierte,
1031 875 1581 920 que puede darte la muerte,
1030 925 1483 969 si te acertase á coger,
1031 969 1471 1022 y para que huya de tí
1043 1017 1573 1066 haz la Cruz que te enseñé.
996 1063 1593 1117 Ros. Con la Cruz huirá de mí?
991 1109 1667 1168 Teod. Sí, Rosaura. R. Pues á fé
1051 1165 1515 1214 que yo me defienda así.
991 1212 1649 1264 Teod. Vén por aquesta espesura,
1045 1261 1619 1312 que al pié desta fuente clara
1048 1312 1493 1358 es la caza mas segura.
999 1359 1599 1408 Ros. Madre si él no abrasára,
1045 1408 1501 1458 era muy mala criatura.
913 1804 1097 1961 FIN.
346 2249 1701 2442 CARMONA:—Imp. y lib. de D. José M. Moreno, Madre de Dios, 1.
