1736 2480
313 141 339 193 2
268 202 810 242 de cuanto es, ha sido y fué.
220 250 799 291 Ros. No dices que es Criador
267 299 798 339 (cuando me enseñas su Fé)
261 346 697 387 de todas las criaturas?
216 392 502 432 Teod. Sí digo.
210 443 792 487 Ros. Y que hizo un hombre,
254 492 832 537 Madre, enseñarme procuras,
268 541 882 583 que fué Adán su propio nombre?
219 588 856 635 Teod. Como un Escultor figuras,
256 637 724 682 ó modelos suele hacer,
258 686 576 725 hizo al hombre.
212 734 614 777 Ros. Y ya formado;
257 785 710 826 no dices que la muger
263 833 738 876 sacó del mismo costado,
250 885 744 923 y que los mandó querer,
258 931 775 970 como en una carne á dos?
217 977 816 1019 Teod. Sí, porque los hizo Dios
261 1028 882 1071 para aumento del humanogénero
205 1073 640 1116 Ros. Su eterna mano
263 1125 747 1165 quiso que de dos en dos
250 1172 764 1215 fuesen colmando la tierra
249 1222 704 1264 de fruto de bendicion;
258 1270 802 1315 lo demás que vivo encierra
254 1318 748 1364 dices, que animales son,
250 1369 876 1415 ya en el prado, ya en la sierra,
251 1420 795 1459 y que solo el hombre tiene
251 1466 768 1508 el rostro elevado al Cielo;
250 1516 870 1559 porque es el centro á que vive.
205 1561 847 1605 Teod. De cuanto vive en el suelo
244 1610 798 1655 solo al hombre le conviene,
198 1659 870 1708 Ros. Pues siendo así, cómo dices,
254 1708 776 1755 que nosotras somos fieras,
250 1756 762 1803 si á Dios alaba y bendice,
248 1805 730 1848 en cosas tan verdaderas,
244 1854 730 1896 no vé que se contradice?
240 1905 750 1947 Si á mí me llama animal,
246 1955 783 1993 para qué dice, que el Cielo
243 2000 658 2041 es mi pátria natural,
247 2051 722 2091 y dices que de este velo
237 2097 776 2142 se cubre un alma inmortal,
236 2145 782 2190 si alma tengo, y fué criada
246 2197 775 2237 para el Cielo, no soy fiera.
202 2244 810 2287 Teod. Eres fiera en ser tratada
972 209 1510 251 como fiera, y donde quiera
976 258 1506 300 del hombre cruel buscada.
917 305 1386 348 Ros. Esto deseo saber,
964 355 1512 396 porque al hombre la muger
968 404 1474 443 le dieron por compañera?
967 451 1415 491 cómo perseguir podria
963 500 1439 541 á quien debiese querer?
924 550 1428 590 Teod. No eres tú muger.
915 598 1232 636 Ros. Pues qué?
924 646 1434 686 Teod. Cosa que degeneró
971 696 1446 736 del primero sér que fué.
920 745 1594 787 Ros. Pues á mí quién me engendró?
960 796 1438 832 porque segun vuestra fe
965 844 1446 883 yo no naci como planta;
961 892 1564 931 pues alma tengo, que al Cielo
961 940 1483 980 mis pensamientos levanta.
923 990 1536 1030 Teod. Ese monte, nieve y yelo.
912 1040 1560 1081 Ros. Vuestra locura me espanta,
959 1087 1486 1124 el monte puede engendrar
960 1136 1421 1173 árboles, frutas y flores;
968 1184 1404 1222 la nieve no mas helar.
916 1233 1576 1274 Teod. Y estos Ciervos corredores,
961 1282 1432 1321 y aves que vísteis volar,
960 1331 1515 1368 no los engendra esta sierra?
908 1379 1577 1418 Ros. No, que el ave por el viento
953 1427 1573 1470 buela aunque nace en la tierra,
960 1476 1492 1515 mira que tu entendimiento
963 1525 1456 1566 en cuanto me dice yerra,
962 1575 1374 1610 que no soy ave se vé
953 1622 1575 1661 en que no vuelo, y que tengo len-(gua.
912 1669 1264 1711 Teod. Engañaste.
904 1720 1190 1756 Ros. Por qué?
912 1767 1578 1808 Teod. Porque en oir me entretengo
944 1817 1455 1856 su canto, y su lengua sé.
908 1864 1095 1903 Ros. Tú?
908 1913 1116 1951 Teod. Yo.
903 1963 1437 2003 Ros. Pues dí lo que ahora
956 2010 1452 2051 ha dicho aquel Ruiseñor.
908 2058 1575 2102 Teod. Dice que á su esposa adora.
900 2108 1484 2148 Ros. No dice, sino que amor
952 2156 1414 2196 naturalmente enamora.
907 2205 1514 2248 Teod. Pues eso cómo lo sabes,
944 2254 1488 2294 si tú no entiendes las aves?
