1737 2508
263 226 857 269 por mí puesto á una Ventana
260 274 785 315 á vista de todo el Pueblo,
255 321 766 364 os hicieron Rey de burla
259 372 747 412 con una Caña por cetro,
253 421 744 462 y coronaron de espinas,
264 469 831 509 que vuestra frente, y cerebro
257 515 723 556 vertió líquidos arroyos
258 564 794 606 de aquesos Rubies bellos:
259 611 839 658 por mí condenado á muerte,
258 661 788 706 por darme vida muriendo,
259 707 794 752 llevasteis hasta el Calvario
251 753 770 802 de la Cruz el grave peso:
252 809 780 850 y con tres agudos clavos,
257 855 916 903 que se hicieron con mis yerros,
248 902 732 944 en ella fuisteis clavado
255 954 837 995 y entre dos ladrones puesto:
258 1001 795 1043 y por mi una aguda lanza,
254 1050 844 1096 que movió un impulso ciego,
256 1097 667 1134 con inhumano rigor
255 1146 797 1193 hirió vuestro santo pecho;
252 1192 786 1238 mas fué venturosa herida,
256 1244 915 1287 pues abriendo puerta al Templo
256 1291 818 1336 de vuestro cuerpo sagrado,
256 1337 792 1383 franqueó los Sacramentos.
257 1387 797 1431 Y supuesto que en la cruz
249 1435 846 1482 desnudo, herido, sangriento,
251 1485 717 1525 blasfemado y escupido
251 1535 779 1573 pedisteis al Padre Eterno
254 1584 784 1621 piadoso que perdonara
252 1629 864 1677 á aquellos que os ofendieron;,
250 1676 766 1721 bien podré atreverme yo
248 1724 757 1769 á pediros de mis yerros
253 1774 866 1820 el perdon, cuando Vos mismo
246 1823 713 1865 solicitais mi remedio.
256 1872 850 1916 Quisiera hacer de mis cnlpas
254 1919 738 1962 penitencia; mas yo veo,
252 1968 832 2015 que ya no es tiempo, Señor,
243 2017 848 2063 porque ya me falta el tiempo,
251 2068 836 2112 y entre la muerte, y la vida,
246 2113 852 2160 me hallo en el paso estrecho,
247 2162 721 2202 linea fatal, que divide
241 2209 754 2255 lo temporal de lo eterna,
993 233 1476 274 Y pues es fuerza morir,
986 283 1484 322 y que no tiene remedio,
988 330 1528 373 apelo á vuestra clemencia,
991 380 1526 419 que otro recurso no tengo
988 428 1474 468 pequé Señor, y quisiera
984 474 1472 519 tener tanto sentimiento,
991 523 1442 564 que muriera de dolor,
978 572 1609 615 antes que del mal que muero:
986 620 1529 663 cuando te ofendí atrevido
987 667 1442 708 estaba sin duda ciego
988 716 1498 760 de mis livianas pasiones,
983 765 1486 806 falto de juicio y de seso,
987 815 1553 855 que á tenerlo, no ofendiera
986 863 1630 908 á un Dios, á quien tanto debo;
990 912 1490 953 por vos me pesa, Señor;
988 959 1558 1004 por vos solo me arrepíento,
984 1008 1512 1050 no por temor del castigo,
990 1056 1534 1098 ni por interes del premio,
986 1104 1568 1151 sino es porque sois mi Dios,
976 1152 1411 1194 infinitamente bueno,
975 1201 1586 1247 digno de que os amen todos,
980 1253 1580 1293 y por el amor que os tengo,
988 1299 1654 1344 que aunque he sido tan ingrato,
984 1346 1604 1391 os amo mas que á mi mismo,
983 1395 1638 1441 mas que al alma, con que vivo
976 1443 1596 1490 mas que á la vida, que tengo,
976 1492 1506 1536 mas que á todo lo criado,
980 1539 1660 1587 mas que á la gloria, que espero,
978 1592 1562 1631 y por lo mucho que os amo,
980 1637 1621 1678 con vuestra grácia os prometo!
974 1684 1550 1730 serviros siempre, y amaros,
971 1735 1464 1774 y nunca mas ofenderos;
976 1782 1551 1823 y por vuestro amor quisiera
982 1830 1490 1870 poder deshacer lo hecho
979 1879 1562 1922 que ha sido en ofensa tuya,
978 1928 1535 1969 y haber empleado el tiempo
973 1976 1500 2015 de mi vida en tu servicio,
975 2028 1549 2065 y que ahora en el cuaderno
974 2073 1622 2119 de la cuenta, en vez de culpas,
974 2120 1484 2162 te ofrecieran mis afectos
963 2169 1485 2211 fineza que con tu gracia
970 2221 1469 2261 púde ejecutar viviendo;
