1765 2512
192 154 780 202 pero pues que no es posible,
190 202 722 248 que lo logren mis deseos.
186 250 760 295 borren, Señor, tus piedades
186 297 752 347 todos mis culpables yerros;
182 348 748 394 y el dolor supla en el alma
186 395 696 443 la falta de mis aciertos;
185 443 714 492 si como Pedro os negué,
187 490 744 541 como Pedro me arrepiento,
180 539 728 586 miradme, Señor, piadoso,
184 587 757 637 como á él para que el fuego
182 636 718 683 de vuestra amorosa vista
182 683 726 735 encienda mi elado pecho,
183 736 782 783 y el corazon salga en llanto.
188 780 704 829 Temo, Señor tu justicia;
178 831 760 879 pero tambien me da aliento
182 878 698 925 el que sois tan generoso
184 926 760 977 en perdonar, y dar premio;
187 975 838 1027 pues vemos que al buen ladron,
188 1025 728 1072 porque os obligó diciendo.
186 1072 650 1117 Señor, acordaos de mi
182 1120 755 1168 le ofrecisteis á el momento
171 1169 622 1215 la gloria del paraiso,
172 1220 793 1264 y espero que hareis lo mismo
177 1267 680 1312 conmigo tambien ahora,
174 1314 724 1363 pues como el os lo ruego.
174 1362 598 1406 Ea, Señor poderoso,
170 1410 798 1461 en vuestra clemencia espero,
174 1459 772 1508 recibidme en vuestra gracia,
170 1508 752 1557 goce el alma este consuelo;
172 1558 694 1603 pues para los pecadores,
171 1609 687 1648 que con arrepentimiento
921 165 1368 206 os piden misericordia
932 211 1464 262 teneis los brazos abiertos,
926 264 1454 309 y yo postrado, y humilde,
916 308 1436 354 anegado en llanto tierno
921 356 1577 405 de tus pies no he de apartarne
920 404 1428 452 hasta mi ultimo alieuto,
921 454 1503 499 y hasta que de tus piedades
920 501 1538 550 alcance el perdon que espero.
918 550 1390 598 Y Vos, Aurora Divina,
917 596 1424 647 y de afligidos consuelo,
918 648 1532 697 por vuestra Concepcion pura,
911 697 1388 739 y por el sacro misterio
922 747 1492 790 que os hizo Madre de Dios
920 792 1510 841 en la encarnacion del Verbo,
914 841 1446 888 os pido que me ampareis,
912 893 1474 935 por mi, y en aquesta hora
920 938 1476 985 asistidme y dadme aliento,
920 989 1408 1029 para que salga mi alma
920 1034 1504 1085 triunfante de tantos riesgos,
910 1084 1484 1128 y de este mar de amargura
906 1131 1421 1175 llegue al deseado puerto
903 1178 1382 1223 de la bienaventuranza.
908 1228 1524 1275 Mas ay mi Dios! que ya siento
909 1278 1472 1319 que un sudor frio, y elado
914 1323 1549 1370 discurriendo por los miembros
904 1371 1444 1418 al corazon, y á la lengua
912 1420 1499 1467 la embarga los movimientos.
908 1470 1501 1515 Y pues me avisa que el alma
902 1517 1448 1564 se despide yá del cuerpo.
902 1566 1434 1612 en vuestras manos Señor,
904 1617 1476 1664 mi espiritu os encomiendo,
799 1769 971 1922 FIN.
692 2089 1074 2139 CARMONA=1855.
315 2144 1456 2200 Imprenta de D. José María Moreno, Descalzas, núm. 1.
