1737 2508
1412 109 1614 261 Núm. 205.
252 1111 1622 1277 PRESO POR LA COMUN DEUDA.
231 1294 1653 1339 FERVOROSO ACTO DE CONTRICION EN UN ROMANCE, DON-
277 1343 1647 1388 de se avisa á los mortales el modo con que en la hora de la muer-
275 1393 1651 1438 te, y en todo tiempo han de pedir á Dios nuestro Señor el perdon
275 1440 1649 1486 de sus culpas con la contemplacion de los misteriosos pasos de su
280 1487 638 1524 Sagrada Pasion.
272 1582 810 1624 Preso por la comun deuda
230 1632 790 1674 en la carcel de este lecho,
222 1680 764 1723 llena el alma de congojas,
226 1728 714 1771 y de dolores el cuerpo,
223 1777 634 1813 anegado el corazon
228 1826 762 1868 en mortales desconsuelos,
224 1874 740 1914 sin aliento las potencias,
228 1922 784 1966 los pulsos ya sin concierto,
227 1971 714 2011 barajados los sentidos,
223 2019 806 2062 torpe el tacto, el cutis yerto,
225 2067 738 2107 la vista triste, y el gusto
224 2114 721 2157 solo de amargura lleno,
228 2165 738 2208 la lengua ya balbuciente,
961 1590 1474 1632 ronca la voz en el pecho,
955 1637 1406 1678 sin aliño las palabras,
957 1685 1470 1729 desmayados los acentos,
962 1734 1500 1777 señal es que ya la muerte,
963 1783 1476 1827 que yo imaginé tan lejos,
955 1832 1458 1874 batallando eon la vida,
965 1880 1568 1921 triunfará de ella muy presto.
956 1928 1378 1967 Ahora dulce JESUS,
956 1976 1508 2020 á tus pies humilde puesto,
964 2026 1444 2065 lograré este breve rato,
958 2074 1568 2116 que me concedeis de tiempo,
956 2122 1347 2161 invocando tu favor;
962 2172 1560 2212 pues en los males que siento.
