1217 1760
152 75 206 226 10
215 200 809 239 en que el ingenio dá pruebas
212 249 688 288 de su mucha gallardia.
222 298 718 335 Mire usted, qué friolera!
888 301 1068 341 Siéntanse.
224 346 880 389 Despues saldrán con buen órden,
218 395 808 440 haciendo la guardia á Elena,
220 445 754 487 ochocientos mil soldados,
217 494 696 532 sin calzones ni cabezas.
128 544 788 582 Meson. Eso ha de ser imposible.
124 592 876 635 Hombre 1. Mire usted, qué friolera!
461 698 731 737 Sale Pacorro.
126 775 709 814 Pac. Señor qué risa me dá.
220 824 826 863 Mis amas (qué buenas pescas
218 872 816 916 se han vuelto tortolas dulces,
215 922 740 961 y tras los tórtolos vuelan.
214 970 686 1010 Tambien Casilda afufo.
124 1019 514 1055 Meson. Qué dices?
122 1069 621 1106 Pac. Que se las llevan.
126 1117 568 1151 Meson. Hácia donde?
125 1165 537 1202 Pac. Hácia la casa
216 1213 815 1253 caida, que está á las puertas
223 1261 784 1302 del lugar y están ya allá.
118 1312 842 1350 Homb. 1. Y por si dan en la treta
218 1358 746 1398 dando un pasito tras otro,
216 1408 766 1447 me voy de aquesta manera.
123 1459 762 1495 Pac. El guardar á las mugeres
221 1507 683 1542 es muy dificil empresa.
122 1555 834 1599 Meson. Sácame aquí los trabucos,
217 1608 701 1645 las espadas y escopetas
