1338 1751
1167 19 1225 171 13
288 145 1081 188 Meson. Señores, que encanto es este?
292 197 1058 237 Homb. 3, Ven á que las bendiciones
386 249 894 285 ou cura luegu nos heche:
385 298 865 334 Eu soy tu mullier, é tú
393 346 917 382 mi marido que me quiere.
393 394 865 430 Abrázame fillo, abraza.
294 439 1105 483 Meson. Cuánto vá que á esta á cachetes
396 490 853 528 la deshago las narices?
298 536 1087 579 Homb. 3. Fillu, pois qué te suspende?
396 588 900 623 Soy Dumiña Ponferrada,
395 636 921 673 á quien adorando mueres.
392 686 965 722 No me has dado la palabra
402 734 710 772 de matrimonio?
298 786 792 822 Meson Qué emprendes,
398 833 895 871 gallega de los demonios?
296 880 1088 919 Homb. 3. Vengar aquestos desdenes,
405 930 1013 967 que estoy toda dada au demo;
398 978 960 1015 non has de volver á verme
406 1028 846 1066 Toma tus fillos, ruin,
403 1078 837 1115 picarote, é insolente.
359 1189 1197 1232 Pégale, y le entrega dos chiquillos, y váse.
295 1269 1016 1310 Meson. Yo chiquillos? Yo gallega?
407 1318 915 1357 Señores, qué me sucede!
396 1367 926 1405 Mas vale que yo me vaya,
400 1417 905 1457 antes que me desespere.
