1188 1758
259 55 285 207 4
315 175 935 216 donde un chasco le daremos,
325 223 848 268 para que crea el pobrete
336 273 913 311 que es un palacio encantado.
229 322 1062 365 Homb. 3. Digo, que bien lo previenes,
333 371 554 408 pero ellas?
228 420 645 460 Homb. 1. Ellas ya
331 468 827 506 estarán muy obedientes.
332 516 710 555 que yo las avisaré,
234 564 752 604 Los. 3. Pues al chasco.
232 614 737 653 Homb. 2. Ven ustedes,
335 665 809 700 como sin puñal y soga,
334 708 955 749 hay remedio que se encuentre?
229 757 1055 801 Homb. 4. Lo que mucho vale, muchos
335 809 942 845 cuesta el refran nos advierte.
236 855 993 898 Homb. 1. Ellas nos quitan el juicio
343 906 911 944 y nos ponen lo que quieren,
237 955 964 994 Homb. 2, Ellas son como la fruta,
341 1004 918 1043 que todo el daño advierten,
339 1052 834 1093 y todos quieren comerla,
240 1098 994 1137 Homb. 3. Navarro por ellas muere.
243 1144 1143 1186 Homb. 1. No hay hombre, á quien sus enred
341 1198 875 1234 la cabeza no trastruequen.
342 1246 839 1283 En fin, os determinais?
247 1295 1011 1332 Los 3. Luego al punto se concierte.
241 1345 1021 1382 Homb. 1. Pues decid todos conmigo,
343 1393 1008 1431 mientras vamos á emprenderie.
244 1508 1150 1550 Dice el hombre primero y luego repiten todo
245 1599 920 1641 Homb. 1 A Dios, mosqueteros,
