1217 1760
120 170 176 208 12
180 218 896 253 que no hay formas de entenderles.
181 265 837 301 Diez cuartos y mas diez cuartos
187 314 871 350 hanme dichos, que haces veintes:
184 363 758 399 veintes, son dos veces diez;
186 411 779 449 y dos veces diez son veintes:
192 461 786 498 con que veintes con los diez,
195 510 801 548 y mas los diez con los veintes,
191 560 677 596 hacen veintes por aquí,
191 607 787 651 y por aquí hacen los veintes.
85 655 881 695 Meson. A este salvage, quien diablos
198 705 673 741 ha de poder entenderle?
93 752 963 791 Homb. 2. No está ustedes en las cuentas?
193 801 753 838 va voy á decirlo, atiendes.
194 850 876 887 Diez cuartos, y mas diez cuartos,
188 899 908 936 hanme dichos que haces veintes...
97 950 518 985 Meson. Calla burro.
98 999 586 1036 Homb. 2. Yo borricas:
95 1047 531 1083 Meson. Qué es esto!
100 1098 746 1133 Homb. 2, Fues usted cuentes,
200 1145 746 1180 y en ajustando las cuentas
198 1193 766 1231 volveré á ver que me debes.
308 1305 863 1346 Dale con matapecados y vase
97 1384 684 1424 Meson. Maldita sea la casa,
194 1434 693 1482 y quien me dijo viniese.
265 1534 906 1598 Sale el hombre tereero de gallega
111 1612 840 1677 Homb. 3. Es pusible que te veyu?
