1338 1751
1126 53 1197 208 15
257 165 768 212 Homb. 1. Gúi, Monsiur.
246 218 856 261 Meson. Por qué me gruñes?
347 267 884 312 Cochino, ó marrano, vete.
246 312 980 362 Homb. 1. Yo groñir? O Sacre Diú!
345 365 559 406 Tú peiras.
1054 370 1206 415 Pégale.
365 481 1086 530 Sale el hombre segundo de vizcáino.
237 553 854 593 Homb. 2. Usted me cuentes:
336 601 1014 649 Díez cuartos, y mas diez cuartos,
335 650 941 696 hanme dicho que son veintes.
246 697 896 744 Meson. Huya de este laberinto.
563 815 870 862 Sale la gallega.
242 896 1046 940 Homb, 3. Meu fillu, ya se me quieres:
341 945 804 988 abrázame fillu, abraza.
242 991 894 1038 Meson. Maldita seas mil veces.
242 1039 936 1086 Homb. 1. Pulvi di mati li Pulgui.
240 1088 915 1136 Meson. Ahora con eso te vienes?
329 1139 854 1186 Pues á patadas, y á coces
333 1192 523 1234 lo vereis.
238 1306 1189 1351 Sale el hombre cuarto con disfráz de turco y dos
519 1360 902 1399 Morillos con sables.
229 1432 877 1478 Homb. 4. Quién de esta suerte
318 1482 727 1526 alborota mi palacio?
230 1528 640 1575 Mor. Este hombre.
234 1579 727 1626 Meson. San Nicomedes.
