1289 1751
1009 255 1029 291 3
186 283 706 326 si mi amor fino te pierde:
195 331 729 381 pero morir como esotros,
189 378 738 426 digo, que no me conviene
92 426 977 479 Homó. 3. Qué siempre aquestas malvadas
191 477 734 522 tantas fatigas nos cuesten?
92 522 870 581 Hom. 1. El diablo las lleve á todas,
185 574 830 628 amen, plegue á Dios mil veces,
188 622 702 673 adonde yo esté con ellas,
91 670 830 724 Homb. 3. Navarro por ellas muere,
93 719 946 774 Hom. 4. Hombre, pues en los embustes
187 770 666 818 otro nuevo Ulises eres,
190 818 740 866 no hallarás algun remedio?
83 865 899 921 Hom. 1. Barnos los cuatro la muerte.
86 914 773 965 Hom. 2. Otro medio mas suave
182 965 621 1011 pide lance como este.
88 1008 891 1067 Homb. 1. Que nos vamos al Hospicio.
178 1063 728 1111 y que se casen si quieren.
76 1106 632 1158 Los. 3. No hay remedio.
74 1153 631 1207 Homb. 1. Sí hay remedio,
162 1207 648 1253 El hermano solo quiere
168 1256 674 1305 comedia para las bodas:
172 1305 816 1357 y siendo así, yo he de hacerme
175 1353 701 1409 poeta: y mientras que yo
172 1402 644 1454 al tonto le entretuviere,
163 1449 652 1500 os llevareis á las cuatro
168 1497 713 1552 á esa casa que se advierte
164 1546 612 1597 fuera del lugar, caida;
162 1601 644 1648 y con trages diferentes
162 1646 618 1695 os disfrazareis, por sí
159 1695 475 1738 es que acaso no
