1289 1751
996 123 1040 177 5
204 195 664 232 siempre amigos fieles.
202 246 772 281 que un chasco á dar vamos;
206 292 550 333 y si bien sucede,
204 340 625 378 vereis cual ponemos
200 391 572 430 al pobre inocente;
206 439 538 480 Pues al chasco;
112 490 506 525 Los 3 Al chasco.
109 539 749 573 Homb. 1. Y muera el pobrete
934 579 1074 615 Vanse.
108 589 714 624 Todos. Y muera el pobrete.
339 717 842 758 Salen las cuatro mugeres.
117 824 852 867 Mug 1. Primero el novio reviente,
223 874 797 912 que llegue á darle mi mano,
117 922 812 963 Mug. 2. Hermana, no os aflijais,
217 972 666 1015 y dejad esos disparos,
224 1020 812 1059 que como á mi me den novio
224 1069 745 1107 aunque sea un maragato.
115 1117 901 1158 Mug. 3. Nunca he querido casarme,
225 1165 921 1206 que he sido opuesta á ese estado;
224 1214 771 1254 y así que hermáno nos dijo
219 1265 691 1300 el que queria casarnos
219 1312 747 1349 siento tan gran comezon;
224 1359 747 1398 que por casarme yo rabio.
123 1407 765 1450 Mug. 4 Estará creido el tonto
227 1456 745 1497 de que yo con él me caso,
232 1506 750 1547 y eso, neguaguam, porque
230 1555 776 1596 mientras viva mi Bernaldo,
227 1603 775 1646 de otro alguno no he de ser
