1188 1758
213 108 253 155 2
188 169 806 210 Los. 3, Esplícamos tu pesar.
192 217 1007 261 Homb. 1. Hay tormentos mas crueles?
284 267 565 305 Pues sabed...
187 315 651 351 Los. 3. Prosigue, dí.
189 365 1070 408 Homb. 1. Que en este papel me advierte.
286 412 786 451 Casilda, que el Mesonero
278 461 798 501 su blanca mano pretende
286 509 829 552 pues le sirve en el meson;
282 561 856 597 y que á sus hermanas quiere
283 609 813 645 casar tambien, y que solo
279 656 790 695 las cuatro bodas detiene
281 705 954 747 por una tema, en que ha dado,
284 754 967 796 que ha jurado no han de hacerse
284 801 889 845 hasta que encuentre comedia,
283 849 834 891 ó ingenio que lo escribiere,
286 897 805 938 para hacerla por festejo
273 947 777 987 el dia infeliz que lleguen
277 995 818 1036 á darse todas las manos.
274 1045 878 1082 Mirad si en lance como este
272 1094 902 1134 en que nos vemos prendados
278 1143 848 1181 de las cuatro, tener puede
285 1191 857 1232 paciencia nuestra desgracia,
281 1241 889 1280 y mas si el demonio quiere
284 1290 1042 1330 que encuentre este hombre comedia
285 1337 822 1377 y nos quedamos asperges.
178 1388 896 1425 Homb. 3 Este puñal en mi pecho
279 1435 849 1474 al punto pienso escondermnie.
175 1483 1012 1525 Homb. 4. Muera vo, sí es que no logro
281 1529 817 1570 de mi Antonia los claveles.
178 1580 841 1624 Homb. 2. Mucho sentiré Benita,
