1765 2512
126 226 641 265 Pad. Eso hija se propala
180 274 658 312 con algun sugeto sabio,
183 322 696 361 que tenga vida arreglada,
181 370 648 409 y con maduro consejo,
173 418 639 457 esos casos se evacuan;
183 467 700 504 pero en todo te aconsejo,
182 513 785 553 que mires á Cristo en cuantas
185 562 693 599 cosas á tí te se ofrezcan.
173 609 755 648 Mira con la gran constancia,
190 657 697 697 que sufrió los vituperios
182 705 802 743 por nuestro amor; qué alabanza!
188 753 720 792 Mas te prevengo hija mia,
181 801 732 840 que no hables una palabra
186 849 657 887 tocante en el abandono
192 897 717 935 del projimo, ó de su fama
183 944 723 983 ó de otra cosa cualquiera,
188 990 795 1031 siempre hablar con moderada
190 1041 773 1081 razon, ni pasar, ni no llegar;
192 1090 776 1128 que si de todos bien hablas,
181 1138 625 1176 nadie dirá mal de tí,
184 1185 720 1223 sea delánte ni á espaldas,
190 1234 691 1271 y si acaso hablaren algo
195 1282 653 1320 achácatelo á tus faltas.
145 1328 805 1372 Hija. Dios le pague Padre amado
189 1377 729 1417 los consejos que me daba,
198 1425 676 1465 y le pido muy de veras
191 1474 635 1514 á la Deidad Soberana
191 1520 727 1562 de Dios poderoso, y Santo
200 1570 759 1609 me libre en las acechanzas,
198 1620 575 1658 y no nos deje caer
192 1668 680 1702 de su mano Sacrosanta,
199 1714 725 1753 porque el comun enemigo
199 1763 720 1800 no se ria en la desgracia.
151 1811 681 1851 Pad. Amen, y que sea asi,
201 1858 707 1899 por su Madre Sacrosanta.
146 1906 699 1948 Hija. Una pregunta queria
204 1954 722 1996 hacer, sino se me enfada,
195 2002 643 2043 Padre tengo reparado
193 2051 698 2091 una cosa que es estraña,
204 2099 664 2139 en todas las oraciones
200 2147 671 2189 á la postre todas paran
201 2196 699 2237 en pedir por Jesucristo,
899 218 1500 255 que el Padre Eterno lo haga
902 267 1457 303 y solo en el Padre nuestro
905 315 1461 352 no lo mienta, eso me para.
856 363 1456 401 Pad. Como Dios todo lo sabe,
907 413 1427 448 pensamientos, y palabras,
903 458 1349 495 sabe, que su hijo fué
901 507 1435 545 el que compuso esta sabia
903 556 1389 592 oracion, y no hizo cosa,
909 603 1377 641 que no llevara ajustada
903 652 1317 686 á su santa voluntad,
910 700 1456 735 ten por cosa bien pensada,
905 747 1344 783 que no era menester,
907 796 1491 833 pues sabe, son sus palabras.
908 844 1344 880 Ahora queria yo hija,
909 892 1455 929 que me dijeras con gracia,
915 939 1464 974 todo aquello, que tu crees
912 988 1410 1023 de nuestra ley soberana.
859 1035 1447 1074 Hija. Como tengo dicho creo
910 1084 1404 1122 en la Trinidad Sagrada,
914 1132 1474 1167 tambien creo en Jesucristo,
920 1180 1498 1215 Dios y hombre que con ansia
920 1229 1409 1265 se quedó Sacramentado
920 1276 1474 1313 por amor á nuestras almas:
917 1326 1427 1361 que murió, que padeció,
917 1373 1428 1409 en cuanto hombre, y bajó,
919 1421 1450 1457 á ver á los Santos Padres,
921 1470 1545 1506 que su advenimiento aguardan:
927 1517 1296 1554 creo, que resucitó
926 1565 1470 1604 juntando su cuerpo y alma,
917 1613 1385 1653 y por su propia virtud
920 1664 1456 1696 subió al cielo, su morada,
929 1710 1454 1745 que desde allí ha de venir
926 1759 1423 1795 á juzgarnos, y sin faltas
927 1806 1434 1841 creo, que hay vida eterna
927 1855 1380 1891 en la bienaventuranza,
926 1903 1526 1937 y tambien hay muerte eterna;
930 1950 1498 1986 Dios nos libre de desgracia!
877 1999 1485 2035 Pad. Dios por su misericordia
926 2047 1452 2085 buenos á todos nos haga,
929 2095 1398 2131 nos eche su bendicion
928 2146 1368 2181 en la ultima jornada.
150 2212 1563 2371 CARMONA—1856 Imp. de D. J. M. M. calle Juan de la Cabra, núm. 5.
