1737 2508
279 231 738 268 quedabas vituperiosa,
283 276 818 319 y nada en ello alcanzaras?
284 327 785 365 Asimismo, hija querida,
280 373 842 413 mira, que grande distancia
274 420 838 460 hay de criatura, á Criador!
233 469 913 509 Ha. Me ha hecho Padre fuerzatanta
275 517 879 556 vuestro ejemplo, que prometo
282 565 871 604 desde hoy hacer tál mudanzá
284 614 761 653 en el modo de rezarlo:
277 661 885 701 porque es consecuencia elara,
287 710 871 748 que conforme es el incienso,
283 759 730 796 asi dá olor á la casa,
285 808 800 843 en no poniendo cuidado.
284 854 820 891 no hay cosa bien acabada.
240 900 843 940 Pad. Para ti será el provecho
283 950 893 989 y la atencion mucho alcánza:
290 997 724 1036 pero ahora dime hija
281 1048 775 1084 las peticiones habladas,
281 1095 861 1132 qué es lo que piden, y como,
286 1140 911 1180 y que encierran esas clausulas?
234 1189 875 1228 Ha. En lo poco que yo entiendo
279 1238 863 1277 en mi elocuencia tan parda,
291 1287 792 1325 primero es amar á Dios,
284 1336 792 1374 y adorarlo con luz clara,
288 1385 754 1421 trino y uno verdadero,
287 1432 827 1469 todos tres, una substancia;
284 1479 844 1517 segundo, que venga á nos,
292 1526 823 1565 y esté perpetua en el alma
288 1576 764 1614 su gracia perseverante,
290 1624 794 1661 y que nos dé su morada;
289 1670 699 1709 tercera, resignacion
290 1719 778 1757 en su voluntad Sagrada,
295 1768 785 1805 porque nada nos asuste,
295 1815 802 1853 que envie su mano santa.
289 1864 817 1902 Estas son las tres de Dios,
293 1910 919 1949 que á nuestro provecho llaman.
292 1957 810 1997 La primera de las cuatro
287 2008 745 2044 es pedirle la bonanza
298 2055 764 2092 del sustento necesario,
291 2102 867 2142 pasto del cuerpo y del alma
291 2152 841 2189 pues el pan Sacramentado,
292 2201 730 2236 dijo la palabra Sacra,
285 2245 923 2285 que es Cristo, al dragon astuto
291 2297 795 2334 con sus divinas palabras,
1007 221 1485 259 no solo el pan alimenta
1004 270 1512 307 al hombre; cosa tan alta!
1006 319 1442 354 no solo pedimos pan,
1004 366 1592 403 que al cuerpo le dé sustancía,
1001 414 1495 450 sino aquel Verbum Dei,
1010 464 1622 499 que alimenta, y dá constancia,
1006 509 1471 547 por esto todos los dias
1002 558 1492 595 dice pidamos con ansia,
1011 607 1461 643 porque comó conocia,
1002 655 1606 691 que nuestra flaqueza humana,
1000 702 1475 739 si nos diera de una vez
1013 751 1433 787 todo se nos olvidara,
1015 799 1500 835 quiere, que diariamente
1009 847 1463 884 la necesidad nos haga
1012 895 1540 931 acordarnos de aquel Dios:
1010 943 1570 979 valganos su piedad magna!
1007 990 1643 1028 que es menester que nos fuerce?
1013 1039 1562 1076 que ingratitud tan infausta!
967 1087 1491 1128 Pad. Ay hija querida mia!
1007 1136 1503 1173 que refleccion olvidada,
1007 1183 1456 1222 sigue la otra peticion
1019 1232 1571 1269 pidiendo perdon de cuantas
1011 1280 1484 1317 culpas hemos cometido
1015 1328 1518 1365 contra la deidad sagrada,
1011 1377 1494 1413 y luego al proviso dice,
1020 1425 1548 1461 que nos perdone las faltas
1010 1472 1476 1509 asi como perdonamos;
1014 1520 1540 1556 aqui tiembla la esperanza!
1017 1569 1543 1606 que es menester perdonar,
1009 1617 1575 1653 sin que quede dentro nada,
1020 1664 1548 1701 puramente, sin que quede
1012 1712 1454 1749 espiritu de venganza:
1017 1763 1513 1797 esto es amar al projimo.
1019 1810 1433 1846 Por eso te digo hija
1012 1858 1454 1895 ten fijada esa palabra
1019 1905 1472 1942 asi como perdonamos,
1018 1954 1557 1990 porque perdones con gana
1012 2002 1554 2039 toda injuria y toda ofensa,
1015 2049 1599 2085 pues que Dios asi lo manda.
976 2096 1606 2137 Hija. Y si acaso á mi me hacen
1015 2145 1553 2183 algun daño por desgracia,
1024 2193 1546 2231 gravándome por la honra
1016 2239 1478 2279 u otra notable infamia,
1024 2288 1620 2329 qué he de hacer en este caso?
