1737 2508
1219 131 1474 286 (Núm. 231.)
564 1331 1242 1401 PASILLO
504 1429 1292 1495 ENTRE PADRE É HIJA,
653 1513 1138 1575 HABLANDO DE LA ORACION
457 1602 1331 1672 DEL PADRE NUESTRO.
189 1796 834 1832 Hija. Buenos dias tenga usted
250 1844 776 1880 llenos de la eterna gracia.
191 1892 875 1928 Padre. Buenos te los de Dios hija
241 1940 730 1975 con esa misma eficacia.
241 1988 729 2024 Has rezado ya hija mia?
247 2037 878 2072 Y le has dado á Dios las gracias
245 2085 824 2122 de haber llegado á este dia,
252 2130 779 2169 y ver del sol la luz clara?
196 2181 870 2220 Hija. Siseñor, me he persignado,
245 2229 805 2266 y he dado á Dios alabanzas
244 2278 694 2314 con la mayor oracion,
971 1795 1492 1834 que reza la Iglesia Santa.
916 1844 1513 1881 Pad. Y cual es hija querida!
916 1891 1590 1934 Hija. No creí me preguntarausted,
963 1940 1293 1977 que oracion era,
972 1988 1513 2025 cuando con mucha eficacia
972 2038 1600 2073 me ha dichoque el Padrenuestro
968 2083 1515 2122 se llama la Oracion Magna.
915 2131 1570 2170 Pad. Es verdad, que te lo digo,
967 2181 1601 2217 qne és regla de todas cuantas
963 2229 1604 2268 se hancompuesto y compondrán
964 2276 1452 2317 en toda la Iglesia sabia;
