1765 2512
227 260 641 307 pero te lo pregunté
221 307 719 354 por ver si te se olvidaba
223 355 840 401 lo que tanto te he encargado.
172 403 853 448 Hija. Siempre la tengo en mi alma;
227 452 857 496 porque es de honra y provecho.
177 499 859 546 Pad. Quisiera, que me esplicaras
227 548 862 592 la honra, y provecho, que tiene.
172 597 751 640 Hija. Eso es una cosa clara,
229 644 789 687 lo primero, que es la honra
233 692 749 735 de que soy hija adoctada
233 740 751 783 de aquel Señor poderoso
233 788 775 831 dominante á todas cuantas
227 836 793 880 cosas hay en Cielo, y tierra,
229 886 821 930 porque es superior Monarca,
229 937 657 980 y criador padre mio,
233 984 759 1024 que hizo todo de la nada.
225 1029 719 1072 Redentor pues nos sacó
233 1078 759 1119 de esclavitud tan pesada:
223 1128 729 1168 su palabra fué el tesoro
239 1175 861 1216 que á todos nos dió la gracia,
231 1223 863 1266 pues dió á la Iglesia las llaves,
229 1271 863 1316 para abrir con manos amplias
239 1320 737 1360 de los siete Sacramentos
232 1367 827 1410 las puertas suaves, y anchas
239 1417 867 1457 por donde se entra en el Cielo.
187 1465 773 1509 Pad. Hija mia, basta, basta,
232 1512 779 1555 que como ves que tu padre
233 1563 711 1602 está en esfera tan alta,
237 1612 651 1652 parece sales de tino
237 1659 760 1696 con honra tan sublimada;
243 1705 769 1748 y no me admiro hija mia,
240 1752 813 1795 que el entendimiento pasma
239 1802 783 1842 al ver que tenemos Padre,
239 1849 703 1892 que con mano soberana
239 1897 760 1939 hace, y desace muy justo
235 1946 827 1986 cuanto quiere, y le dá gana;
235 1993 798 2034 sin errar, porque no puede
240 2042 813 2081 nuestro Dios errar en nada.
237 2093 689 2129 Pero de que sabes tú,
247 2138 879 2178 que nos ha hecho esas gracias?
194 2185 810 2229 Hia. De este memorial Santo
243 2234 773 2274 de la Apostólica estampa,
244 2282 732 2323 que peticiones incluye,
243 2330 800 2373 siete, pidiendo abundancia
952 250 1471 287 de vienes tan peregrinos,
947 295 1579 338 para el cuerpo, y para el alma.
950 345 1461 385 Las tres adorando á Dios
947 394 1543 434 con humildad muy postrada;
949 441 1457 483 y las cuatro para darnos
951 490 1506 526 todo aquello, que nos falta,
955 537 1495 579 y el remedio de los males,
959 585 1457 625 que al espiritu nos daña,
953 632 1480 675 porque la compuso Cristo
960 682 1463 721 con su ciencia soberana,
957 729 1375 772 para esperar y pedir
956 777 1513 816 cosas de mucha substancia.
913 824 1559 868 Pad. Todo eso es cierto hija mia,
958 873 1495 915 que Cristo con esa maxima
955 921 1495 962 nos compuso el memorial,
959 969 1491 1013 para que con voces santas
957 1018 1451 1060 presentemos á su Padre
959 1066 1443 1106 todos los dias sin falta,
960 1115 1425 1155 diciendolo con gran fé,
958 1162 1495 1205 y caridad, con constancia,
959 1209 1499 1252 conque hija has de decirlo
957 1258 1417 1298 con atencion reflejada.
960 1306 1584 1347 Yo te pondré ahora un egemplo,
957 1354 1470 1395 para que capaz te hagas.
965 1402 1485 1442 Si fueras hablar á el Rey,
965 1450 1525 1490 ó algun señor de gran fama;
960 1498 1409 1539 á pedirle alguna cosa,
968 1545 1559 1589 que á ti mucho te importara:
968 1593 1533 1637 con qué desvelo el discurso
964 1642 1458 1685 cuantas cosas estudiara
968 1690 1385 1732 de palabras eficaces,
959 1738 1465 1779 respetuosas, moderadas,
963 1786 1399 1830 para no desagradarlo
972 1832 1549 1875 por ningun motivo, ó causa?
968 1882 1451 1924 Si puesta delante de él
969 1932 1383 1970 empezaras á risadas,
969 1980 1373 2019 á mirar aqui, y allí,
974 2026 1457 2067 tenderte bien á la larga,
969 2073 1455 2116 sentarte de medio lado,
965 2122 1507 2168 y hacer otras mogigangas,
975 2169 1429 2212 no digera aquel señor
975 2218 1453 2259 viendo tu poca crianza
976 2266 1431 2309 esa loca echarla fuera,
971 2314 1487 2361 y de un brazo te sacaran
