1338 1751
734 69 790 116 15
350 165 1176 213 AL IR Á TOMARSELO, LE MUERDE EL HERRERO.
406 266 876 302 Ay, ay! Suelta, villano.
403 313 1234 359 Ay! suelta, que me trunzas ya la mano.
287 404 1239 453 PELOTEANLE EL HERRERO Y SACRISTAN, Y LO ENTRAN
631 460 877 503 EN VOLANDAS.
401 557 994 598 Apiádate de mí Tomasa mia,
408 606 1114 648 que los diablos me matan á porfia.
403 654 896 692 A Dios, á Dios, Tomasa,
405 703 1164 748 que los diablos me sacan de mi casa,
284 749 892 793 Sold. No formeis sentimiento,
412 801 1244 847 que en casa le tendreis luego al momento.
477 890 1046 940 VASE TRAS ELLOS EL SOLDADO,
275 987 1152 1035 Tom. Andad con Dios, esposo muy amado,
399 1041 796 1079 y en él id confiado,
400 1089 1172 1132 que yo me quedo acá muy consolada,
403 1138 1090 1181 y confiando en Dios, noserá nada.
684 1253 839 1298 FIN.
571 1371 920 1405 CARMONA:—1849.
265 1472 1233 1525 Imprenta y librería de D. J. M. MonENo, calle
353 1533 1130 1583 Oficiales: donde se hallarán ota os barios.
