1188 1758
680 236 705 275 8
336 277 1056 323 haciéndole visita al Seor Sargento?
215 328 1070 372 Tom. Mirad que está durmiendo, no hagais
344 382 471 418 ruido.
221 430 869 468 Mol...Oigan, que está dormido!
335 476 912 514 habráse desvelado diligente
338 525 1061 563 toda la santa noche en hacer gente.
219 574 817 612 Tom..A qué venís tan presto?
225 620 1032 665 Mol... Porque no llevé pico de repuesto,
347 669 1177 711 y el que llevé quebróse al primer tiento,
347 718 1008 758 y vengo por el otro al aposento.
227 767 1056 808 Tom. Ay que encuentra á los dos; yo soy
355 810 1053 856 perdída! (aparte.)
349 864 995 903 Para qué tan aprisa vuestra ida?
357 910 1185 951 No quiero que os volvais tan de repente.
231 959 1143 1002 Moz...Pues á vos se vos sigue incombeniente?
347 1007 1177 1048 Muger, dejadme entrar, que me voy luego.
231 1062 851 1098 Tom.Dejadlo ahora, os ruego.
353 1109 797 1147 Quereis dejarme sola,
359 1150 1124 1195 y que me haga cualquiera la mamola?
228 1208 761 1244 Mol.. Sola no, muger mia,
350 1254 974 1292 harávos el Sargento compañía.
233 1299 1132 1341 Tom. Jesus! con el Sargento? ni por lumbre.
350 1350 1050 1391 Mirad que moriré de pesadumbre.
540 1450 873 1487 HACE QUE LLORA.
363 1541 1134 1582 Yo aquí con un soldado y sin marido!
242 1589 1185 1635 Mol.. No lo habia aun creido. (aparte.)
354 1643 773 1682 No ven lo que pasa?
370 1690 1081 1730 Vive Dios que es un oro la Tomasa.
