1289 1751
774 21 1053 176 (Número 102.)
366 206 838 286 SAINETE
437 310 762 384 DEL
125 461 1077 533 MOLINERO.
418 563 788 637 PERSONAS.
150 689 337 725 Molinero.
152 739 330 775 Tomasa.
421 702 651 745 Soldado,
754 682 1000 720 áSacristan.
764 730 975 773 Herrero.
151 833 1051 884 SALEN EL SOLDADO, EL MOLINERO Y TOMASA.
125 970 980 1013 Sold. Este, seor huesped, es alojamiento?
115 1019 984 1064 Mol.. Vuesasted se reporte, seor Sargento
131 1062 998 1112 Sold.Ni á comer ni á cenar hay una polla?
119 1116 973 1160 Mol .. Pero habrá una pechuga de cebolla.
129 1164 1017 1208 Sold..No ve que me hace mal para los ojos?
130 1211 1031 1257 Mol... Pues hay mas que comella con antojos?
243 1260 956 1303 Y á que viene vusted tan diligente?
125 1310 1029 1354 Sold..A qué he de venir, sino á hacer gente?
132 1359 795 1402 Mol...Y esto es bueno, Tomasa,
255 1406 1064 1447 que á hacer gente se vengan á mi casa?
136 1455 956 1497 Tom.. De alguna compañía él os hablaba.
132 1505 780 1547 Mol... Aun peor está que estaba:
261 1554 1027 1597 que bien me acuerdo yo que tu decias:
