1217 1760
601 247 652 285 12
261 297 689 337 Reniégote, enemigo,
259 339 1048 386 no sea, Tomasa que carguen contigo.
151 389 953 439 Tom..Conmigo dos figuras tan malditas!
138 440 945 489 Mol... El demonio se anda á las bonitas.
269 490 733 531 Vayas, diablo arredro.
264 531 1099 581 San Crespin, San Julian, señor san Pedro
264 587 715 629 Credo digo y recredo.
272 628 1029 677 Temblando estoy á fé de puro miedo.
143 676 1111 729 Sold. Vamos comiendo, que es cosa muy sana.
145 724 1057 777 Mol... Ceman, coman, que yo no tengo gana.
156 772 1099 825 Sold.Siéntense á comer, que aquesto es hecho.
145 822 1001 876 Mol..A vuestedes les haga buen probecho.
272 873 957 919 que yo no tengo de probar bocado.
152 922 905 971 Sol.. Un poco comerá del oljaldrado.
156 968 967 1022 Mol.. Sabe usté si mi estómago lo sufre?
272 1017 1005 1066 Jesus y cómo huele á piedra azufre!
151 1068 963 1119 Sold.Cómase ese pastel, y luego: ande,
429 1173 843 1217 SIENTASE A LA MESA.
152 1265 1112 1320 Mol.. Basta que un hombre honrado me lo
279 1326 425 1364 mande.
277 1363 1073 1412 Señor, el negro cómo era de horrible!
293 1412 1017 1462 y el blanco? no vi cosa mas terrible.
163 1466 721 1511 Sold.A qué sabe el pastel?
163 1516 613 1560 Mol.. Está extremado:
292 1556 1065 1608 pero no está muy bueno el ojaldrado.
162 1607 943 1658 Sold.Beba por esta bota, voto al cinto.
168 1655 1027 1707 Mol... Dígame vuesasted, es blanco ó tinto?
170 1710 727 1747 Sold.. Blanco es, y generoso.
