1217 1760
575 156 642 192 14
256 205 1079 244 y que dientes que enseña el diablo prieto!
261 251 914 291 Y que sea muger la mi Tomasa,
246 298 994 341 y que no tenga miedo á lo que pasa!
120 345 994 388 Tom.Qué figuras los dos para un retablo!
127 395 936 438 Sold. Brinde por la salud de este diablo.
119 444 736 482 Mol.. Jesus, señor! mercedes.
247 493 936 535 Vaya por la salud de vuesastedes.
121 588 1078 630 AL IR A BEBER DALE EL SACRISTAN UN GOLPE IN LA
506 642 702 680 GARGANTA.
242 736 674 774 Reniégote, enemigo:
246 784 900 824 este diablo parece pie de amigo,
245 833 1010 874 O diablo, que con gula me combates,
237 882 992 925 pues bienes á tentarnos los gaznates!
111 931 882 969 Sold. Aquel bocado de pernil le toca:
244 979 926 1020 quítesele á aquel diablo de la boca.
113 1028 925 1067 Mol..  Sabe buested si me dará licencia?
112 1077 906 1118 Sold.. Acabe no me saque de paciencia.
236 1125 946 1168 No replique, levántese al momento.
107 1174 984 1217 Mol.. Vuesasted se reporte, seor Sargento;
237 1223 629 1264 y sea mas humano.
110 1274 1004 1314 Sold.Quien no come tocino no es cristiano;
234 1321 922 1361 y así dénos de serlo testimonios,
235 1370 988 1410 ó mando que le lleven los demonios.
105 1417 623 1454 Mol..Ya voy allá, etíope.
230 1466 950 1506 Mal año, y como aprieta de cogote!
233 1514 970 1556 Parece que le ha echado cerradura.
231 1564 977 1606 Los diablos tienen brava dentadura.
