1188 1758
636 127 669 162 4
167 170 1002 220 Tom. Ves sois un saco lleno de malicias,
286 219 908 271 y yo con arrumacos y caricias
287 267 1026 315 la honra soy de vuestra vil persona.
166 315 975 368 Mol.. Es por que me poneis una corona.
596 419 705 457 VASE.
161 507 1002 561 Sold. Ahora bien, recostarme determino,
290 557 977 607 porque vengo cansado del camino.
288 605 1002 654 Ola huéspeda, nadie me despierte.
162 650 1057 708 Tom...Para qué seor Soldado me lo advierte?
174 751 1127 804 RECUESTASE, Y SALE EL SACRISTAN CON UNA BOTA,
365 804 935 848 UN PAN Y UN POCO DE TOCINO.
163 904 787 949 Sac.. Tomasa y mas Tomasa,
295 949 968 997 en quien toda mi vida se repasa:
295 1001 771 1043 en mi memoria escrita,
304 1042 986 1091 pintada con papel y agua bendita:
304 1089 1106 1139 por quien, si á las campanas me dedico,
296 1139 992 1188 Tomasa y mas Tomasa me repico:
301 1187 1099 1237 cuyo nombre en los cascos se me mete,
297 1238 1018 1287 pues escrito lo traigo en el bonete;
308 1292 688 1334 va tu retrato bello.
299 1342 697 1383 Digo que tu cabello,
303 1379 1133 1432 por lo hermoso y lo negro es con gran arte
297 1433 1009 1480 de mi amante pasion el estandarte.
304 1481 1074 1526 Tu frente, que á dos luces hace salva,
303 1529 964 1576 de las fiestas mayores es el alva.
306 1574 1060 1625 Tus cejas en la iglesia de san Marcos
