<?xml version="1.0" encoding="UTF-8" standalone="yes"?>
<PcGts xmlns="http://schema.primaresearch.org/PAGE/gts/pagecontent/2013-07-15" xmlns:xsi="http://www.w3.org/2001/XMLSchema-instance" xsi:schemaLocation="http://schema.primaresearch.org/PAGE/gts/pagecontent/2013-07-15 http://schema.primaresearch.org/PAGE/gts/pagecontent/2013-07-15/pagecontent.xsd">
    <Metadata>
        <Creator>prov=University of Rostock/Institute of Mathematics/CITlab|PLANET AI GmbH/Gundram Leifert/gundram.leifert@planet-ai.de:name=Pliegos de Cordel (XIXe) - v4(htr_id=27283)::::v=2.6.7
prov=University of Rostock/Institute of Mathematics/CITlab|PLANET AI GmbH/Tobias Gruening/tobias.gruening@planet-ai.de:name=de.uros.citlab.module.baseline2polygon.B2PSeamMultiOriented:v=2.6.7
prov=University of Rostock/Institute of Mathematics/CITlab|PLANET AI GmbH/Tobias Gruening/tobias.gruening@planet-ai.de:name=/net_tf/LA73_249_0mod360.pb:de.uros.citlab.segmentation.CITlab_LA_ML:v=2.6.7
Transkribus</Creator>
        <Created>2020-12-01T16:28:13.738+01:00</Created>
        <LastChange>2020-12-14T17:28:26.537+01:00</LastChange>
        <Comments>
                Measurement unit: pixel
                PrimaryLanguage: 
                Producer: Transkribus
            </Comments>
        <TranskribusMetadata docId="525386" pageId="22318617" pageNr="147" tsid="50308638" status="DONE" userId="66244" imgUrl="https://files.transkribus.eu/Get?id=GPAUNMLWYCOMQVVLLDINIDTU&amp;fileType=view" xmlUrl="https://files.transkribus.eu/Get?id=VIRXZVBFECXKMUAWLOCLHGPT" imageId="17388132"/>
    </Metadata>
    <Page imageFilename="Moreno_204_3.jpg" imageWidth="1737" imageHeight="2508">
        <PrintSpace>
            <Coords points="0,0 1737,0 1737,2508 0,2508"/>
        </PrintSpace>
        <ReadingOrder>
            <OrderedGroup id="ro_1607963866717" caption="Regions reading order">
                <RegionRefIndexed index="0" regionRef="r_1_1"/>
                <RegionRefIndexed index="1" regionRef="r_2_1"/>
            </OrderedGroup>
        </ReadingOrder>
        <TextRegion orientation="0.0" type="paragraph" id="r_1_1" custom="readingOrder {index:0;}">
            <Coords points="143,206 802,206 802,2256 143,2256"/>
            <TextLine id="r_1_1l1" custom="readingOrder {index:0;}">
                <Coords points="156,260 185,260 214,260 243,260 272,260 301,260 330,259 359,259 388,259 417,259 447,259 476,258 505,258 534,258 563,259 592,259 621,259 650,260 679,261 708,262 738,263 738,230 708,229 679,228 650,227 621,226 592,226 563,226 534,225 505,225 476,225 447,226 417,226 388,226 359,226 330,226 301,227 272,227 243,227 214,227 185,227 156,227"/>
                <Baseline points="156,249 185,249 214,249 243,249 272,249 301,249 330,248 359,248 388,248 417,248 447,248 476,247 505,247 534,247 563,248 592,248 621,248 650,249 679,250 708,251 738,252"/>
                <TextEquiv>
                    <Unicode>quiero la hereden los sastres,</Unicode>
                </TextEquiv>
            </TextLine>
            <TextLine id="r_1_1l2" custom="readingOrder {index:1;}">
                <Coords points="162,306 190,307 218,308 247,308 275,308 304,308 332,308 361,308 389,308 418,308 446,308 474,308 503,307 531,307 560,308 588,308 617,308 645,308 674,309 702,310 731,311 731,278 702,277 674,276 645,275 617,275 588,275 560,275 531,274 503,274 474,275 446,275 418,275 389,275 361,275 332,275 304,275 275,275 247,275 218,275 190,274 162,273"/>
                <Baseline points="162,295 190,296 218,297 247,297 275,297 304,297 332,297 361,297 389,297 418,297 446,297 474,297 503,296 531,296 560,297 588,297 617,297 645,297 674,298 702,299 731,300"/>
                <TextEquiv>
                    <Unicode>porque sus desastres quiero.</Unicode>
                </TextEquiv>
            </TextLine>
            <TextLine id="r_1_1l3" custom="readingOrder {index:2;}">
                <Coords points="153,356 178,356 203,356 228,357 253,357 278,357 303,357 328,356 353,356 378,356 403,356 428,356 453,356 478,356 503,356 528,356 553,357 578,357 603,358 628,358 628,325 603,325 578,324 553,324 528,323 503,323 478,323 453,323 428,323 403,323 378,323 353,323 328,323 303,324 278,324 253,324 228,324 203,323 178,323 153,323"/>
                <Baseline points="153,345 178,345 203,345 228,346 253,346 278,346 303,346 328,345 353,345 378,345 403,345 428,345 453,345 478,345 503,345 528,345 553,346 578,346 603,347 628,347"/>
                <TextEquiv>
                    <Unicode>Tambien a los tejedores</Unicode>
                </TextEquiv>
            </TextLine>
            <TextLine id="r_1_1l4" custom="readingOrder {index:3;}">
                <Coords points="156,404 186,405 216,405 246,406 276,406 306,406 336,406 366,405 396,405 426,405 457,404 487,404 517,404 547,404 577,404 607,404 637,405 667,405 697,406 727,408 758,409 758,376 727,375 697,373 667,372 637,372 607,371 577,371 547,371 517,371 487,371 457,371 426,372 396,372 366,372 336,373 306,373 276,373 246,373 216,372 186,372 156,371"/>
                <Baseline points="156,393 186,394 216,394 246,395 276,395 306,395 336,395 366,394 396,394 426,394 457,393 487,393 517,393 547,393 577,393 607,393 637,394 667,394 697,395 727,397 758,398"/>
                <TextEquiv>
                    <Unicode>con trama y urdiembre premio,</Unicode>
                </TextEquiv>
            </TextLine>
            <TextLine id="r_1_1l5" custom="readingOrder {index:4;}">
                <Coords points="159,454 189,454 219,454 249,454 279,454 310,454 340,454 370,454 400,454 430,454 461,454 491,454 521,454 551,454 581,454 612,455 642,455 672,455 702,456 732,457 763,458 763,424 732,423 702,422 672,421 642,421 612,421 581,420 551,420 521,420 491,420 461,420 430,420 400,420 370,420 340,420 310,420 279,420 249,420 219,420 189,420 159,420"/>
                <Baseline points="159,443 189,443 219,443 249,443 279,443 310,443 340,443 370,443 400,443 430,443 461,443 491,443 521,443 551,443 581,443 612,444 642,444 672,444 702,445 732,446 763,447"/>
                <TextEquiv>
                    <Unicode>que yo, mas que de tramarlas,</Unicode>
                </TextEquiv>
            </TextLine>
            <TextLine id="r_1_1l6" custom="readingOrder {index:5;}">
                <Coords points="148,499 174,500 201,502 227,503 254,504 281,504 307,504 334,503 360,503 387,502 414,502 440,501 467,501 493,501 520,501 547,502 573,504 600,505 626,508 653,511 680,515 680,481 653,477 626,474 600,471 573,470 547,468 520,467 493,467 467,467 440,467 414,468 387,468 360,469 334,469 307,470 281,470 254,470 227,469 201,468 174,466 148,465"/>
                <Baseline points="148,488 174,489 201,491 227,492 254,493 281,493 307,493 334,492 360,492 387,491 414,491 440,490 467,490 493,490 520,490 547,491 573,493 600,494 626,497 653,500 680,504"/>
                <TextEquiv>
                    <Unicode>supe derramar enredos..</Unicode>
                </TextEquiv>
            </TextLine>
            <TextLine id="r_1_1l7" custom="readingOrder {index:6;}">
                <Coords points="146,549 172,549 198,549 224,550 250,550 277,550 303,550 329,551 355,551 382,551 408,551 434,551 460,551 486,551 513,551 539,550 565,550 591,550 618,549 618,518 591,519 565,519 539,519 513,520 486,520 460,520 434,520 408,520 382,520 355,520 329,520 303,519 277,519 250,519 224,519 198,518 172,518 146,518"/>
                <Baseline points="146,539 172,539 198,539 224,540 250,540 277,540 303,540 329,541 355,541 382,541 408,541 434,541 460,541 486,541 513,541 539,540 565,540 591,540 618,539"/>
                <TextEquiv>
                    <Unicode>La horma de mi zapato</Unicode>
                </TextEquiv>
            </TextLine>
            <TextLine id="r_1_1l8" custom="readingOrder {index:7;}">
                <Coords points="144,598 172,599 200,599 228,600 256,600 284,600 312,600 340,600 368,600 396,600 424,600 452,600 480,600 508,600 536,600 564,600 592,600 620,601 648,601 676,602 705,603 705,569 676,568 648,567 620,567 592,566 564,566 536,566 508,566 480,566 452,566 424,566 396,566 368,566 340,566 312,566 284,566 256,566 228,566 200,565 172,565 144,564"/>
                <Baseline points="144,587 172,588 200,588 228,589 256,589 284,589 312,589 340,589 368,589 396,589 424,589 452,589 480,589 508,589 536,589 564,589 592,589 620,590 648,590 676,591 705,592"/>
                <TextEquiv>
                    <Unicode>se entregue á los zapateros,</Unicode>
                </TextEquiv>
            </TextLine>
            <TextLine id="r_1_1l9" custom="readingOrder {index:8;}">
                <Coords points="153,647 184,647 216,648 247,648 279,648 310,649 342,649 373,649 405,649 436,649 468,649 500,649 531,649 563,649 594,650 626,650 657,650 689,650 720,651 752,651 784,652 784,618 752,617 720,617 689,616 657,616 626,616 594,616 563,615 531,615 500,615 468,615 436,615 405,615 373,615 342,615 310,615 279,614 247,614 216,614 184,613 153,613"/>
                <Baseline points="153,636 184,636 216,637 247,637 279,637 310,638 342,638 373,638 405,638 436,638 468,638 500,638 531,638 563,638 594,639 626,639 657,639 689,639 720,640 752,640 784,641"/>
                <TextEquiv>
                    <Unicode>que aunque tiene veinte puntos,</Unicode>
                </TextEquiv>
            </TextLine>
            <TextLine id="r_1_1l10" custom="readingOrder {index:9;}">
                <Coords points="149,695 174,695 200,696 225,697 251,697 276,697 302,697 327,697 353,697 378,697 404,697 429,697 455,697 480,697 506,697 531,698 557,698 582,699 608,700 608,666 582,665 557,664 531,664 506,663 480,663 455,663 429,663 404,663 378,663 353,663 327,663 302,663 276,663 251,663 225,663 200,662 174,661 149,661"/>
                <Baseline points="149,684 174,684 200,685 225,686 251,686 276,686 302,686 327,686 353,686 378,686 404,686 429,686 455,686 480,686 506,686 531,687 557,687 582,688 608,689"/>
                <TextEquiv>
                    <Unicode>es el punto para ellos.</Unicode>
                </TextEquiv>
            </TextLine>
            <TextLine id="r_1_1l11" custom="readingOrder {index:10;}">
                <Coords points="156,744 182,744 208,745 234,745 260,745 287,746 313,746 339,746 365,746 392,746 418,745 444,745 470,745 496,745 523,745 549,745 575,745 601,746 628,746 628,712 601,712 575,711 549,711 523,711 496,711 470,711 444,711 418,711 392,712 365,712 339,712 313,712 287,712 260,711 234,711 208,711 182,710 156,710"/>
                <Baseline points="156,733 182,733 208,734 234,734 260,734 287,735 313,735 339,735 365,735 392,735 418,734 444,734 470,734 496,734 523,734 549,734 575,734 601,735 628,735"/>
                <TextEquiv>
                    <Unicode>Cuatro cordeles breados</Unicode>
                </TextEquiv>
            </TextLine>
            <TextLine id="r_1_1l12" custom="readingOrder {index:11;}">
                <Coords points="156,792 183,793 211,793 239,794 267,794 295,794 323,794 351,794 379,794 407,793 435,793 462,793 490,793 518,793 546,793 574,794 602,794 630,795 658,796 686,797 714,799 714,765 686,763 658,762 630,761 602,760 574,760 546,759 518,759 490,759 462,759 435,759 407,759 379,760 351,760 323,760 295,760 267,760 239,760 211,759 183,759 156,758"/>
                <Baseline points="156,781 183,782 211,782 239,783 267,783 295,783 323,783 351,783 379,783 407,782 435,782 462,782 490,782 518,782 546,782 574,783 602,783 630,784 658,785 686,786 714,788"/>
                <TextEquiv>
                    <Unicode>mando luego á los logreros,</Unicode>
                </TextEquiv>
            </TextLine>
            <TextLine id="r_1_1l13" custom="readingOrder {index:12;}">
                <Coords points="147,841 173,841 200,842 227,842 254,842 281,842 308,843 334,843 361,843 388,843 415,843 442,843 469,843 496,844 522,844 549,844 576,844 603,845 630,845 657,846 684,846 684,812 657,812 630,811 603,811 576,810 549,810 522,810 496,810 469,809 442,809 415,809 388,809 361,809 334,809 308,809 281,808 254,808 227,808 200,808 173,807 147,807"/>
                <Baseline points="147,830 173,830 200,831 227,831 254,831 281,831 308,832 334,832 361,832 388,832 415,832 442,832 469,832 496,833 522,833 549,833 576,833 603,834 630,834 657,835 684,835"/>
                <TextEquiv>
                    <Unicode>que valiendo pocó el trigo,</Unicode>
                </TextEquiv>
            </TextLine>
            <TextLine id="r_1_1l14" custom="readingOrder {index:13;}">
                <Coords points="156,890 182,891 208,891 234,891 260,892 286,892 312,892 338,892 364,892 390,892 416,892 442,892 468,892 494,892 520,892 546,892 572,892 598,892 624,893 650,893 676,893 676,859 650,859 624,859 598,858 572,858 546,858 520,858 494,858 468,858 442,858 416,858 390,858 364,858 338,858 312,858 286,858 260,858 234,857 208,857 182,857 156,856"/>
                <Baseline points="156,879 182,880 208,880 234,880 260,881 286,881 312,881 338,881 364,881 390,881 416,881 442,881 468,881 494,881 520,881 546,881 572,881 598,881 624,882 650,882 676,882"/>
                <TextEquiv>
                    <Unicode>mueran sin decir el credo.</Unicode>
                </TextEquiv>
            </TextLine>
            <TextLine id="r_1_1l15" custom="readingOrder {index:14;}">
                <Coords points="143,940 169,940 195,940 221,939 248,939 274,939 300,939 326,939 353,939 379,939 405,939 431,939 458,939 484,939 510,940 536,940 563,940 589,941 615,941 641,942 668,942 668,908 641,908 615,907 589,907 563,906 536,906 510,906 484,905 458,905 431,905 405,905 379,905 353,905 326,905 300,905 274,905 248,905 221,905 195,906 169,906 143,906"/>
                <Baseline points="143,929 169,929 195,929 221,928 248,928 274,928 300,928 326,928 353,928 379,928 405,928 431,928 458,928 484,928 510,929 536,929 563,929 589,930 615,930 641,931 668,931"/>
                <TextEquiv>
                    <Unicode>Los mercaderes estudien,</Unicode>
                </TextEquiv>
            </TextLine>
            <TextLine id="r_1_1l16" custom="readingOrder {index:15;}">
                <Coords points="151,990 180,990 209,990 238,990 267,989 296,989 325,989 354,988 383,988 412,988 442,988 471,988 500,988 529,988 558,988 587,989 616,989 645,990 674,991 703,991 733,993 733,960 703,958 674,958 645,957 616,956 587,956 558,955 529,955 500,955 471,955 442,955 412,955 383,955 354,955 325,956 296,956 267,956 238,957 209,957 180,957 151,957"/>
                <Baseline points="151,979 180,979 209,979 238,979 267,978 296,978 325,978 354,977 383,977 412,977 442,977 471,977 500,977 529,977 558,977 587,978 616,978 645,979 674,980 703,980 733,982"/>
                <TextEquiv>
                    <Unicode>y aprendan con mis consejos,</Unicode>
                </TextEquiv>
            </TextLine>
            <TextLine id="r_1_1l17" custom="readingOrder {index:16;}">
                <Coords points="159,1037 187,1037 216,1037 245,1037 274,1037 303,1037 332,1037 360,1037 389,1037 418,1037 447,1037 476,1037 505,1037 534,1037 562,1037 591,1037 620,1037 649,1037 678,1038 707,1038 736,1038 736,1005 707,1005 678,1005 649,1004 620,1004 591,1004 562,1004 534,1004 505,1004 476,1004 447,1004 418,1004 389,1004 360,1004 332,1004 303,1004 274,1004 245,1004 216,1004 187,1004 159,1004"/>
                <Baseline points="159,1026 187,1026 216,1026 245,1026 274,1026 303,1026 332,1026 360,1026 389,1026 418,1026 447,1026 476,1026 505,1026 534,1026 562,1026 591,1026 620,1026 649,1026 678,1027 707,1027 736,1027"/>
                <TextEquiv>
                    <Unicode>que estrechando las medidos,</Unicode>
                </TextEquiv>
            </TextLine>
            <TextLine id="r_1_1l18" custom="readingOrder {index:17;}">
                <Coords points="156,1084 186,1085 216,1085 246,1085 276,1085 306,1085 336,1085 367,1085 397,1085 427,1085 457,1086 487,1086 517,1086 547,1086 578,1086 608,1087 638,1087 668,1087 698,1088 728,1088 759,1089 759,1055 728,1054 698,1054 668,1053 638,1053 608,1053 578,1052 547,1052 517,1052 487,1052 457,1052 427,1051 397,1051 367,1051 336,1051 306,1051 276,1051 246,1051 216,1051 186,1051 156,1050"/>
                <Baseline points="156,1073 186,1074 216,1074 246,1074 276,1074 306,1074 336,1074 367,1074 397,1074 427,1074 457,1075 487,1075 517,1075 547,1075 578,1075 608,1076 638,1076 668,1076 698,1077 728,1077 759,1078"/>
                <TextEquiv>
                    <Unicode>les vendrá el abismo estrecho.</Unicode>
                </TextEquiv>
            </TextLine>
            <TextLine id="r_1_1l19" custom="readingOrder {index:18;}">
                <Coords points="146,1133 172,1134 199,1134 225,1134 252,1135 279,1135 305,1135 332,1135 358,1135 385,1135 412,1135 438,1135 465,1135 491,1135 518,1135 545,1135 571,1135 598,1135 624,1135 651,1136 678,1136 678,1102 651,1102 624,1101 598,1101 571,1101 545,1101 518,1101 491,1101 465,1101 438,1101 412,1101 385,1101 358,1101 332,1101 305,1101 279,1101 252,1101 225,1100 199,1100 172,1100 146,1099"/>
                <Baseline points="146,1122 172,1123 199,1123 225,1123 252,1124 279,1124 305,1124 332,1124 358,1124 385,1124 412,1124 438,1124 465,1124 491,1124 518,1124 545,1124 571,1124 598,1124 624,1124 651,1125 678,1125"/>
                <TextEquiv>
                    <Unicode>Fundense cien Paralvillos</Unicode>
                </TextEquiv>
            </TextLine>
            <TextLine id="r_1_1l20" custom="readingOrder {index:19;}">
                <Coords points="160,1183 185,1183 210,1183 235,1183 260,1183 286,1183 311,1183 336,1183 361,1183 386,1183 412,1183 437,1183 462,1183 487,1183 512,1183 538,1183 563,1184 588,1184 613,1184 638,1185 664,1185 664,1151 638,1151 613,1150 588,1150 563,1150 538,1149 512,1149 487,1149 462,1149 437,1149 412,1149 386,1149 361,1149 336,1149 311,1149 286,1149 260,1149 235,1149 210,1149 185,1149 160,1149"/>
                <Baseline points="160,1172 185,1172 210,1172 235,1172 260,1172 286,1172 311,1172 336,1172 361,1172 386,1172 412,1172 437,1172 462,1172 487,1172 512,1172 538,1172 563,1173 588,1173 613,1173 638,1174 664,1174"/>
                <TextEquiv>
                    <Unicode>en Judéa y demas reinos,</Unicode>
                </TextEquiv>
            </TextLine>
            <TextLine id="r_1_1l21" custom="readingOrder {index:20;}">
                <Coords points="157,1232 188,1232 220,1232 252,1232 283,1232 315,1232 347,1233 378,1233 410,1233 442,1233 474,1233 505,1232 537,1232 569,1232 600,1232 632,1232 664,1232 695,1233 727,1233 759,1233 791,1233 791,1199 759,1199 727,1199 695,1199 664,1198 632,1198 600,1198 569,1198 537,1198 505,1198 474,1199 442,1199 410,1199 378,1199 347,1199 315,1198 283,1198 252,1198 220,1198 188,1198 157,1198"/>
                <Baseline points="157,1221 188,1221 220,1221 252,1221 283,1221 315,1221 347,1222 378,1222 410,1222 442,1222 474,1222 505,1221 537,1221 569,1221 600,1221 632,1221 664,1221 695,1222 727,1222 759,1222 791,1222"/>
                <TextEquiv>
                    <Unicode>que del cuerpo del mi hacienda</Unicode>
                </TextEquiv>
            </TextLine>
            <TextLine id="r_1_1l22" custom="readingOrder {index:21;}">
                <Coords points="156,1278 181,1278 206,1278 232,1279 257,1279 282,1279 308,1279 333,1280 358,1280 384,1280 409,1280 434,1280 460,1280 485,1280 510,1280 536,1281 561,1281 586,1281 612,1281 637,1282 663,1283 663,1249 637,1248 612,1247 586,1247 561,1247 536,1247 510,1246 485,1246 460,1246 434,1246 409,1246 384,1246 358,1246 333,1246 308,1245 282,1245 257,1245 232,1245 206,1244 181,1244 156,1244"/>
                <Baseline points="156,1267 181,1267 206,1267 232,1268 257,1268 282,1268 308,1268 333,1269 358,1269 384,1269 409,1269 434,1269 460,1269 485,1269 510,1269 536,1270 561,1270 586,1270 612,1270 637,1271 663,1272"/>
                <TextEquiv>
                    <Unicode>saldrán infinitos cuerpos.</Unicode>
                </TextEquiv>
            </TextLine>
            <TextLine id="r_1_1l23" custom="readingOrder {index:22;}">
                <Coords points="156,1326 182,1327 208,1328 234,1328 260,1329 287,1329 313,1329 339,1329 365,1328 392,1328 418,1328 444,1328 470,1328 497,1327 523,1328 549,1328 575,1328 602,1329 602,1295 575,1294 549,1294 523,1294 497,1293 470,1294 444,1294 418,1294 392,1294 365,1294 339,1295 313,1295 287,1295 260,1295 234,1294 208,1294 182,1293 156,1292"/>
                <Baseline points="156,1315 182,1316 208,1317 234,1317 260,1318 287,1318 313,1318 339,1318 365,1317 392,1317 418,1317 444,1317 470,1317 497,1316 523,1317 549,1317 575,1317 602,1318"/>
                <TextEquiv>
                    <Unicode>Producirá tanto Judas</Unicode>
                </TextEquiv>
            </TextLine>
            <TextLine id="r_1_1l24" custom="readingOrder {index:23;}">
                <Coords points="159,1376 184,1376 209,1377 235,1377 260,1377 285,1377 311,1377 336,1377 362,1377 387,1377 412,1377 438,1377 463,1377 489,1377 514,1377 539,1377 565,1377 590,1377 616,1377 616,1343 590,1343 565,1343 539,1343 514,1343 489,1343 463,1343 438,1343 412,1343 387,1343 362,1343 336,1343 311,1343 285,1343 260,1343 235,1343 209,1343 184,1342 159,1342"/>
                <Baseline points="159,1365 184,1365 209,1366 235,1366 260,1366 285,1366 311,1366 336,1366 362,1366 387,1366 412,1366 438,1366 463,1366 489,1366 514,1366 539,1366 565,1366 590,1366 616,1366"/>
                <TextEquiv>
                    <Unicode>este Sahuco perverso,</Unicode>
                </TextEquiv>
            </TextLine>
            <TextLine id="r_1_1l25" custom="readingOrder {index:24;}">
                <Coords points="160,1424 188,1425 216,1425 245,1425 273,1425 301,1426 330,1426 358,1426 386,1426 415,1426 443,1426 472,1426 500,1426 528,1426 557,1426 585,1426 613,1426 642,1426 670,1426 699,1427 699,1393 670,1392 642,1392 613,1392 585,1392 557,1392 528,1392 500,1392 472,1392 443,1392 415,1392 386,1392 358,1392 330,1392 301,1392 273,1391 245,1391 216,1391 188,1391 160,1390"/>
                <Baseline points="160,1413 188,1414 216,1414 245,1414 273,1414 301,1415 330,1415 358,1415 386,1415 415,1415 443,1415 472,1415 500,1415 528,1415 557,1415 585,1415 613,1415 642,1415 670,1415 699,1416"/>
                <TextEquiv>
                    <Unicode>que no bastaran mil horcas</Unicode>
                </TextEquiv>
            </TextLine>
            <TextLine id="r_1_1l26" custom="readingOrder {index:25;}">
                <Coords points="159,1472 186,1472 213,1473 240,1473 267,1473 294,1474 321,1474 349,1474 376,1474 403,1474 430,1475 457,1475 484,1475 511,1475 539,1475 566,1475 593,1474 620,1474 647,1474 674,1474 702,1474 702,1440 674,1440 647,1440 620,1440 593,1440 566,1441 539,1441 511,1441 484,1441 457,1441 430,1441 403,1440 376,1440 349,1440 321,1440 294,1440 267,1439 240,1439 213,1439 186,1438 159,1438"/>
                <Baseline points="159,1461 186,1461 213,1462 240,1462 267,1462 294,1463 321,1463 349,1463 376,1463 403,1463 430,1464 457,1464 484,1464 511,1464 539,1464 566,1464 593,1463 620,1463 647,1463 674,1463 702,1463"/>
                <TextEquiv>
                    <Unicode>para estirar sus pescuezos.</Unicode>
                </TextEquiv>
            </TextLine>
            <TextLine id="r_1_1l27" custom="readingOrder {index:26;}">
                <Coords points="156,1522 185,1522 215,1522 244,1522 274,1522 304,1522 333,1522 363,1522 392,1523 422,1523 452,1523 481,1523 511,1523 540,1523 570,1523 600,1523 629,1523 659,1523 688,1523 718,1523 748,1523 748,1489 718,1489 688,1489 659,1489 629,1489 600,1489 570,1489 540,1489 511,1489 481,1489 452,1489 422,1489 392,1489 363,1488 333,1488 304,1488 274,1488 244,1488 215,1488 185,1488 156,1488"/>
                <Baseline points="156,1511 185,1511 215,1511 244,1511 274,1511 304,1511 333,1511 363,1511 392,1512 422,1512 452,1512 481,1512 511,1512 540,1512 570,1512 600,1512 629,1512 659,1512 688,1512 718,1512 748,1512"/>
                <TextEquiv>
                    <Unicode>Esta hacienda dejo al mundo,</Unicode>
                </TextEquiv>
            </TextLine>
            <TextLine id="r_1_1l28" custom="readingOrder {index:27;}">
                <Coords points="160,1570 191,1570 223,1570 255,1571 286,1571 318,1571 350,1571 381,1571 413,1571 445,1571 477,1571 508,1571 540,1571 572,1571 603,1571 635,1571 667,1571 698,1572 730,1572 762,1573 794,1574 794,1540 762,1539 730,1538 698,1538 667,1537 635,1537 603,1537 572,1537 540,1537 508,1537 477,1537 445,1537 413,1537 381,1537 350,1537 318,1537 286,1537 255,1537 223,1536 191,1536 160,1536"/>
                <Baseline points="160,1559 191,1559 223,1559 255,1560 286,1560 318,1560 350,1560 381,1560 413,1560 445,1560 477,1560 508,1560 540,1560 572,1560 603,1560 635,1560 667,1560 698,1561 730,1561 762,1562 794,1563"/>
                <TextEquiv>
                    <Unicode>que despues que yo sea muerto,</Unicode>
                </TextEquiv>
            </TextLine>
            <TextLine id="r_1_1l29" custom="readingOrder {index:28;}">
                <Coords points="150,1618 175,1618 201,1619 226,1619 252,1620 277,1620 303,1620 328,1620 354,1619 379,1619 405,1619 430,1619 456,1619 481,1619 507,1619 532,1619 558,1619 583,1619 609,1620 634,1620 660,1622 660,1588 634,1586 609,1586 583,1585 558,1585 532,1585 507,1585 481,1585 456,1585 430,1585 405,1585 379,1585 354,1585 328,1586 303,1586 277,1586 252,1586 226,1585 201,1585 175,1584 150,1584"/>
                <Baseline points="150,1607 175,1607 201,1608 226,1608 252,1609 277,1609 303,1609 328,1609 354,1608 379,1608 405,1608 430,1608 456,1608 481,1608 507,1608 532,1608 558,1608 583,1608 609,1609 634,1609 660,1611"/>
                <TextEquiv>
                    <Unicode>cada piedra sea un Judas,</Unicode>
                </TextEquiv>
            </TextLine>
            <TextLine id="r_1_1l30" custom="readingOrder {index:29;}">
                <Coords points="160,1667 186,1667 212,1668 238,1668 264,1668 291,1668 317,1668 343,1668 369,1667 396,1667 422,1667 448,1667 474,1667 500,1667 527,1667 553,1667 579,1668 605,1669 632,1670 632,1636 605,1635 579,1634 553,1633 527,1633 500,1633 474,1633 448,1633 422,1633 396,1633 369,1633 343,1634 317,1634 291,1634 264,1634 238,1634 212,1634 186,1633 160,1633"/>
                <Baseline points="160,1656 186,1656 212,1657 238,1657 264,1657 291,1657 317,1657 343,1657 369,1656 396,1656 422,1656 448,1656 474,1656 500,1656 527,1656 553,1656 579,1657 605,1658 632,1659"/>
                <TextEquiv>
                    <Unicode>cada pared sea un peso,</Unicode>
                </TextEquiv>
            </TextLine>
            <TextLine id="r_1_1l31" custom="readingOrder {index:30;}">
                <Coords points="154,1714 184,1715 215,1716 246,1716 277,1717 308,1717 339,1717 370,1717 401,1716 432,1716 463,1716 493,1716 524,1715 555,1715 586,1715 617,1715 648,1716 679,1716 710,1717 741,1719 772,1720 772,1686 741,1685 710,1683 679,1682 648,1682 617,1681 586,1681 555,1681 524,1681 493,1682 463,1682 432,1682 401,1682 370,1683 339,1683 308,1683 277,1683 246,1682 215,1682 184,1681 154,1680"/>
                <Baseline points="154,1703 184,1704 215,1705 246,1705 277,1706 308,1706 339,1706 370,1706 401,1705 432,1705 463,1705 493,1705 524,1704 555,1704 586,1704 617,1704 648,1705 679,1705 710,1706 741,1708 772,1709"/>
                <TextEquiv>
                    <Unicode>cada amistad treinta embustes,</Unicode>
                </TextEquiv>
            </TextLine>
            <TextLine id="r_1_1l32" custom="readingOrder {index:31;}">
                <Coords points="147,1763 174,1764 201,1764 229,1764 256,1764 284,1764 311,1764 338,1764 366,1765 393,1765 421,1765 448,1765 475,1765 503,1765 530,1765 558,1765 585,1765 612,1765 640,1765 667,1765 695,1765 695,1731 667,1731 640,1731 612,1731 585,1731 558,1731 530,1731 503,1731 475,1731 448,1731 421,1731 393,1731 366,1731 338,1730 311,1730 284,1730 256,1730 229,1730 201,1730 174,1730 147,1729"/>
                <Baseline points="147,1752 174,1753 201,1753 229,1753 256,1753 284,1753 311,1753 338,1753 366,1754 393,1754 421,1754 448,1754 475,1754 503,1754 530,1754 558,1754 585,1754 612,1754 640,1754 667,1754 695,1754"/>
                <TextEquiv>
                    <Unicode>como en mí treinta dineros.</Unicode>
                </TextEquiv>
            </TextLine>
            <TextLine id="r_1_1l33" custom="readingOrder {index:32;}">
                <Coords points="144,1813 170,1813 196,1813 222,1813 248,1813 274,1813 300,1813 326,1812 352,1812 378,1812 404,1812 430,1812 456,1812 482,1813 508,1813 534,1813 560,1814 560,1780 534,1779 508,1779 482,1779 456,1778 430,1778 404,1778 378,1778 352,1778 326,1778 300,1779 274,1779 248,1779 222,1779 196,1779 170,1779 144,1779"/>
                <Baseline points="144,1802 170,1802 196,1802 222,1802 248,1802 274,1802 300,1802 326,1801 352,1801 378,1801 404,1801 430,1801 456,1801 482,1802 508,1802 534,1802 560,1803"/>
                <TextEquiv>
                    <Unicode>A mí maestro vendí,</Unicode>
                </TextEquiv>
            </TextLine>
            <TextLine id="r_1_1l34" custom="readingOrder {index:33;}">
                <Coords points="155,1861 183,1861 212,1861 240,1861 269,1861 297,1861 326,1861 354,1861 383,1861 411,1861 440,1861 469,1861 497,1861 526,1861 554,1862 583,1862 611,1863 640,1863 668,1864 697,1865 726,1866 726,1832 697,1831 668,1830 640,1829 611,1829 583,1828 554,1828 526,1827 497,1827 469,1827 440,1827 411,1827 383,1827 354,1827 326,1827 297,1827 269,1827 240,1827 212,1827 183,1827 155,1827"/>
                <Baseline points="155,1850 183,1850 212,1850 240,1850 269,1850 297,1850 326,1850 354,1850 383,1850 411,1850 440,1850 469,1850 497,1850 526,1850 554,1851 583,1851 611,1852 640,1852 668,1853 697,1854 726,1855"/>
                <TextEquiv>
                    <Unicode>gran maldad! yo lo confieso,</Unicode>
                </TextEquiv>
            </TextLine>
            <TextLine id="r_1_1l35" custom="readingOrder {index:34;}">
                <Coords points="150,1908 175,1909 200,1909 226,1909 251,1909 276,1909 302,1909 327,1909 352,1908 378,1908 403,1908 428,1908 454,1908 479,1908 504,1909 530,1909 555,1910 580,1910 606,1911 606,1877 580,1876 555,1876 530,1875 504,1875 479,1874 454,1874 428,1874 403,1874 378,1874 352,1874 327,1875 302,1875 276,1875 251,1875 226,1875 200,1875 175,1875 150,1874"/>
                <Baseline points="150,1897 175,1898 200,1898 226,1898 251,1898 276,1898 302,1898 327,1898 352,1897 378,1897 403,1897 428,1897 454,1897 479,1897 504,1898 530,1898 555,1899 580,1899 606,1900"/>
                <TextEquiv>
                    <Unicode>como vi la paga al ojo,</Unicode>
                </TextEquiv>
            </TextLine>
            <TextLine id="r_1_1l36" custom="readingOrder {index:35;}">
                <Coords points="147,1956 175,1956 204,1956 233,1957 262,1957 291,1957 320,1957 349,1957 378,1957 407,1957 436,1957 464,1957 493,1957 522,1958 551,1958 580,1958 609,1959 638,1959 667,1960 696,1960 725,1961 725,1927 696,1926 667,1926 638,1925 609,1925 580,1924 551,1924 522,1924 493,1923 464,1923 436,1923 407,1923 378,1923 349,1923 320,1923 291,1923 262,1923 233,1923 204,1922 175,1922 147,1922"/>
                <Baseline points="147,1945 175,1945 204,1945 233,1946 262,1946 291,1946 320,1946 349,1946 378,1946 407,1946 436,1946 464,1946 493,1946 522,1947 551,1947 580,1947 609,1948 638,1948 667,1949 696,1949 725,1950"/>
                <TextEquiv>
                    <Unicode>no reparé en cumplimientos.</Unicode>
                </TextEquiv>
            </TextLine>
            <TextLine id="r_1_1l37" custom="readingOrder {index:36;}">
                <Coords points="156,2005 181,2005 206,2005 232,2005 257,2005 282,2005 308,2005 333,2006 358,2006 384,2006 409,2006 434,2006 460,2006 485,2006 510,2006 536,2006 561,2006 586,2006 612,2006 612,1972 586,1972 561,1972 536,1972 510,1972 485,1972 460,1972 434,1972 409,1972 384,1972 358,1972 333,1972 308,1971 282,1971 257,1971 232,1971 206,1971 181,1971 156,1971"/>
                <Baseline points="156,1994 181,1994 206,1994 232,1994 257,1994 282,1994 308,1994 333,1995 358,1995 384,1995 409,1995 434,1995 460,1995 485,1995 510,1995 536,1995 561,1995 586,1995 612,1995"/>
                <TextEquiv>
                    <Unicode>Pero luego enfurecido</Unicode>
                </TextEquiv>
            </TextLine>
            <TextLine id="r_1_1l38" custom="readingOrder {index:37;}">
                <Coords points="151,2053 177,2053 203,2053 229,2053 255,2053 281,2053 307,2054 333,2054 359,2054 385,2054 412,2055 438,2055 464,2055 490,2055 516,2056 542,2056 568,2056 594,2056 620,2056 646,2057 673,2057 673,2023 646,2023 620,2022 594,2022 568,2022 542,2022 516,2022 490,2021 464,2021 438,2021 412,2021 385,2020 359,2020 333,2020 307,2020 281,2019 255,2019 229,2019 203,2019 177,2019 151,2019"/>
                <Baseline points="151,2042 177,2042 203,2042 229,2042 255,2042 281,2042 307,2043 333,2043 359,2043 385,2043 412,2044 438,2044 464,2044 490,2044 516,2045 542,2045 568,2045 594,2045 620,2045 646,2046 673,2046"/>
                <TextEquiv>
                    <Unicode>arrojé el dincro al templo,</Unicode>
                </TextEquiv>
            </TextLine>
            <TextLine id="r_1_1l39" custom="readingOrder {index:38;}">
                <Coords points="161,2103 189,2103 217,2103 245,2103 273,2104 301,2104 329,2104 357,2104 385,2104 413,2104 441,2104 469,2104 497,2104 525,2104 553,2104 581,2104 609,2104 637,2104 665,2105 693,2105 722,2105 722,2071 693,2071 665,2071 637,2070 609,2070 581,2070 553,2070 525,2070 497,2070 469,2070 441,2070 413,2070 385,2070 357,2070 329,2070 301,2070 273,2070 245,2069 217,2069 189,2069 161,2069"/>
                <Baseline points="161,2092 189,2092 217,2092 245,2092 273,2093 301,2093 329,2093 357,2093 385,2093 413,2093 441,2093 469,2093 497,2093 525,2093 553,2093 581,2093 609,2093 637,2093 665,2094 693,2094 722,2094"/>
                <TextEquiv>
                    <Unicode>por que para tan gran culpa</Unicode>
                </TextEquiv>
            </TextLine>
            <TextLine id="r_1_1l40" custom="readingOrder {index:39;}">
                <Coords points="149,2149 179,2149 209,2150 239,2150 269,2150 299,2151 329,2151 360,2151 390,2152 420,2152 450,2153 480,2153 510,2153 540,2154 571,2154 601,2154 631,2154 661,2154 691,2154 721,2154 752,2154 752,2120 721,2120 691,2120 661,2120 631,2120 601,2120 571,2120 540,2120 510,2119 480,2119 450,2119 420,2118 390,2118 360,2117 329,2117 299,2117 269,2116 239,2116 209,2116 179,2115 149,2115"/>
                <Baseline points="149,2138 179,2138 209,2139 239,2139 269,2139 299,2140 329,2140 360,2140 390,2141 420,2141 450,2142 480,2142 510,2142 540,2143 571,2143 601,2143 631,2143 661,2143 691,2143 721,2143 752,2143"/>
                <TextEquiv>
                    <Unicode>fué muy pequeño el cohecho.</Unicode>
                </TextEquiv>
            </TextLine>
            <TextLine id="r_1_1l41" custom="readingOrder {index:40;}">
                <Coords points="162,2196 188,2197 214,2198 241,2199 267,2200 293,2200 320,2201 346,2201 372,2201 399,2201 425,2202 451,2202 478,2202 504,2202 530,2202 557,2203 583,2203 610,2204 610,2170 583,2169 557,2169 530,2168 504,2168 478,2168 451,2168 425,2168 399,2167 372,2167 346,2167 320,2167 293,2166 267,2166 241,2165 214,2164 188,2163 162,2162"/>
                <Baseline points="162,2185 188,2186 214,2187 241,2188 267,2189 293,2189 320,2190 346,2190 372,2190 399,2190 425,2191 451,2191 478,2191 504,2191 530,2191 557,2192 583,2192 610,2193"/>
                <TextEquiv>
                    <Unicode>Nótanme de codicioso,</Unicode>
                </TextEquiv>
            </TextLine>
            <TextLine id="r_1_1l42" custom="readingOrder {index:41;}">
                <Coords points="155,2249 181,2249 207,2250 234,2250 260,2251 287,2251 313,2251 339,2251 366,2251 392,2251 419,2251 445,2251 471,2251 498,2251 524,2252 551,2252 577,2252 604,2252 604,2218 577,2218 551,2218 524,2218 498,2217 471,2217 445,2217 419,2217 392,2217 366,2217 339,2217 313,2217 287,2217 260,2217 234,2216 207,2216 181,2215 155,2215"/>
                <Baseline points="155,2238 181,2238 207,2239 234,2239 260,2240 287,2240 313,2240 339,2240 366,2240 392,2240 419,2240 445,2240 471,2240 498,2240 524,2241 551,2241 577,2241 604,2241"/>
                <TextEquiv>
                    <Unicode>y tienen razon en eso,</Unicode>
                </TextEquiv>
            </TextLine>
            <TextEquiv>
                <Unicode>quiero la hereden los sastres,
porque sus desastres quiero.
Tambien a los tejedores
con trama y urdiembre premio,
que yo, mas que de tramarlas,
supe derramar enredos..
La horma de mi zapato
se entregue á los zapateros,
que aunque tiene veinte puntos,
es el punto para ellos.
Cuatro cordeles breados
mando luego á los logreros,
que valiendo pocó el trigo,
mueran sin decir el credo.
Los mercaderes estudien,
y aprendan con mis consejos,
que estrechando las medidos,
les vendrá el abismo estrecho.
Fundense cien Paralvillos
en Judéa y demas reinos,
que del cuerpo del mi hacienda
saldrán infinitos cuerpos.
Producirá tanto Judas
este Sahuco perverso,
que no bastaran mil horcas
para estirar sus pescuezos.
Esta hacienda dejo al mundo,
que despues que yo sea muerto,
cada piedra sea un Judas,
cada pared sea un peso,
cada amistad treinta embustes,
como en mí treinta dineros.
A mí maestro vendí,
gran maldad! yo lo confieso,
como vi la paga al ojo,
no reparé en cumplimientos.
Pero luego enfurecido
arrojé el dincro al templo,
por que para tan gran culpa
fué muy pequeño el cohecho.
Nótanme de codicioso,
y tienen razon en eso,</Unicode>
            </TextEquiv>
        </TextRegion>
        <TextRegion orientation="0.0" type="paragraph" id="r_2_1" custom="readingOrder {index:1;}">
            <Coords points="871,208 1546,208 1546,2253 871,2253"/>
            <TextLine id="r_2_1l1" custom="readingOrder {index:0;}">
                <Coords points="887,258 912,258 938,258 964,258 990,258 1015,258 1041,258 1067,259 1093,259 1119,259 1144,259 1170,259 1196,260 1222,260 1248,260 1273,260 1299,260 1325,260 1351,260 1377,260 1377,226 1351,226 1325,226 1299,226 1273,226 1248,226 1222,226 1196,226 1170,225 1144,225 1119,225 1093,225 1067,225 1041,224 1015,224 990,224 964,224 938,224 912,224 887,224"/>
                <Baseline points="887,247 912,247 938,247 964,247 990,247 1015,247 1041,247 1067,248 1093,248 1119,248 1144,248 1170,248 1196,249 1222,249 1248,249 1273,249 1299,249 1325,249 1351,249 1377,249"/>
                <TextEquiv>
                    <Unicode>porque la codicia infame</Unicode>
                </TextEquiv>
            </TextLine>
            <TextLine id="r_2_1l2" custom="readingOrder {index:1;}">
                <Coords points="885,307 914,307 943,307 973,308 1002,308 1032,308 1061,308 1090,308 1120,308 1149,308 1179,309 1208,309 1237,309 1267,309 1296,309 1326,309 1355,310 1384,310 1414,310 1443,311 1473,311 1473,277 1443,277 1414,276 1384,276 1355,276 1326,275 1296,275 1267,275 1237,275 1208,275 1179,275 1149,274 1120,274 1090,274 1061,274 1032,274 1002,274 973,274 943,273 914,273 885,273"/>
                <Baseline points="885,296 914,296 943,296 973,297 1002,297 1032,297 1061,297 1090,297 1120,297 1149,297 1179,298 1208,298 1237,298 1267,298 1296,298 1326,298 1355,299 1384,299 1414,299 1443,300 1473,300"/>
                <TextEquiv>
                    <Unicode>me ha traido á este despecho.</Unicode>
                </TextEquiv>
            </TextLine>
            <TextLine id="r_2_1l3" custom="readingOrder {index:2;}">
                <Coords points="878,356 903,356 929,356 955,356 981,356 1006,356 1032,356 1058,356 1084,356 1109,356 1135,357 1161,357 1187,357 1212,357 1238,358 1264,358 1290,358 1315,358 1341,359 1367,359 1393,359 1393,325 1367,325 1341,325 1315,324 1290,324 1264,324 1238,324 1212,323 1187,323 1161,323 1135,323 1109,322 1084,322 1058,322 1032,322 1006,322 981,322 955,322 929,322 903,322 878,322"/>
                <Baseline points="878,345 903,345 929,345 955,345 981,345 1006,345 1032,345 1058,345 1084,345 1109,345 1135,346 1161,346 1187,346 1212,346 1238,347 1264,347 1290,347 1315,347 1341,348 1367,348 1393,348"/>
                <TextEquiv>
                    <Unicode>No seré solo en el mundo,</Unicode>
                </TextEquiv>
            </TextLine>
            <TextLine id="r_2_1l4" custom="readingOrder {index:3;}">
                <Coords points="887,405 917,405 948,406 979,406 1010,406 1040,406 1071,406 1102,406 1133,405 1163,405 1194,405 1225,405 1256,405 1286,405 1317,405 1348,406 1379,406 1409,407 1440,408 1471,410 1502,411 1502,377 1471,376 1440,374 1409,373 1379,372 1348,372 1317,371 1286,371 1256,371 1225,371 1194,371 1163,371 1133,371 1102,372 1071,372 1040,372 1010,372 979,372 948,372 917,371 887,371"/>
                <Baseline points="887,394 917,394 948,395 979,395 1010,395 1040,395 1071,395 1102,395 1133,394 1163,394 1194,394 1225,394 1256,394 1286,394 1317,394 1348,395 1379,395 1409,396 1440,397 1471,399 1502,400"/>
                <TextEquiv>
                    <Unicode>que por quien soy les prometo,</Unicode>
                </TextEquiv>
            </TextLine>
            <TextLine id="r_2_1l5" custom="readingOrder {index:4;}">
                <Coords points="887,452 915,452 943,453 971,453 999,453 1027,453 1055,453 1083,453 1111,453 1139,453 1167,453 1195,453 1223,453 1251,453 1279,453 1307,454 1335,454 1363,454 1391,455 1419,455 1448,456 1448,422 1419,421 1391,421 1363,420 1335,420 1307,420 1279,419 1251,419 1223,419 1195,419 1167,419 1139,419 1111,419 1083,419 1055,419 1027,419 999,419 971,419 943,419 915,418 887,418"/>
                <Baseline points="887,441 915,441 943,442 971,442 999,442 1027,442 1055,442 1083,442 1111,442 1139,442 1167,442 1195,442 1223,442 1251,442 1279,442 1307,443 1335,443 1363,443 1391,444 1419,444 1448,445"/>
                <TextEquiv>
                    <Unicode>que ciegos me han de seguir</Unicode>
                </TextEquiv>
            </TextLine>
            <TextLine id="r_2_1l6" custom="readingOrder {index:5;}">
                <Coords points="882,500 909,501 936,502 963,502 990,502 1017,502 1044,502 1072,502 1099,502 1126,502 1153,502 1180,501 1207,501 1234,501 1262,502 1289,502 1316,502 1343,503 1370,504 1397,505 1425,507 1425,473 1397,471 1370,470 1343,469 1316,468 1289,468 1262,468 1234,467 1207,467 1180,467 1153,468 1126,468 1099,468 1072,468 1044,468 1017,468 990,468 963,468 936,468 909,467 882,466"/>
                <Baseline points="882,489 909,490 936,491 963,491 990,491 1017,491 1044,491 1072,491 1099,491 1126,491 1153,491 1180,490 1207,490 1234,490 1262,491 1289,491 1316,491 1343,492 1370,493 1397,494 1425,496"/>
                <TextEquiv>
                    <Unicode>millares de entrega y peso.</Unicode>
                </TextEquiv>
            </TextLine>
            <TextLine id="r_2_1l7" custom="readingOrder {index:6;}">
                <Coords points="874,550 900,550 926,551 953,551 979,551 1005,551 1032,551 1058,550 1084,550 1111,550 1137,550 1163,550 1190,550 1216,550 1242,551 1269,551 1295,551 1321,552 1348,553 1348,519 1321,518 1295,517 1269,517 1242,517 1216,516 1190,516 1163,516 1137,516 1111,516 1084,516 1058,516 1032,517 1005,517 979,517 953,517 926,517 900,516 874,516"/>
                <Baseline points="874,539 900,539 926,540 953,540 979,540 1005,540 1032,540 1058,539 1084,539 1111,539 1137,539 1163,539 1190,539 1216,539 1242,540 1269,540 1295,540 1321,541 1348,542"/>
                <TextEquiv>
                    <Unicode>Asi obrarán los Judillas,</Unicode>
                </TextEquiv>
            </TextLine>
            <TextLine id="r_2_1l8" custom="readingOrder {index:7;}">
                <Coords points="880,599 913,600 946,600 979,600 1012,600 1045,600 1078,600 1111,600 1144,600 1177,600 1210,600 1243,600 1276,601 1309,601 1342,601 1375,601 1408,602 1441,602 1474,603 1507,603 1540,604 1540,570 1507,569 1474,569 1441,568 1408,568 1375,567 1342,567 1309,567 1276,567 1243,566 1210,566 1177,566 1144,566 1111,566 1078,566 1045,566 1012,566 979,566 946,566 913,566 880,565"/>
                <Baseline points="880,588 913,589 946,589 979,589 1012,589 1045,589 1078,589 1111,589 1144,589 1177,589 1210,589 1243,589 1276,590 1309,590 1342,590 1375,590 1408,591 1441,591 1474,592 1507,592 1540,593"/>
                <TextEquiv>
                    <Unicode>que han de ir mis pasos siguiendo</Unicode>
                </TextEquiv>
            </TextLine>
            <TextLine id="r_2_1l9" custom="readingOrder {index:8;}">
                <Coords points="875,650 901,649 927,649 954,648 980,648 1006,648 1033,648 1059,648 1086,648 1112,648 1138,648 1165,649 1191,649 1217,649 1244,649 1270,649 1297,648 1297,614 1270,615 1244,615 1217,615 1191,615 1165,615 1138,614 1112,614 1086,614 1059,614 1033,614 1006,614 980,614 954,614 927,615 901,615 875,616"/>
                <Baseline points="875,639 901,638 927,638 954,637 980,637 1006,637 1033,637 1059,637 1086,637 1112,637 1138,637 1165,638 1191,638 1217,638 1244,638 1270,638 1297,637"/>
                <TextEquiv>
                    <Unicode>que por el vil interés</Unicode>
                </TextEquiv>
            </TextLine>
            <TextLine id="r_2_1l10" custom="readingOrder {index:9;}">
                <Coords points="886,694 912,695 938,695 965,696 991,696 1018,696 1044,697 1070,697 1097,697 1123,697 1150,697 1176,697 1202,697 1229,697 1255,697 1282,697 1308,698 1334,698 1361,699 1387,699 1414,700 1414,666 1387,665 1361,665 1334,664 1308,664 1282,663 1255,663 1229,663 1202,663 1176,663 1150,663 1123,663 1097,663 1070,663 1044,663 1018,662 991,662 965,662 938,661 912,661 886,660"/>
                <Baseline points="886,683 912,684 938,684 965,685 991,685 1018,685 1044,686 1070,686 1097,686 1123,686 1150,686 1176,686 1202,686 1229,686 1255,686 1282,686 1308,687 1334,687 1361,688 1387,688 1414,689"/>
                <TextEquiv>
                    <Unicode>venderán su padre mesmo.</Unicode>
                </TextEquiv>
            </TextLine>
            <TextLine id="r_2_1l11" custom="readingOrder {index:10;}">
                <Coords points="877,743 904,744 932,744 959,745 987,745 1015,745 1042,745 1070,745 1098,745 1125,745 1153,745 1181,745 1208,745 1236,745 1264,745 1291,745 1319,745 1347,746 1374,746 1402,747 1430,748 1430,714 1402,713 1374,712 1347,712 1319,711 1291,711 1264,711 1236,711 1208,711 1181,711 1153,711 1125,711 1098,711 1070,711 1042,711 1015,711 987,711 959,711 932,710 904,710 877,709"/>
                <Baseline points="877,732 904,733 932,733 959,734 987,734 1015,734 1042,734 1070,734 1098,734 1125,734 1153,734 1181,734 1208,734 1236,734 1264,734 1291,734 1319,734 1347,735 1374,735 1402,736 1430,737"/>
                <TextEquiv>
                    <Unicode>Tendré en el infierno ancho</Unicode>
                </TextEquiv>
            </TextLine>
            <TextLine id="r_2_1l12" custom="readingOrder {index:11;}">
                <Coords points="882,794 907,794 933,794 958,794 984,794 1009,794 1035,794 1060,794 1086,794 1111,794 1137,794 1163,794 1188,795 1214,795 1239,795 1265,795 1290,796 1316,796 1341,796 1367,796 1393,797 1393,763 1367,762 1341,762 1316,762 1290,762 1265,761 1239,761 1214,761 1188,761 1163,760 1137,760 1111,760 1086,760 1060,760 1035,760 1009,760 984,760 958,760 933,760 907,760 882,760"/>
                <Baseline points="882,783 907,783 933,783 958,783 984,783 1009,783 1035,783 1060,783 1086,783 1111,783 1137,783 1163,783 1188,784 1214,784 1239,784 1265,784 1290,785 1316,785 1341,785 1367,785 1393,786"/>
                <TextEquiv>
                    <Unicode>seno con Luzbel soberbio,</Unicode>
                </TextEquiv>
            </TextLine>
            <TextLine id="r_2_1l13" custom="readingOrder {index:12;}">
                <Coords points="884,845 910,844 937,844 963,844 990,843 1017,843 1043,843 1070,843 1096,843 1123,843 1150,843 1176,843 1203,843 1229,843 1256,843 1283,843 1309,844 1336,844 1362,844 1389,844 1416,845 1416,811 1389,810 1362,810 1336,810 1309,810 1283,809 1256,809 1229,809 1203,809 1176,809 1150,809 1123,809 1096,809 1070,809 1043,809 1017,809 990,809 963,810 937,810 910,810 884,811"/>
                <Baseline points="884,834 910,833 937,833 963,833 990,832 1017,832 1043,832 1070,832 1096,832 1123,832 1150,832 1176,832 1203,832 1229,832 1256,832 1283,832 1309,833 1336,833 1362,833 1389,833 1416,834"/>
                <TextEquiv>
                    <Unicode>para que quepan los Judas</Unicode>
                </TextEquiv>
            </TextLine>
            <TextLine id="r_2_1l14" custom="readingOrder {index:13;}">
                <Coords points="888,892 913,892 939,892 965,892 991,892 1017,892 1043,892 1069,892 1095,892 1121,891 1147,891 1172,891 1198,891 1224,891 1250,891 1276,891 1302,892 1328,893 1354,893 1380,895 1406,896 1406,863 1380,862 1354,860 1328,860 1302,859 1276,858 1250,858 1224,858 1198,858 1172,858 1147,858 1121,858 1095,859 1069,859 1043,859 1017,859 991,859 965,859 939,859 913,859 888,859"/>
                <Baseline points="888,881 913,881 939,881 965,881 991,881 1017,881 1043,881 1069,881 1095,881 1121,880 1147,880 1172,880 1198,880 1224,880 1250,880 1276,880 1302,881 1328,882 1354,882 1380,884 1406,885"/>
                <TextEquiv>
                    <Unicode>que producirá mi ejemplo.</Unicode>
                </TextEquiv>
            </TextLine>
            <TextLine id="r_2_1l15" custom="readingOrder {index:14;}">
                <Coords points="884,941 910,941 936,940 962,940 988,940 1015,940 1041,940 1067,939 1093,939 1119,940 1146,940 1172,940 1198,940 1224,940 1250,940 1277,941 1303,941 1329,941 1355,941 1381,941 1408,942 1408,909 1381,908 1355,908 1329,908 1303,908 1277,908 1250,907 1224,907 1198,907 1172,907 1146,907 1119,907 1093,906 1067,906 1041,907 1015,907 988,907 962,907 936,907 910,908 884,908"/>
                <Baseline points="884,930 910,930 936,929 962,929 988,929 1015,929 1041,929 1067,928 1093,928 1119,929 1146,929 1172,929 1198,929 1224,929 1250,929 1277,930 1303,930 1329,930 1355,930 1381,930 1408,931"/>
                <TextEquiv>
                    <Unicode>A los que dan los caudales</Unicode>
                </TextEquiv>
            </TextLine>
            <TextLine id="r_2_1l16" custom="readingOrder {index:15;}">
                <Coords points="886,987 911,988 937,988 963,988 989,988 1014,988 1040,988 1066,988 1092,988 1117,988 1143,988 1169,988 1195,988 1220,988 1246,988 1272,989 1298,989 1324,990 1324,957 1298,956 1272,956 1246,955 1220,955 1195,955 1169,955 1143,955 1117,955 1092,955 1066,955 1040,955 1014,955 989,955 963,955 937,955 911,955 886,954"/>
                <Baseline points="886,976 911,977 937,977 963,977 989,977 1014,977 1040,977 1066,977 1092,977 1117,977 1143,977 1169,977 1195,977 1220,977 1246,977 1272,978 1298,978 1324,979"/>
                <TextEquiv>
                    <Unicode>á los marítimos leños</Unicode>
                </TextEquiv>
            </TextLine>
            <TextLine id="r_2_1l17" custom="readingOrder {index:16;}">
                <Coords points="884,1036 909,1036 935,1037 960,1037 986,1037 1011,1037 1037,1037 1063,1037 1088,1036 1114,1036 1139,1036 1165,1036 1190,1036 1216,1036 1242,1036 1267,1037 1293,1037 1318,1039 1344,1040 1370,1041 1370,1007 1344,1006 1318,1005 1293,1003 1267,1003 1242,1002 1216,1002 1190,1002 1165,1002 1139,1002 1114,1002 1088,1002 1063,1003 1037,1003 1011,1003 986,1003 960,1003 935,1003 909,1002 884,1002"/>
                <Baseline points="884,1025 909,1025 935,1026 960,1026 986,1026 1011,1026 1037,1026 1063,1026 1088,1025 1114,1025 1139,1025 1165,1025 1190,1025 1216,1025 1242,1025 1267,1026 1293,1026 1318,1028 1344,1029 1370,1030"/>
                <TextEquiv>
                    <Unicode>sin ser poétá les mando,</Unicode>
                </TextEquiv>
            </TextLine>
            <TextLine id="r_2_1l18" custom="readingOrder {index:17;}">
                <Coords points="880,1086 909,1086 938,1086 967,1085 996,1085 1025,1085 1054,1085 1083,1085 1112,1085 1141,1085 1171,1085 1200,1085 1229,1085 1258,1085 1287,1086 1316,1086 1345,1087 1374,1088 1403,1088 1432,1089 1462,1091 1462,1057 1432,1055 1403,1054 1374,1054 1345,1053 1316,1052 1287,1052 1258,1051 1229,1051 1200,1051 1171,1051 1141,1051 1112,1051 1083,1051 1054,1051 1025,1051 996,1051 967,1051 938,1052 909,1052 880,1052"/>
                <Baseline points="880,1075 909,1075 938,1075 967,1074 996,1074 1025,1074 1054,1074 1083,1074 1112,1074 1141,1074 1171,1074 1200,1074 1229,1074 1258,1074 1287,1075 1316,1075 1345,1076 1374,1077 1403,1077 1432,1078 1462,1080"/>
                <TextEquiv>
                    <Unicode>que mueran haciendo versos.</Unicode>
                </TextEquiv>
            </TextLine>
            <TextLine id="r_2_1l19" custom="readingOrder {index:18;}">
                <Coords points="882,1137 909,1136 937,1135 965,1135 993,1134 1021,1134 1049,1134 1077,1134 1105,1134 1133,1134 1161,1134 1188,1134 1216,1134 1244,1135 1272,1135 1300,1135 1328,1136 1356,1137 1384,1137 1412,1138 1440,1138 1440,1105 1412,1105 1384,1104 1356,1104 1328,1103 1300,1102 1272,1102 1244,1102 1216,1101 1188,1101 1161,1101 1133,1101 1105,1101 1077,1101 1049,1101 1021,1101 993,1101 965,1102 937,1102 909,1103 882,1104"/>
                <Baseline points="882,1126 909,1125 937,1124 965,1124 993,1123 1021,1123 1049,1123 1077,1123 1105,1123 1133,1123 1161,1123 1188,1123 1216,1123 1244,1124 1272,1124 1300,1124 1328,1125 1356,1126 1384,1126 1412,1127 1440,1127"/>
                <TextEquiv>
                    <Unicode>Que los que fian la hacienda</Unicode>
                </TextEquiv>
            </TextLine>
            <TextLine id="r_2_1l20" custom="readingOrder {index:19;}">
                <Coords points="882,1182 908,1182 934,1183 960,1183 986,1184 1013,1184 1039,1184 1065,1183 1091,1183 1117,1183 1144,1183 1170,1183 1196,1183 1222,1183 1248,1183 1275,1183 1301,1184 1327,1184 1353,1185 1379,1186 1406,1188 1406,1155 1379,1153 1353,1152 1327,1151 1301,1151 1275,1150 1248,1150 1222,1150 1196,1150 1170,1150 1144,1150 1117,1150 1091,1150 1065,1150 1039,1151 1013,1151 986,1151 960,1150 934,1150 908,1149 882,1149"/>
                <Baseline points="882,1171 908,1171 934,1172 960,1172 986,1173 1013,1173 1039,1173 1065,1172 1091,1172 1117,1172 1144,1172 1170,1172 1196,1172 1222,1172 1248,1172 1275,1172 1301,1173 1327,1173 1353,1174 1379,1175 1406,1177"/>
                <TextEquiv>
                    <Unicode>al mar, al agua y al viento,</Unicode>
                </TextEquiv>
            </TextLine>
            <TextLine id="r_2_1l21" custom="readingOrder {index:20;}">
                <Coords points="888,1230 914,1230 940,1230 966,1230 993,1230 1019,1230 1045,1230 1072,1230 1098,1230 1124,1230 1151,1230 1177,1231 1203,1231 1229,1231 1256,1232 1282,1232 1308,1233 1335,1233 1361,1234 1387,1235 1414,1236 1414,1203 1387,1202 1361,1201 1335,1200 1308,1200 1282,1199 1256,1199 1229,1198 1203,1198 1177,1198 1151,1197 1124,1197 1098,1197 1072,1197 1045,1197 1019,1197 993,1197 966,1197 940,1197 914,1197 888,1197"/>
                <Baseline points="888,1219 914,1219 940,1219 966,1219 993,1219 1019,1219 1045,1219 1072,1219 1098,1219 1124,1219 1151,1219 1177,1220 1203,1220 1229,1220 1256,1221 1282,1221 1308,1222 1335,1222 1361,1223 1387,1224 1414,1225"/>
                <TextEquiv>
                    <Unicode>ó mueran pobres en suma,</Unicode>
                </TextEquiv>
            </TextLine>
            <TextLine id="r_2_1l22" custom="readingOrder {index:21;}">
                <Coords points="882,1278 908,1278 935,1279 962,1279 989,1280 1015,1280 1042,1280 1069,1280 1096,1280 1122,1280 1149,1280 1176,1280 1203,1280 1229,1280 1256,1280 1283,1281 1310,1282 1336,1282 1363,1283 1390,1284 1417,1287 1417,1253 1390,1250 1363,1249 1336,1248 1310,1248 1283,1247 1256,1246 1229,1246 1203,1246 1176,1246 1149,1246 1122,1246 1096,1246 1069,1246 1042,1246 1015,1246 989,1246 962,1245 935,1245 908,1244 882,1244"/>
                <Baseline points="882,1267 908,1267 935,1268 962,1268 989,1269 1015,1269 1042,1269 1069,1269 1096,1269 1122,1269 1149,1269 1176,1269 1203,1269 1229,1269 1256,1269 1283,1270 1310,1271 1336,1271 1363,1272 1390,1273 1417,1276"/>
                <TextEquiv>
                    <Unicode>ó mueran como yo muero.</Unicode>
                </TextEquiv>
            </TextLine>
            <TextLine id="r_2_1l23" custom="readingOrder {index:22;}">
                <Coords points="882,1325 908,1326 934,1326 960,1327 986,1327 1012,1327 1038,1327 1064,1327 1090,1327 1116,1327 1142,1327 1168,1327 1194,1327 1220,1327 1246,1327 1272,1328 1299,1329 1299,1295 1272,1294 1246,1293 1220,1293 1194,1293 1168,1293 1142,1293 1116,1293 1090,1293 1064,1293 1038,1293 1012,1293 986,1293 960,1293 934,1292 908,1292 882,1291"/>
                <Baseline points="882,1314 908,1315 934,1315 960,1316 986,1316 1012,1316 1038,1316 1064,1316 1090,1316 1116,1316 1142,1316 1168,1316 1194,1316 1220,1316 1246,1316 1272,1317 1299,1318"/>
                <TextEquiv>
                    <Unicode>Dejo mis habilidades</Unicode>
                </TextEquiv>
            </TextLine>
            <TextLine id="r_2_1l24" custom="readingOrder {index:23;}">
                <Coords points="875,1376 901,1376 927,1376 954,1376 980,1376 1006,1376 1033,1376 1059,1376 1086,1376 1112,1376 1138,1376 1165,1376 1191,1376 1217,1376 1244,1377 1270,1377 1297,1377 1297,1343 1270,1343 1244,1343 1217,1342 1191,1342 1165,1342 1138,1342 1112,1342 1086,1342 1059,1342 1033,1342 1006,1342 980,1342 954,1342 927,1342 901,1342 875,1342"/>
                <Baseline points="875,1365 901,1365 927,1365 954,1365 980,1365 1006,1365 1033,1365 1059,1365 1086,1365 1112,1365 1138,1365 1165,1365 1191,1365 1217,1365 1244,1366 1270,1366 1297,1366"/>
                <TextEquiv>
                    <Unicode>á todos los figoneros,</Unicode>
                </TextEquiv>
            </TextLine>
            <TextLine id="r_2_1l25" custom="readingOrder {index:24;}">
                <Coords points="882,1424 911,1424 940,1425 969,1425 999,1425 1028,1425 1057,1425 1086,1425 1116,1425 1145,1425 1174,1425 1203,1425 1233,1425 1262,1426 1291,1426 1320,1427 1350,1427 1379,1428 1408,1429 1437,1430 1467,1431 1467,1397 1437,1396 1408,1395 1379,1394 1350,1393 1320,1393 1291,1392 1262,1392 1233,1391 1203,1391 1174,1391 1145,1391 1116,1391 1086,1391 1057,1391 1028,1391 999,1391 969,1391 940,1391 911,1390 882,1390"/>
                <Baseline points="882,1413 911,1413 940,1414 969,1414 999,1414 1028,1414 1057,1414 1086,1414 1116,1414 1145,1414 1174,1414 1203,1414 1233,1414 1262,1415 1291,1415 1320,1416 1350,1416 1379,1417 1408,1418 1437,1419 1467,1420"/>
                <TextEquiv>
                    <Unicode>aunque es ocioso enseñarlos,</Unicode>
                </TextEquiv>
            </TextLine>
            <TextLine id="r_2_1l26" custom="readingOrder {index:25;}">
                <Coords points="893,1473 919,1473 945,1474 971,1474 997,1474 1023,1474 1049,1474 1075,1474 1101,1474 1127,1474 1153,1474 1179,1474 1205,1474 1231,1475 1257,1475 1283,1475 1309,1475 1335,1476 1361,1476 1387,1477 1414,1477 1414,1443 1387,1443 1361,1442 1335,1442 1309,1441 1283,1441 1257,1441 1231,1441 1205,1440 1179,1440 1153,1440 1127,1440 1101,1440 1075,1440 1049,1440 1023,1440 997,1440 971,1440 945,1440 919,1439 893,1439"/>
                <Baseline points="893,1462 919,1462 945,1463 971,1463 997,1463 1023,1463 1049,1463 1075,1463 1101,1463 1127,1463 1153,1463 1179,1463 1205,1463 1231,1464 1257,1464 1283,1464 1309,1464 1335,1465 1361,1465 1387,1466 1414,1466"/>
                <TextEquiv>
                    <Unicode>que ya son gatos profesos.</Unicode>
                </TextEquiv>
            </TextLine>
            <TextLine id="r_2_1l27" custom="readingOrder {index:26;}">
                <Coords points="896,1522 925,1522 954,1522 983,1522 1012,1522 1041,1522 1070,1522 1099,1522 1128,1522 1157,1523 1187,1523 1216,1523 1245,1524 1274,1524 1303,1525 1332,1525 1361,1526 1390,1526 1419,1526 1448,1527 1478,1527 1478,1493 1448,1493 1419,1492 1390,1492 1361,1492 1332,1491 1303,1491 1274,1490 1245,1490 1216,1489 1187,1489 1157,1489 1128,1488 1099,1488 1070,1488 1041,1488 1012,1488 983,1488 954,1488 925,1488 896,1488"/>
                <Baseline points="896,1511 925,1511 954,1511 983,1511 1012,1511 1041,1511 1070,1511 1099,1511 1128,1511 1157,1512 1187,1512 1216,1512 1245,1513 1274,1513 1303,1514 1332,1514 1361,1515 1390,1515 1419,1515 1448,1516 1478,1516"/>
                <TextEquiv>
                    <Unicode>Cien gruesas de naipes falsos</Unicode>
                </TextEquiv>
            </TextLine>
            <TextLine id="r_2_1l28" custom="readingOrder {index:27;}">
                <Coords points="885,1571 910,1571 936,1571 962,1571 987,1571 1013,1571 1039,1571 1064,1570 1090,1570 1116,1570 1142,1570 1167,1571 1193,1571 1219,1571 1244,1571 1270,1571 1296,1571 1322,1571 1322,1537 1296,1537 1270,1537 1244,1537 1219,1537 1193,1537 1167,1537 1142,1536 1116,1536 1090,1536 1064,1536 1039,1537 1013,1537 987,1537 962,1537 936,1537 910,1537 885,1537"/>
                <Baseline points="885,1560 910,1560 936,1560 962,1560 987,1560 1013,1560 1039,1560 1064,1559 1090,1559 1116,1559 1142,1559 1167,1560 1193,1560 1219,1560 1244,1560 1270,1560 1296,1560 1322,1560"/>
                <TextEquiv>
                    <Unicode>reparto á los gaiteros</Unicode>
                </TextEquiv>
            </TextLine>
            <TextLine id="r_2_1l29" custom="readingOrder {index:28;}">
                <Coords points="893,1619 919,1619 946,1619 973,1619 1000,1619 1027,1619 1054,1619 1080,1619 1107,1619 1134,1619 1161,1619 1188,1619 1215,1619 1242,1619 1268,1619 1295,1620 1322,1620 1349,1621 1376,1622 1403,1623 1430,1624 1430,1590 1403,1589 1376,1588 1349,1587 1322,1586 1295,1586 1268,1585 1242,1585 1215,1585 1188,1585 1161,1585 1134,1585 1107,1585 1080,1585 1054,1585 1027,1585 1000,1585 973,1585 946,1585 919,1585 893,1585"/>
                <Baseline points="893,1608 919,1608 946,1608 973,1608 1000,1608 1027,1608 1054,1608 1080,1608 1107,1608 1134,1608 1161,1608 1188,1608 1215,1608 1242,1608 1268,1608 1295,1609 1322,1609 1349,1610 1376,1611 1403,1612 1430,1613"/>
                <TextEquiv>
                    <Unicode>que los fulleros los buscan,</Unicode>
                </TextEquiv>
            </TextLine>
            <TextLine id="r_2_1l30" custom="readingOrder {index:29;}">
                <Coords points="891,1667 919,1667 948,1667 977,1667 1006,1667 1035,1667 1064,1667 1093,1667 1122,1667 1151,1667 1180,1667 1208,1668 1237,1668 1266,1668 1295,1669 1324,1669 1353,1670 1382,1671 1411,1672 1440,1674 1469,1675 1469,1642 1440,1641 1411,1639 1382,1638 1353,1637 1324,1636 1295,1636 1266,1635 1237,1635 1208,1635 1180,1634 1151,1634 1122,1634 1093,1634 1064,1634 1035,1634 1006,1634 977,1634 948,1634 919,1634 891,1634"/>
                <Baseline points="891,1656 919,1656 948,1656 977,1656 1006,1656 1035,1656 1064,1656 1093,1656 1122,1656 1151,1656 1180,1656 1208,1657 1237,1657 1266,1657 1295,1658 1324,1658 1353,1659 1382,1660 1411,1661 1440,1663 1469,1664"/>
                <TextEquiv>
                    <Unicode>y se entienden bien con ellos.</Unicode>
                </TextEquiv>
            </TextLine>
            <TextLine id="r_2_1l31" custom="readingOrder {index:30;}">
                <Coords points="887,1716 913,1716 939,1716 966,1715 992,1715 1018,1715 1045,1715 1071,1716 1097,1716 1124,1716 1150,1716 1176,1716 1203,1717 1229,1717 1255,1717 1282,1717 1308,1717 1334,1716 1361,1716 1361,1683 1334,1683 1308,1684 1282,1684 1255,1684 1229,1684 1203,1684 1176,1683 1150,1683 1124,1683 1097,1683 1071,1683 1045,1682 1018,1682 992,1682 966,1682 939,1683 913,1683 887,1683"/>
                <Baseline points="887,1705 913,1705 939,1705 966,1704 992,1704 1018,1704 1045,1704 1071,1705 1097,1705 1124,1705 1150,1705 1176,1705 1203,1706 1229,1706 1255,1706 1282,1706 1308,1706 1334,1705 1361,1705"/>
                <TextEquiv>
                    <Unicode>A los peregrinos mando</Unicode>
                </TextEquiv>
            </TextLine>
            <TextLine id="r_2_1l32" custom="readingOrder {index:31;}">
                <Coords points="881,1764 906,1764 932,1764 958,1765 984,1765 1010,1765 1036,1765 1061,1765 1087,1765 1113,1765 1139,1765 1165,1765 1191,1765 1217,1765 1242,1765 1268,1766 1294,1766 1320,1767 1346,1768 1372,1769 1398,1770 1398,1737 1372,1736 1346,1735 1320,1734 1294,1733 1268,1733 1242,1732 1217,1732 1191,1732 1165,1732 1139,1732 1113,1732 1087,1732 1061,1732 1036,1732 1010,1732 984,1732 958,1732 932,1731 906,1731 881,1731"/>
                <Baseline points="881,1753 906,1753 932,1753 958,1754 984,1754 1010,1754 1036,1754 1061,1754 1087,1754 1113,1754 1139,1754 1165,1754 1191,1754 1217,1754 1242,1754 1268,1755 1294,1755 1320,1756 1346,1757 1372,1758 1398,1759"/>
                <TextEquiv>
                    <Unicode>diez calabazas, y advierto,</Unicode>
                </TextEquiv>
            </TextLine>
            <TextLine id="r_2_1l33" custom="readingOrder {index:32;}">
                <Coords points="882,1813 908,1813 934,1813 960,1813 986,1813 1012,1813 1038,1812 1064,1812 1090,1812 1116,1812 1142,1812 1168,1812 1194,1812 1220,1812 1246,1813 1272,1813 1298,1813 1324,1813 1350,1814 1350,1781 1324,1780 1298,1780 1272,1780 1246,1780 1220,1779 1194,1779 1168,1779 1142,1779 1116,1779 1090,1779 1064,1779 1038,1779 1012,1780 986,1780 960,1780 934,1780 908,1780 882,1780"/>
                <Baseline points="882,1802 908,1802 934,1802 960,1802 986,1802 1012,1802 1038,1801 1064,1801 1090,1801 1116,1801 1142,1801 1168,1801 1194,1801 1220,1801 1246,1802 1272,1802 1298,1802 1324,1802 1350,1803"/>
                <TextEquiv>
                    <Unicode>que no la lleven vacias</Unicode>
                </TextEquiv>
            </TextLine>
            <TextLine id="r_2_1l34" custom="readingOrder {index:33;}">
                <Coords points="882,1861 911,1861 940,1861 969,1861 998,1860 1027,1860 1056,1860 1085,1860 1114,1861 1143,1861 1172,1861 1201,1861 1230,1862 1259,1862 1288,1863 1317,1863 1346,1864 1375,1865 1404,1866 1433,1867 1462,1868 1462,1834 1433,1833 1404,1832 1375,1831 1346,1830 1317,1829 1288,1829 1259,1828 1230,1828 1201,1827 1172,1827 1143,1827 1114,1827 1085,1826 1056,1826 1027,1826 998,1826 969,1827 940,1827 911,1827 882,1827"/>
                <Baseline points="882,1850 911,1850 940,1850 969,1850 998,1849 1027,1849 1056,1849 1085,1849 1114,1850 1143,1850 1172,1850 1201,1850 1230,1851 1259,1851 1288,1852 1317,1852 1346,1853 1375,1854 1404,1855 1433,1856 1462,1857"/>
                <TextEquiv>
                    <Unicode>hasta que se hallan replctos.</Unicode>
                </TextEquiv>
            </TextLine>
            <TextLine id="r_2_1l35" custom="readingOrder {index:34;}">
                <Coords points="891,1909 916,1909 941,1909 967,1909 992,1909 1017,1909 1043,1909 1068,1909 1093,1909 1119,1909 1144,1909 1169,1910 1195,1910 1220,1910 1245,1910 1271,1911 1296,1911 1321,1911 1347,1911 1347,1877 1321,1877 1296,1877 1271,1877 1245,1876 1220,1876 1195,1876 1169,1876 1144,1875 1119,1875 1093,1875 1068,1875 1043,1875 1017,1875 992,1875 967,1875 941,1875 916,1875 891,1875"/>
                <Baseline points="891,1898 916,1898 941,1898 967,1898 992,1898 1017,1898 1043,1898 1068,1898 1093,1898 1119,1898 1144,1898 1169,1899 1195,1899 1220,1899 1245,1899 1271,1900 1296,1900 1321,1900 1347,1900"/>
                <TextEquiv>
                    <Unicode>Uños anteojos sin lunas</Unicode>
                </TextEquiv>
            </TextLine>
            <TextLine id="r_2_1l36" custom="readingOrder {index:35;}">
                <Coords points="888,1957 917,1957 946,1958 975,1958 1005,1958 1034,1958 1063,1958 1093,1958 1122,1958 1151,1958 1181,1958 1210,1958 1239,1958 1268,1959 1298,1959 1327,1960 1356,1961 1386,1962 1415,1963 1444,1965 1474,1967 1474,1933 1444,1931 1415,1929 1386,1928 1356,1927 1327,1926 1298,1925 1268,1925 1239,1924 1210,1924 1181,1924 1151,1924 1122,1924 1093,1924 1063,1924 1034,1924 1005,1924 975,1924 946,1924 917,1923 888,1923"/>
                <Baseline points="888,1946 917,1946 946,1947 975,1947 1005,1947 1034,1947 1063,1947 1093,1947 1122,1947 1151,1947 1181,1947 1210,1947 1239,1947 1268,1948 1298,1948 1327,1949 1356,1950 1386,1951 1415,1952 1444,1954 1474,1956"/>
                <TextEquiv>
                    <Unicode>dejo á un tuerto por derecho;</Unicode>
                </TextEquiv>
            </TextLine>
            <TextLine id="r_2_1l37" custom="readingOrder {index:36;}">
                <Coords points="889,2004 915,2005 942,2006 969,2007 996,2008 1023,2008 1049,2008 1076,2009 1103,2009 1130,2008 1157,2008 1183,2008 1210,2008 1237,2008 1264,2008 1291,2008 1317,2008 1344,2008 1371,2009 1398,2010 1425,2011 1425,1978 1398,1977 1371,1976 1344,1975 1317,1975 1291,1975 1264,1975 1237,1975 1210,1975 1183,1975 1157,1975 1130,1975 1103,1976 1076,1976 1049,1975 1023,1975 996,1975 969,1974 942,1973 915,1972 889,1971"/>
                <Baseline points="889,1993 915,1994 942,1995 969,1996 996,1997 1023,1997 1049,1997 1076,1998 1103,1998 1130,1997 1157,1997 1183,1997 1210,1997 1237,1997 1264,1997 1291,1997 1317,1997 1344,1997 1371,1998 1398,1999 1425,2000"/>
                <TextEquiv>
                    <Unicode>y á un corcobado un jubon</Unicode>
                </TextEquiv>
            </TextLine>
            <TextLine id="r_2_1l38" custom="readingOrder {index:37;}">
                <Coords points="895,2055 921,2055 947,2054 973,2054 999,2054 1026,2055 1052,2055 1078,2055 1104,2055 1131,2056 1157,2056 1183,2056 1209,2057 1235,2057 1262,2057 1288,2057 1314,2057 1340,2057 1367,2057 1367,2024 1340,2024 1314,2024 1288,2024 1262,2024 1235,2024 1209,2024 1183,2023 1157,2023 1131,2023 1104,2022 1078,2022 1052,2022 1026,2022 999,2021 973,2021 947,2021 921,2022 895,2022"/>
                <Baseline points="895,2044 921,2044 947,2043 973,2043 999,2043 1026,2044 1052,2044 1078,2044 1104,2044 1131,2045 1157,2045 1183,2045 1209,2046 1235,2046 1262,2046 1288,2046 1314,2046 1340,2046 1367,2046"/>
                <TextEquiv>
                    <Unicode>estofado con pimientos.</Unicode>
                </TextEquiv>
            </TextLine>
            <TextLine id="r_2_1l39" custom="readingOrder {index:38;}">
                <Coords points="892,2101 920,2102 949,2102 977,2103 1006,2103 1035,2104 1063,2104 1092,2104 1120,2104 1149,2105 1178,2105 1206,2105 1235,2105 1263,2106 1292,2106 1321,2107 1349,2107 1378,2108 1406,2108 1435,2109 1464,2110 1464,2076 1435,2075 1406,2074 1378,2074 1349,2073 1321,2073 1292,2072 1263,2072 1235,2071 1206,2071 1178,2071 1149,2071 1120,2070 1092,2070 1063,2070 1035,2070 1006,2069 977,2069 949,2068 920,2068 892,2067"/>
                <Baseline points="892,2090 920,2091 949,2091 977,2092 1006,2092 1035,2093 1063,2093 1092,2093 1120,2093 1149,2094 1178,2094 1206,2094 1235,2094 1263,2095 1292,2095 1321,2096 1349,2096 1378,2097 1406,2097 1435,2098 1464,2099"/>
                <TextEquiv>
                    <Unicode>Y pues no tengo mas bienes,</Unicode>
                </TextEquiv>
            </TextLine>
            <TextLine id="r_2_1l40" custom="readingOrder {index:39;}">
                <Coords points="894,2152 922,2152 950,2153 979,2153 1007,2154 1036,2154 1064,2154 1092,2154 1121,2154 1149,2154 1178,2154 1206,2154 1234,2154 1263,2154 1291,2155 1320,2155 1348,2156 1376,2157 1405,2157 1433,2158 1462,2160 1462,2126 1433,2124 1405,2123 1376,2123 1348,2122 1320,2121 1291,2121 1263,2120 1234,2120 1206,2120 1178,2120 1149,2120 1121,2120 1092,2120 1064,2120 1036,2120 1007,2120 979,2119 950,2119 922,2118 894,2118"/>
                <Baseline points="894,2141 922,2141 950,2142 979,2142 1007,2143 1036,2143 1064,2143 1092,2143 1121,2143 1149,2143 1178,2143 1206,2143 1234,2143 1263,2143 1291,2144 1320,2144 1348,2145 1376,2146 1405,2146 1433,2147 1462,2149"/>
                <TextEquiv>
                    <Unicode>que los que aqui manifiesto,</Unicode>
                </TextEquiv>
            </TextLine>
            <TextLine id="r_2_1l41" custom="readingOrder {index:40;}">
                <Coords points="892,2201 917,2201 943,2201 969,2202 995,2202 1021,2202 1047,2202 1073,2202 1099,2202 1125,2203 1151,2203 1176,2203 1202,2203 1228,2203 1254,2204 1280,2204 1306,2204 1332,2204 1358,2205 1384,2205 1410,2205 1410,2171 1384,2171 1358,2171 1332,2170 1306,2170 1280,2170 1254,2170 1228,2169 1202,2169 1176,2169 1151,2169 1125,2169 1099,2168 1073,2168 1047,2168 1021,2168 995,2168 969,2168 943,2167 917,2167 892,2167"/>
                <Baseline points="892,2190 917,2190 943,2190 969,2191 995,2191 1021,2191 1047,2191 1073,2191 1099,2191 1125,2192 1151,2192 1176,2192 1202,2192 1228,2192 1254,2193 1280,2193 1306,2193 1332,2193 1358,2194 1384,2194 1410,2194"/>
                <TextEquiv>
                    <Unicode>mando mi malas medidas</Unicode>
                </TextEquiv>
            </TextLine>
            <TextLine id="r_2_1l42" custom="readingOrder {index:41;}">
                <Coords points="889,2249 915,2250 941,2251 967,2251 993,2252 1019,2252 1046,2252 1072,2252 1098,2252 1124,2252 1150,2252 1176,2252 1203,2252 1229,2253 1255,2253 1281,2253 1307,2254 1333,2255 1360,2256 1360,2222 1333,2221 1307,2220 1281,2219 1255,2219 1229,2219 1203,2218 1176,2218 1150,2218 1124,2218 1098,2218 1072,2218 1046,2218 1019,2218 993,2218 967,2217 941,2217 915,2216 889,2215"/>
                <Baseline points="889,2238 915,2239 941,2240 967,2240 993,2241 1019,2241 1046,2241 1072,2241 1098,2241 1124,2241 1150,2241 1176,2241 1203,2241 1229,2242 1255,2242 1281,2242 1307,2243 1333,2244 1360,2245"/>
                <TextEquiv>
                    <Unicode>á todos los taberneros.</Unicode>
                </TextEquiv>
            </TextLine>
            <TextEquiv>
                <Unicode>porque la codicia infame
me ha traido á este despecho.
No seré solo en el mundo,
que por quien soy les prometo,
que ciegos me han de seguir
millares de entrega y peso.
Asi obrarán los Judillas,
que han de ir mis pasos siguiendo
que por el vil interés
venderán su padre mesmo.
Tendré en el infierno ancho
seno con Luzbel soberbio,
para que quepan los Judas
que producirá mi ejemplo.
A los que dan los caudales
á los marítimos leños
sin ser poétá les mando,
que mueran haciendo versos.
Que los que fian la hacienda
al mar, al agua y al viento,
ó mueran pobres en suma,
ó mueran como yo muero.
Dejo mis habilidades
á todos los figoneros,
aunque es ocioso enseñarlos,
que ya son gatos profesos.
Cien gruesas de naipes falsos
reparto á los gaiteros
que los fulleros los buscan,
y se entienden bien con ellos.
A los peregrinos mando
diez calabazas, y advierto,
que no la lleven vacias
hasta que se hallan replctos.
Uños anteojos sin lunas
dejo á un tuerto por derecho;
y á un corcobado un jubon
estofado con pimientos.
Y pues no tengo mas bienes,
que los que aqui manifiesto,
mando mi malas medidas
á todos los taberneros.</Unicode>
            </TextEquiv>
        </TextRegion>
    </Page>
</PcGts>
