1765 2512
128 191 566 228 pero qué ojos tan vivos,
128 236 640 273 qué mirar con taita gracia,
120 279 614 317 qué blancura, qué colores,
122 322 570 360 si parece leche y grana:
120 366 670 404 qué hermosura tan completa,
126 410 702 448 de eso en el mundo no se halla.
119 453 660 491 Por fin, me voy á hacer hora
120 498 742 538 de ver á mi prenda amada (Vase.
72 566 643 607 Entra el Pastor y Marica por otra
352 616 484 650 puerta.
69 673 608 714 PAsr. Sí, Marica; yo quisiera
115 717 596 758 que eso asi no lo dejaras.
76 760 574 802 MAn. Yo quisiera remediar
122 804 606 849 el deseo que tanto ansias,
116 852 560 889 y no criaramos cuervos
124 894 594 934 que los ojos nos sacaran.
72 935 640 981 PAsT. Está bien yo lo conozco;
124 981 602 1023 pero ya que por desgracia
120 1026 624 1069 no nos dá Dios ningun hijo,
116 1068 544 1111 acudamos sin tardanza
118 1112 566 1156 á lo que te tengo dicho:
116 1156 472 1197 de la Cofradia saca
112 1200 560 1243 un niño que esté criado
114 1245 622 1290 pues nos hace mucha falta;
118 1288 554 1330 al principio á tí te sirve
120 1335 626 1378 que ademas de la compaña,
116 1377 640 1422 te hace todos los mandados,
114 1422 659 1468 y aun te puede traer el agua;
112 1470 556 1507 y cuando sea mayorcito
118 1513 650 1554 se le acostumbra á que vaya
116 1555 564 1597 á la sierra y traiga leña,
116 1601 734 1646 que tambien hay que comprarla;
114 1646 588 1685 y en teniendo doce años,
118 1689 606 1731 me lo llevo yo á las cabras,
114 1735 456 1770 y ganará su salario
112 1779 634 1819 como el que tengo lo gana:
108 1825 555 1860 ¿qué te parece, Marica?
116 1869 620 1905 ¿no es una grande ventaja
114 1911 502 1949 la que vamos á tener
116 1956 376 1989 con ese niño?
382 2000 616 2039 MAR. Dios lo haga
114 2044 625 2082 que suelen luego esos niños
112 2089 634 2129 pegar tan malditas mangas.
112 2133 608 2171 porque suelen ser los tales
112 2176 520 2213 hijos de mala canalla,
106 2221 650 2260 y cuando llegan á hombres,
107 2266 582 2304 unos suelen sentar plaza,
100 2312 650 2350 y otros se van por el mundo
845 199 1322 243 á tunear por esas playas,
852 244 1364 287 llevándose cuanto pueden
848 288 1372 333 que esa es la mas inmediata
852 332 1264 374 sin otras cosas peores.
800 377 1410 420 PAsT, Vaya, mujer, que reparas
854 421 1256 459 en tantisimos pelillos
848 467 1380 507 ¿Ha de ser tal tu desgracia?
852 509 1342 549 tú lo escojes, porque eres
854 552 1282 593 mucho mas afortunada
851 597 1275 636 que yó: y verás cuál es
848 640 1381 684 de un todo por la contraria:
852 684 1356 729 por fin me voy al ganado,
848 731 1254 769 y te quedas encargada
851 773 1358 815 en hablar de este negocio;
848 816 1468 858 con que, á Dios, y hasta mañana.
798 860 1452 903 MAn. ¡Que hombre tan majadero!
851 904 1241 945 así que mete las astas
852 948 1384 994 en cuarquier capricho tonto,
844 992 1283 1034 el diablo no se las saca:
840 1037 1446 1080 pues yo no he de hacer tal cosa,
854 1080 1356 1123 que los crie quien los para:
844 1125 1354 1166 le diré que no hay ninguno,
848 1170 1416 1214 que los que hay todos maman,
842 1216 1262 1252 y yo no tengo quedarle
848 1258 1414 1298 mientras esté en su compaña,
840 1305 1372 1342 ¿Si vendrá ya el Sacristan?
844 1348 1354 1386 pues ya son las siete dadas:
848 1389 1376 1432 eso es lo que á mi me urje,
847 1433 1346 1475 lo demas no me urje nada.
799 1487 1405 1528 Llama el Sacristan muy quedito á
1044 1536 1217 1572 la puerta.
840 1586 1438 1625 ¡Suena la puerta! ¿quién llama?
784 1628 1394 1669 SAGR. Abre, Marica al instante.
794 1673 1413 1714 Man ¿Y porqué traes la sotana?
840 1718 1462 1759 Abre Marica la puerta y le dice:
792 1763 1374 1802 SAcn. Has de saber, Mariquilla.
835 1809 1285 1845 que por cumplir en mi casa,
836 1852 1395 1892 dije á mi mujer que el cura
838 1895 1272 1936 á toda prisa me llama,
841 1941 1316 1981 porque en un cortijo hay
836 1986 1222 2024 una labradora mala,
840 2032 1220 2066 y es indispensable ir
839 2075 1325 2112 al punto á sacramentarla:
833 2118 1333 2156 y he salido en esta forma
840 2163 1260 2199 porque crea la maraña.
780 2207 1424 2246 MAR. Sentémosnos y hablaremos:
968 2263 1284 2300 Le dá una silla.
831 2316 1340 2356 toma esta, que es mas alta,
