1652 2392
210 218 709 250 que mujer tan descuidada
162 262 743 294 Man. ¡Ay Dios mio, mi marido?
160 305 720 339 SAGR. ¡Ay marica de mi alma!
157 350 688 382 Man. Calla y acuéstate aquí
243 402 833 438 Se acuesta este eu el regazo de
207 447 831 482 Marica y esta le tapa la cara con el
199 492 359 528 pañuelo.
218 544 675 578 veremos cómo se apaña.
363 589 670 622 Entra el Pastor:
164 634 792 670 PAsr. ¡Valgame Dios, Mariquilla!
201 679 782 719 ¿que tengas tan ancha el alma
207 723 737 758 que te hayas dejado abierto?
209 766 693 801 tenemos ya niño en casa?
253 818 773 856 Dice Maria muy callandito:
156 873 784 910 MAn. ¡Perosi vieras qué hermoso!
167 918 666 954 PAsr. Deja le veré la cara,
204 962 705 998 no me lo despiertes, anda,
210 1006 641 1042 que si principia á llorar
209 1050 707 1085 tenemos la noche armada.
208 1094 640 1128 Coje ese puchero y ves
199 1139 696 1176 á la fuente y tráeme agua,
202 1184 668 1216 lo lavaré en despertando
157 1227 745 1264 PAsr. Yo no salgo de de la casa
199 1271 671 1306 sin verle la cara al niño.
160 1315 720 1351 MAR. Anda, no seas machaca.
158 1359 726 1397 PAsr. Ya te digo que no voy,
264 1412 766 1449 Coje una silla y se sienta.
203 1464 689 1502 aqui estaré hasta mañana
159 1519 838 1558 Dentro suenan tres golpes de admirez
196 1572 701 1613 han dado tres campanadas.
165 1626 779 1663 En esto se levanta el Sacristan de
329 1670 649 1704 pronto diciendo:
161 1722 773 1756 SACR. Al olio tocan, me marcho
199 1765 711 1799 aunque sea por la ventana.
193 1819 765 1852 Huye sin saber por donde irse.
153 1863 695 1899 PAsT. ¡Ah, picaro Sacristan!
354 1914 624 1951 Coje una vara.
195 1970 785 2006 de esta, amigo, no te escapas.
374 2023 653 2059 Le dá con ella.
192 2068 612 2105 Toma, niño cofradito,
158 2120 828 2156 Busca la puerta y el pastor le sigue
442 2165 542 2196 dando
193 2207 716 2246 toma unas cuantas castañas
882 220 1482 255 Sacn. Malditas sean tus manos,
936 264 1458 298 que me rompes las espaldas:
938 308 1310 343 ¡ay! no des ya mas,
936 352 1465 386 que esto ya no tiene gracia:
935 397 1461 432 ¿pero no te estas ya quieto?
929 441 1430 472 que para chanza ya basta:
938 483 1558 521 por fin abrí: á Dios, amigo. (Vase.)
888 528 1498 564 PAsTr. Vaya que no ha estado mala,
932 571 1418 605 Marica, ¿son así los niños
936 616 1468 649 que de la Cofradía se sacan?
935 661 1439 693 ¿ó es que tú así lo querias,
926 703 1436 737 criado y hasta con barbas?
880 749 1386 780 MAn. Escucha y te contaré
928 792 1472 827 con verdad lo que me pasa,
932 835 1462 869 Yo estaba así de esta suerte
930 880 1379 912 mirando por la ventana
917 924 1527 957 Lo ágarra ella por detras de los
1144 969 1300 1003 hombros.
921 1012 1381 1045 á uno que iba vendiendo
923 1058 1356 1090 alucema y cornicabra:
927 1102 1442 1134 entra el Sacristan callando
933 1146 1499 1179 y me empuja asi en la espalda
939 1190 1559 1224 Le dá un empujon le deja caer de boca
1177 1233 1258 1267 vase.
879 1277 1445 1311 PAsr. San Isidoro de mi vida
935 1325 1483 1358 ¡ay, Dios mio, que me mata!
1066 1366 1430 1399 Se levanta diciendo
927 1411 1387 1444 este brazo me ha lisiado:
931 1455 1430 1490 ¡ay, Marica, quién pensara
935 1501 1471 1532 que tú me habias de vender,
927 1543 1495 1576 cuando decias que me amabas
923 1588 1496 1620 mas que á tu sangre y tu vida
932 1632 1438 1664 y con tal traicion me pagas!
930 1676 1430 1709 si no me hubieses querido,
928 1720 1362 1753 me coses á puñaladas.
932 1763 1322 1797 Esto sucede, señores,
926 1808 1384 1843 con la mujer y la gata;
923 1854 1414 1886 mientras mas se hace por ellas
928 1897 1422 1929 mas pronto se van de casa,
928 1941 1420 1973 pues señor, vaya con Dios
929 1988 1453 2021 y yo me voy á mis cabras,
928 2030 1348 2061 que el cofrade deseado
932 2073 1366 2106 lleva rotas las espaldas:
919 2117 1422 2151 y aquí se acabó el pasillo,
924 2163 1442 2195 Perdonad sus muchas faltas
1200 2206 1280 2239 EIN.
658 2278 1060 2316 CARMONA:—1857
275 2318 1453 2369 Imprenta de D. J. M. M. calle Juan de la Cabra núm. 4.
