1737 2508
1267 227 1520 268 Número 37.
638 1070 1358 1135 PASILLO NUEVO
346 1224 1654 1291 EL GOFRADE DESEADO.
436 1318 1584 1385 PERSONAS: Un Pastor marido de Marica, Un Sacristan.
346 1478 923 1529 Sale el Pastor y el Sacristan.
308 1574 866 1614 PAST. Es preciso ir á la sierra
364 1621 809 1658 en esta misma mañana,
362 1661 887 1702 porque el amo ayer me dijo
364 1707 866 1748 que ciertos lobos andaban
362 1751 861 1791 muy inmediatos al ganado,
372 1795 905 1834 y si se emplean en las cabras,
367 1841 813 1879 hazte cargo, Sacristan,
327 1885 848 1927 SAGR. Mejor celaras tu casa. (Ap.)
331 1928 871 1971 PAsTr. Si por acaso acometen
375 1974 817 2013 sucederá una desgracia:
374 2013 966 2058 los muchachos son muchachos
376 2059 932 2101 y no son hombres con barbas
384 2106 799 2146 y no tienen el cuidado
386 2151 833 2190 que yo: pero si te apaña,
391 2196 829 2235 mañana vuelvo otra vez,
390 2240 845 2277 pues de dia no hago falta
395 2283 819 2322 en el ganado ninguna:
393 2329 847 2365 yo saldré de madrugada;
394 2372 819 2411 le avisas al padre cura
1082 1465 1564 1508 para que temprano vaya
1084 1509 1551 1554 á la iglesia y que la diga;
1087 1554 1507 1596 yo sentiré la campana,
1090 1596 1579 1642 aprieto el paso un poquito,
1098 1638 1587 1684 de modo que no haré falta.
1052 1680 1661 1732 SAcR. Pues señor, esta muy bien
1087 1728 1589 1773 no te descuides, despacha.
1046 1768 1681 1823 PAsT. Ahora mismo voy andando.
1094 1816 1561 1864 Sacristan, hasta mañana. (Vase.)
1051 1858 1653 1911 SAGR. Pobre tonto: si él supiera
1096 1906 1573 1952 la que le tengo enredada;
1106 1949 1568 1996 pero el pobrecillo simple
1105 1994 1579 2039 no sabe del mundo nada:
1106 2034 1675 2084 si Dios quiere que esta noche
1105 2082 1535 2127 no suceda la desgracia
1114 2127 1585 2172 de que haya sacramentos,
1117 2170 1620 2217 ¡qué felicidad me aguarda!
1112 2215 1599 2264 ¡qué dicha tiene ese tonto
1123 2259 1589 2303 en disfrutar tal compaña!
1126 2301 1599 2348 Jesus, me parece un siglo
1126 2346 1598 2395 cada instante que se pasa
