1737 2508
200 210 815 244 Ss sientan ambos juntos hombro á
435 254 583 287 hombro.
221 296 681 332 Voy á contarte, mi vida.
165 343 768 376 SAen, Voy á contarte, mi alma.
171 387 750 420 MAn. Vaya pues, cuéntame tu.
172 430 833 466 SAen. Principia tu, prenda amada.
172 474 726 508 MAn. Nó, cuéntame tú antes.
170 518 770 554 Sacn. Pues señor, esta mañana
205 563 669 596 hablando con tu marido
208 606 706 643 estuve en la calle Llana,
209 649 625 686 y me dijo que queria
216 692 622 728 decir á santa Librada
213 738 663 773 una misa, y que en ella
205 781 712 817 se le pidiera á esta santa
207 826 623 860 intercediese con Dios
211 869 723 906 que te hagas embarazada.
210 912 761 950 Se rie ella á carcajada y dice:
167 957 737 994 Man. ¡Ay Jesus, y qué borrico!
207 1004 728 1039 ¿pues no conoce el bestiasa
216 1047 792 1082 que esa es materia imposible?
207 1089 769 1128 no lo he visto mas bragazas.
209 1133 659 1170 Considera tú que hace
207 1177 711 1216 diez meces y tres semanss
208 1220 653 1258 que en la casa se acostó
207 1263 616 1302 y no calentó la cama;
206 1308 783 1348 conque mira el caso que hace
208 1352 694 1391 de esta pobre desgraciada;
207 1396 695 1436 por eso me ha dicho á mí
216 1440 650 1478 que á la Cofradíia vaya
205 1483 644 1522 y saque un niño criado.
166 1529 826 1571 SACR. No hagas tal cosa, muchacha,
203 1573 657 1611 que no te faltarán niños
210 1616 662 1655 nacidos de tus entrañas;
204 1660 703 1698 que esos malditos cofrades
204 1704 760 1745 hay muy pocos que no salgan
202 1748 644 1786 traviesos, intencionados
207 1793 720 1834 y de malas circunstancias;
208 1837 619 1876 y tu, ¿qué le dijistes?
157 1883 772 1922 MAn. Lo mismito que tú acabas
203 1925 688 1966 de decirme ahora mismo;
199 1969 631 2008 y el fastidioso machaca
199 2014 760 2057 se ha empeñado enteramente,
199 2056 655 2098 y así no sé que me haga.
155 2101 728 2143 SACR. Pero vamos á otra cosa:
196 2147 665 2186 ¿podremos con confianza
208 2190 638 2229 esta noche estar seguros
204 2234 755 2276 sin que inconveniente haya?
199 2279 631 2318 y puesto que tu marido
198 2321 698 2367 no viene hasta la mañana,
937 211 1388 247 creo estaremos seguros:
939 256 1234 291 ¿no es verdad?
889 297 979 332 MAR.
1162 301 1395 336 Es cosa clara
940 347 1496 382 ¿quien nos ha de incomodar?
890 387 1460 426 SACR. ¿Y si por una desgracia
935 433 1366 468 llega á venir tu marido
940 476 1420 513 y en este sitio me halla?
936 521 1460 557 ¿qué disculpa hemos de dar?
888 562 1498 606 Man. Mira, te hechas en la cama,
938 608 1430 647 encojes muy bien los pies,
932 652 1352 689 que los tape la sotana;
935 695 1403 734 te cubro con un pañuelo
937 738 1466 782 y tú te estás quieto y callas;
933 783 1438 823 le digo: tengo un cofrade
934 829 1476 869 mas hermoso que una plata;
932 868 1353 911 y se queda tan creido.
888 912 1451 957 SAen. ¿Y si por una desgracia
938 959 1168 997 me destapa?
1152 1009 1370 1047 MAR. No hará tal,
934 1049 1360 1087 yo evitaré que tal haga
930 1094 1452 1135 diciéndole: está durmiendo
935 1137 1345 1176 y despertará si hablas:
933 1183 1332 1219 así le hacemos callar
927 1225 1384 1267 y en seguida se le arma
927 1271 1327 1310 otra treta; se le dice;
933 1316 1455 1356 toma este puchero y marcha
926 1360 1336 1397 á la fuente, y del pilar
930 1404 1424 1445 me lo traes lleno de agua,
928 1448 1465 1488 mientras enciendo la lumbre
931 1493 1330 1529 para luego calentarla
925 1539 1344 1574 y lavar á nuestro hijo:
929 1580 1440 1624 y en seguida que se vaya,
932 1625 1344 1660 sales tú, y despues yo
931 1670 1352 1708 llorando desconsolada;
934 1715 1460 1754 marcho á la fuente diciendo:
932 1760 1471 1798 ¡ay Juan mio, qué desgracias
932 1802 1305 1840 apenas saliste fuera,
924 1847 1358 1885 han entrado dos jitanas
931 1891 1413 1930 y nos han robado el niño:
921 1937 1330 1970 y yo finjiré con maña
920 1981 1356 2015 para que quede creido.
874 2026 1511 2064 SACR. Qué pronto las tretas armas.
928 2068 1413 2106 Dame un abrazo, mi vida,
921 2112 1517 2154 que te quiero mas que al alma.
897 2158 1493 2196 Le dá un abrazo y el marido en
992 2201 1440 2239 este tiempo dice dentro:
876 2247 1539 2286 PAS. ¡La puerta abierta áestas horas?
921 2291 1406 2327 echaremos llave y tranca.
920 2336 1456 2373 Mariquita, ¿en dónde estás?
