1676 2448
158 236 688 271 Llora José y Nicodemus
168 284 662 319 llora la sagrada Reina
160 332 802 371 y todos los que allí estaban,
168 381 756 418 tan bien Juan y Magdalena;
162 428 678 467 tales eran los sollozos,
163 477 781 517 que los corazones quiebran;
169 525 682 562 mas la dolorosa Madre
170 573 726 614 dijo: la noche se acerca;
170 622 677 660 y José con Nicodemus
174 669 648 707 arriman las escaleras
173 719 746 758 al santo árbol de la cruz,
181 766 799 805 y ambos subieron por ellas.
184 816 650 855 Quitáronle la corona,
173 863 745 901 se la dan con reverencia
173 911 634 950 á la dolorosa Madre,
176 962 636 997 y tomandola la besa:
180 1009 804 1044 corona que el Rey del cielo
180 1055 738 1095 tuvo puesta en la cabeza,
180 1105 841 1141 haz, mi Dios, que los mortales
182 1153 716 1191 la traten con reverencia.
172 1202 762 1238 Luego la dieron los clavos
174 1251 750 1289 y con humildad los besa;
180 1300 746 1333 loh clavos que atavesábais
176 1345 743 1381 aquellas p lmas supremas
185 1394 842 1432 que al cielo y todas las cosas
190 1441 769 1482 dieron ser y las conserva!
181 1490 640 1527 herísteis mi corazon
181 1538 658 1576 con una aguda saéta.
178 1587 720 1627 Bajan el difunto cuerpo,
181 1636 766 1675 y san Juan por la cabeza,
186 1683 714 1722 Magdalena por los pies,
175 1731 816 1772 á la Vírgen se lo entregan;
184 1780 766 1820 y teniéndole en sus brazos,
180 1827 704 1865 mirando aquella belleza
190 1876 698 1916 que está ta desfigurada,
182 1923 818 1962 muy triste á decir comienza:
180 1970 782 2011 «venid, los que teneis sed,
182 2023 865 2061 que están las fuentes abiertas;
192 2068 863 2110 venid, los que estais hambrientos,
187 2119 798 2156 á este Pan de vida eterna;
190 2165 862 2208 venid, los que estais enfermos,
887 236 1456 273 que la medicina es esta:
900 283 1418 323 venid, á todos convida,
897 333 1503 369 pues que á nadie se niega.)
887 380 1402 417 Luego José Nicodemus
893 430 1518 465 con los ungüentos que llevan
901 478 1410 516 ungen el divino cuerpo,
893 527 1423 566 y en una sábana nueva
903 574 1526 612 le envolvieron y un sudario
901 624 1401 660 pusieron en su cabeza;
899 672 1413 711 y con amcrosos pasos
904 723 1530 756 hácia el sepulcro se acercan.
916 768 1504 807 Van muchos fieles delante,
903 818 1509 854 y los que al difunto llevan,
908 865 1316 901 Nicodemus y José,
908 914 1562 951 (que fué su suerte tan buena)
908 961 1448 996 el Centurion y san Juan,
900 1010 1540 1045 luego va la la humilde Reina
905 1058 1378 1094 cercada de serafines,
903 1107 1438 1142 las tres Marías con ella;
902 1155 1519 1189 mas en llegando al sepulcro
906 1203 1440 1238 le ponen con reverencia,
911 1251 1411 1287 y luego cierran la losa.
906 1299 1471 1335 Muchos ángeles se quedan
908 1347 1404 1383 acompañando al Señor;
905 1396 1500 1432 los demás dieron la vuelta
901 1446 1457 1483 y al pasar por el calvario
898 1493 1386 1527 adoró la triste Reina
904 1541 1460 1578 el santo árbol de la cruz,
904 1589 1472 1626 todos los demás con ella.
901 1637 1380 1674 A Jerusalen caminan,
901 1685 1466 1721 mas al despedirse de ella
912 1733 1466 1772 todos se apartan llorando,
911 1782 1452 1819 y su bendicion les hecha.
909 1830 1324 1865 Al cenáculo se fué
908 1879 1482 1917 con Juan y la Magdalena,
912 1927 1370 1965 hasta la resurreccion,
911 1976 1563 2012 que con grande fé la esperan.
913 2024 1470 2059 Tratemos de acompañarla
910 2073 1492 2110 y consolarla en sus penas,
914 2122 1406 2155 para recibir el premio
913 2170 1490 2207 despues en la vida eterna.
189 2187 1584 2341 CARMONA—1856 Imp. de D. J. M.M. calle Juan de la Cabra, núm. 5.
