1737 2508
246 255 1550 312 RELACION MISTICA DE LA DOLOROSA PASION Y MUERTE
300 302 1486 358 de Ntro. Sr. Jesucristo, y el de.cendimiento de la Santa Cruz.
236 396 767 445 Alma, si eres compasiva,
180 442 751 493 mira, atiende y considera,
178 491 698 538 al pié de la cruz María,
179 537 807 589 viendo estar pendiente de ella
182 583 622 633 á su dulcísimo Hijo,
180 634 735 685 abierto con cinco puertas,
177 684 780 734 corriendo arroyos de sangre,
172 730 601 775 coronada la cabeza
173 777 667 825 de penetrantes espinas
172 826 701 877 corriendo sangre por ella,
175 875 700 924 que por su divino rostro
175 923 653 971 de hilo en hilo gotea.
167 971 694 1022 Mira aquel color difunto,
169 1021 708 1071 y aquella boca de perlas,
162 1070 688 1115 parece un clavel morado
159 1117 794 1169 de haber caido en las piedras;
162 1164 712 1218 las rosas de sus mejillas,
156 1212 694 1264 dos cardenales en ellas,
158 1260 687 1311 su garganta que la nieve
155 1309 620 1357 no le hacía diferencia,
160 1356 634 1406 desollada y denegrida;
156 1406 748 1458 hombros y espaldas abiertas,
155 1454 699 1503 que de los gruesos azotes
150 1502 739 1554 los huesos se ven por ellas,
141 1552 658 1598 En los brazos y rodillas
147 1600 662 1646 tiene las llagas abiertas
142 1649 704 1695 de haber caido en el suelo
146 1697 704 1744 llevando la cruz acuestas,
138 1746 703 1791 llagado y corriendo sangre
138 1794 624 1838 de los pies á la cabeza.
140 1842 704 1892 Su Madre le está mirando,
137 1890 602 1935 oye como se lamenta:
139 1938 594 1986 dHijo de mi corazon,
140 1991 788 2037 ¿qué culpas fueron las vuestras,
143 2038 678 2082 que asi os quitan la vida,
128 2084 686 2129 siendo la misma inocencia?
137 2133 652 2178 ¡Oh todos los que pasais,
130 2180 640 2226 atended, mirad mi pena,
128 2228 699 2273 si hay dolor que á mi dolor
132 2281 702 2322 puede hacerle competencia!
899 406 1362 446 Solo este Hijo tenia
906 460 1442 496 y por envidia y soberbia,
912 504 1510 549 sin culpa me lo han muerto,
910 554 1474 597 ¡Ay Jesus! que me atraviesa
900 600 1380 642 una espada el corazon.
903 649 1478 693 ¡Ay que la noche se acerca!
896 695 1434 740 No tengo una sepultura,
898 745 1431 787 ni una mortaja siquiera.
901 793 1528 837 no hay quien de la cruz lo baje:
898 845 1528 886 ¿qué hará esta esclava vuestra?
901 891 1402 930 Angeles de mi custodia
897 938 1451 981 ¿cómo no alivias mi pena?»
897 985 1450 1030 Los ángeles respondieron:
899 1032 1433 1077 ono nos han dado licencia
895 1082 1447 1123 de bajar, que vuestro Hijo
894 1131 1507 1175 no corre por nuestra cuenta.
895 1177 1414 1223 Volvió la Vírgen los ojos,
886 1226 1436 1271 y viendo que viene cerca
884 1274 1371 1317 una cuadrilla de gente
887 1323 1427 1370 que traian dos escaleras,
881 1369 1318 1414 le dijo sobresaltada
880 1418 1516 1466 á san Juan de esta manera:
881 1465 1452 1514 ¿dime, Juan, hijo querido,
885 1515 1507 1565 ¿sabes qué gente es aquella?
874 1570 1454 1607 ¿qué injuria querran hacer
870 1614 1424 1655 á esta infinita grandeza?,
869 1659 1472 1711 San Juan dijo; oMadre mia,
874 1708 1430 1756 dejad y no tengais pena,
874 1758 1472 1807 que son José y Nicodemus,
874 1806 1416 1850 y vedrán á cosa buena.»
860 1854 1448 1903 Llegan los santos varones,
867 1901 1374 1946 viendo la divina Reina
860 1951 1464 1999 al pié de la cruz llorando,
860 2003 1490 2049 y á su Hijo muerto en ella;
856 2048 1446 2094 á sus pies se arrodillaron,
862 2095 1446 2141 comenzaron con gran pena
858 2141 1440 2192 á espresar su sentimiento,
860 2194 1420 2240 y á las palabras primeras,
858 2240 1375 2285 con la fuerza del dolor
853 2290 1410 2337 todos á llorar cemienzan.
