1737 2508
201 284 686 324 La Pobreza le responde:
206 332 705 372 Esa es buena diligencia,
208 380 774 421 que con mis propias hazañas
209 430 758 469 te alaves y te engrandezcas.
202 478 714 516 ¿No sucede muchas veces
208 526 661 567 en una campal refriega
211 576 690 615 para un capitan valiente
209 624 701 662 industriosas advertencias,
210 673 759 712 con que á menos costa gana
209 722 651 760 la victorias que desean,
208 768 742 809 y darle á aquel los aplausos
216 819 762 858 mas que á los que la pelean?
211 867 624 906 Pues así merezco yo
210 914 763 956 los láuros de esas empresas:
212 962 849 1004 pues yo soy la que en el mundo
212 1015 712 1052 inventó, por cosa cierta,
208 1064 654 1101 de toda la agricultura
205 1113 666 1150 la maestranza primera,
221 1160 655 1198 y de las artes y oficios
221 1208 772 1250 porque mis hijos adquieran,
220 1257 823 1295 despues de hacer tantos bienes
220 1305 816 1345 el pan, conque se mantengan.
223 1355 773 1394 yo dí principio á las armas,
214 1404 753 1441 yo dí principio á las letras
222 1451 772 1489 yo descubrí con mi industria
223 1501 752 1539 la navegacion, que en ella,
224 1549 845 1587 muchos caudales se adquieren,
226 1597 722 1635 fama opinion y grandeza.
227 1644 703 1683 Yo inventé los ejercicios
226 1696 749 1733 de arar y surcar la tierra,
228 1744 774 1781 en que mis hijos se ocupan,
225 1793 800 1829 y á todo el mundo sustentan.
234 1841 762 1879 Yo he edificado hospitales,
232 1890 703 1929 monasterios de Pobreza;
230 1938 753 1977 los hijos de San Francisco
226 1989 769 2027 yo los sustento á mi cuenta,
232 2037 593 2076 y la Santa Caridad
226 2084 755 2124 hace conmigo si observas
235 2135 663 2172 obras de Misericordia,
232 2184 751 2221 curando enfermos con ella,
233 2232 758 2268 y enterrar pobres difuntos,
236 2283 765 2319 con humildad y paciencia,
235 2330 786 2366 y ningun justo en el mundo
241 2381 704 2418 ha pretendido riquezas
1489 210 1501 250 3
923 270 1425 310 para conseguir la Gloria.
935 319 1453 358 Verás todos te desprecian,
940 367 1388 408 porque conocen que tu
941 416 1501 458 no has de darles cosa buena,
940 464 1342 506 sino vicios y deleites
935 514 1432 555 galas, vanidades, fiestas,
936 564 1389 603 amores y pasatiempos,
939 611 1463 652 murmuraciones y ofensas;
933 660 1373 699 y de los siete pecados
940 704 1607 749 no hay ninguno que no engendras.
939 757 1481 796 Seberbia, Avaricia, y Gula,
939 806 1363 847 Ira, Lujuria y Pereza,
939 852 1471 897 y la Envidia, sin buscarles
948 903 1463 943 remedios que las defienda.
946 950 1454 993 Yo, si alguno de los mios
943 998 1405 1041 le acomete la Soberbia
947 1049 1469 1089 le acudo con la Humildad,
954 1096 1425 1138 porque á sus ojos la vea:
949 1145 1452 1187 si está picado de Envidia
950 1195 1481 1235 luego le pongo á la puerta
956 1243 1409 1284 la Caridad su contraria,
959 1293 1483 1333 y al punto se vá y le deja;
956 1342 1384 1381 y si está con Avaricia,
959 1390 1455 1429 le propongo la Largueza;
960 1440 1361 1478 si con Pereza le veo,
959 1490 1389 1528 le aplico la Diligencia;
955 1539 1409 1576 si le aprieta la Lujúria
964 1586 1427 1626 le doy Castidad honesta:
954 1633 1368 1674 y si con Gula le veo
961 1682 1483 1722 le doy Templanza discreta:
961 1733 1409 1771 si le impacienta la Ira,
962 1780 1429 1820 yo le lleno de Paciencia:
963 1829 1409 1868 luego le doy el trabajo,
962 1879 1429 1919 el cuidado y la tristeza
963 1929 1431 1968 el sudar, la pesadumbre,
965 1977 1401 2016 la necesidad, y en ella
958 2025 1414 2064 el anhelo de esta vida,
966 2075 1489 2114 que llevado con paciencia,
965 2122 1383 2162 es para subir al Cielo
971 2174 1318 2212 una fácil escalera.
961 2220 1444 2260 Y si no, atiende y verás
971 2266 1537 2309 cuan grande es la diferencia,
976 2316 1569 2359 que entre los tuyos ha habido
971 2368 1438 2409 á los mios, en la tierra
