1765 2512
260 200 294 236 4
150 250 722 292 Tu amigo el Rico avariento,
153 300 663 336 porque te adoró de veras,
158 350 699 387 sumergido en los infiernos
160 398 682 437 arde entre llamas eternas,
160 448 569 484 Rico fué Cain, y fué
168 496 684 532 mortal envidia su hacienda
168 544 638 582 contra el inocente Abél,
164 594 596 630 motivó para que fuera
159 642 592 678 el primero condenado,
158 692 707 727 que el castigo esperimenta.
159 739 664 774 Mira un soberbio Nabuco
155 788 635 826 y un Faraon entre penas,
156 837 712 874 que de haber sido soberbio,
164 886 664 921 fué la causa sus riquezas.
164 934 780 972 Y en fin, por no gastar tiempo,
160 983 732 1021 muchos que calla mi lengua,
155 1032 640 1069 estos tus hijos han sido,
154 1081 636 1118 y ahora los mios llegan:
158 1130 738 1167 Mira pobre un San Francisco,
157 1179 667 1216 por su humildad y pureza
159 1227 641 1264 colocado en el Empireo,
161 1275 639 1313 gozando sumas riquezas.
156 1324 760 1362 Mira un Juan de Dios humilde,
154 1373 618 1410 un Lázaro con miserias,
159 1422 705 1461 un paciente Job tan pobre,
157 1474 609 1513 y ya tan rico de veras;
155 1523 583 1556 un Ignacio de Loyola,
159 1568 669 1606 un San Pablo de la Breña
155 1618 729 1659 y un San Francisco de Paula,
159 1667 735 1705 y otros muchos que pudieran
156 1714 610 1753 coronarme de laureles,
158 1764 686 1802 y avergonzarte á tí mesma.
161 1814 639 1853 Y para que te confundas
893 253 1396 295 con la sentencia postrera,
896 301 1378 341 mira el soberbio Luzbel
898 350 1370 391 hecho tizon de candela,
880 399 1442 441 sumergido en los infiernos,
883 449 1463 489 porque pretendió grandezas.
893 497 1321 535 Y repara lo contrario
894 544 1346 588 en una pobre Doncella,
891 593 1332 633 ensalzada por humilde
898 642 1414 685 á dignidad mas suprema,
900 692 1325 729 que pudo tener jamás
890 739 1316 778 criatura pura y bella,
892 787 1416 831 como el ser Madre de Dios,
886 836 1414 877 Reina del Cielo y la tierra.
888 885 1418 927 Aquestas son mis hazañas,
894 934 1394 973 estas son mis excelencias:
894 983 1352 1020 mira si con tales láuros
891 1033 1428 1069 podré admitir competencia
888 1081 1471 1119 contigo, y con cuantos tienen
896 1130 1346 1168 por ultraje la Pobreza.
896 1180 1327 1215 A cuya razon, corrida
891 1232 1341 1266 y afrentada la Riqueza,
898 1277 1374 1311 volviéndole las espaldas
892 1322 1365 1361 vencida se vá y la deja.
892 1372 1389 1413 Mira, si quien esto sabe,
892 1422 1302 1459 defenderá la Pobreza
890 1471 1460 1509 á capa y espada á un tiempo,
892 1520 1460 1557 puesta la pluma en la diestra.
894 1568 1412 1605 Y si hubiere algun curioso,
890 1618 1436 1654 que á lo contrario se atreva,
887 1667 1410 1703 la pluma tengo en la mano,
883 1715 1396 1754 aunque se acaba la letra,
892 1766 1564 1803 que aunque es pluma de palomo,
883 1813 1344 1851 ella escribirá contenta.
757 2103 971 2139 FIN.
143 2356 1562 2394 Carmona:-Imp. y librería de D. José M. Moreno, Madre de Dios, 1.
