1668 2424
193 246 663 284 Que si, que no, que seria,
161 288 771 327 que hoy, que mañana, que ayer,
159 329 789 371 que ahora, que luego, que cuando
161 375 779 417 ¿quién diablo te ha de entender?
191 421 697 456 Loco ya me vas volviendo,
153 466 599 500 niña, con tanto enredo
155 509 577 544 todo es un puro rodeo
159 552 707 589 yo, la verdad, no la entiendo,
157 597 717 631 claro me lo has de ir diciendo,
154 640 597 676 si ó no quieres ser mia
159 685 611 722 y no me andes cada dia
159 729 797 764 con que sí ó no habias de hacerlo;
163 773 621 809 y me respondíste á ello:
157 817 641 855 que si, que no, que seria.
207 861 609 895 Ayer me dijiste ufana
160 906 644 940 que viniera y cuando voy
164 949 552 981 à lo que te pido hoy,
168 992 683 1026 me respondes que mañana;
155 1037 668 1070 si es que ya no tienes gana
158 1081 606 1114 no me hagas ir y volver,
157 1124 595 1158 con que si no puedeser
160 1169 781 1202 que me espere, que me aguarde,
161 1213 734 1245 que á la noche, que á la tarde,
166 1257 756 1289 que hoy, que mañana, que ayer,
212 1301 678 1333 Si á verte amoroso llego,
164 1345 738 1378 te encuentro siempre ocupada,
164 1390 584 1421 respondes sobresaltada
170 1433 716 1465 que no puede ser, que luego;
168 1476 554 1508 con este desasosiego
156 1521 666 1554 me haces estar esperando,
166 1565 630 1596 y luego vienes hablando
168 1607 658 1642 diciéndome; que mi amor,
161 1652 602 1686 que te tiene con dolor,
172 1696 802 1728 que ahora, que luego, que cuando.
202 1738 632 1772 En fin, para no dudar,
165 1783 769 1819 y que á las vueltas no andemos,
167 1827 683 1863 y que de una vez quedemos
171 1872 701 1903 en lo que hemos de quedar
163 1915 647 1948 si me dices no hay lugar,
165 1960 587 1994 y que ya no puede ser,
167 2003 627 2041 porque ya muy tarde es,
173 2047 781 2080 que me espere, que me aguarde,
179 2092 759 2125 que á la noche, que á la tarde,
171 2134 785 2173 ¿quién diablos te ha de entender.
923 237 1507 270 Todo aquel que fuere á hablar,
891 278 1307 317 póngase primero á ver
881 322 1332 360 á un espejo, y podrá ser
884 368 1375 405 que tenga por que callar.
938 411 1413 445 Verán el que es hablador
883 455 1363 493 metido en la casa agena,
886 499 1453 536 murmurando la que es buena,
892 544 1277 580 siendo la suya peor:
883 589 1261 624 alli sale el jugador,
888 632 1306 668 el sacerdote, el seglar,
883 676 1307 713 la viuda, la por casar,
888 720 1272 757 de todo se trata alli,
893 764 1327 802 porque no repara en si,
888 808 1460 845 todo aquel que fuere á hablar,
927 852 1372 889 Alli saben si los jueces
887 894 1341 932 hicieron bien la justicia;
885 941 1390 976 si prendieron con malicia,
891 983 1287 1019 ó si tienen intereses;
889 1027 1435 1065 puede ser que muchas veces
889 1071 1368 1107 ese mismo se halle en él,
889 1114 1283 1152 y si quiere proseder
896 1158 1396 1196 contra el prógimo con ira,
885 1202 1474 1239 si piensan que esto es mentira,
895 1247 1327 1285 póngase primero á ver.
934 1291 1317 1328 Se sabe la que parió
897 1336 1315 1372 ausente de su marído,
900 1379 1439 1416 saben donde lo ha escondido
900 1425 1306 1460 el hijo, ó si lo abortó;
892 1469 1318 1503 saben si se amancebó,
892 1513 1322 1548 si no tiene que comer,
893 1556 1328 1591 saben si llegó á vender
893 1601 1375 1638 prenda que el otro la dió,
904 1645 1323 1680 que se miren como yo
891 1688 1351 1724 á un espejo, y podrá ser.
934 1735 1318 1766 Allí saben el que fia,
896 1777 1400 1812 el que paga puntualmente,
903 1822 1395 1854 el que bebe el aguardiente
904 1866 1332 1898 en taberna, ó bolleria;
900 1910 1286 1942 si oye misa cada dia,
893 1951 1293 1986 ó si se aplica à rezar:
893 1996 1309 2031 y si yo llego á atrapar
892 2040 1390 2074 a alguno en aquesta fiesta,
891 2086 1335 2121 yo le diré por repuesta,
897 2129 1353 2166 que tiene por que callar.
700 2309 1056 2346 CARMONA:—1858.
304 2350 1456 2392 mprenta de D. J. M. Moreno, calle Juan de la Cabra núm 4.
