1648 2456
1180 137 1418 290 Número 213.
248 943 1465 1094 CONFESION QUE HACE UN ENAMORADO.
200 1224 676 1260 De mis culpas y pecados
151 1271 647 1307 padre confesarme quiero,
154 1316 610 1347 que tres años algo mas
152 1358 635 1392 hace que no me confieso.
156 1402 702 1438 C. Cumplisteis la penitencia?
158 1446 744 1482 P. Si padre, luego al momento
196 1491 728 1526 que la repartí entre amigos,
212 1535 726 1570 por despacharla mas presto.
160 1580 666 1613 C. Principie á persignarse.
150 1622 690 1657 P. Ea padre que ya empiezo:
189 1666 694 1700 En el nombre de mi dama.
158 1711 680 1745 C. Jesús que notable yerro.
153 1755 699 1791 P. No se escandalice, padre,
201 1798 619 1835 por que yo le digo eso,
203 1843 653 1877 que á no ser yo pecador
191 1886 799 1921 no me hallara á sus piés puesto.
244 1931 692 1963 En el primero me acuso
196 1973 700 2010 no amar á Dios como debo,
199 2018 688 2052 en cuanto á la humanidad;
191 2062 732 2097 mas que á mi vida le quiero.
231 2107 707 2139 En el segundo he jurado
193 2150 718 2183 con mas de mil juramentos
192 2195 666 2227 de no olvidar á mi dama
191 2238 679 2270 apesar del mundo entero.
230 2282 684 2314 En el tercero me acuso
209 2328 781 2361 que cuando entro en el templo
924 1226 1418 1259 no estoy atento á la misa
931 1269 1415 1302 con mi dama me dibierto.
961 1314 1378 1346 En el cuarto les perdí
928 1357 1372 1390 á mis padres el respeto
932 1402 1426 1434 porque quisieron privarme
931 1446 1462 1478 este amor por largo tiempo.
959 1489 1421 1521 En el quinto he deseado
921 1533 1510 1566 dar la muerte á algunos necios
923 1577 1417 1612 porque con sus necedades
927 1620 1424 1656 quisieron hacer lo mesmo.
972 1664 1510 1700 En el sétimo me acuso......
884 1709 1426 1741 C. Hijo que te falta el sesto.
879 1753 1502 1786 P. Me espantara yo que el padre
920 1797 1360 1830 no me saltara con eso.
884 1841 1364 1874 C. Puos siga la confesion
930 1886 1427 1918 degémonos de argumentos
929 1930 1433 1965 que tiene usia mas maulas
930 1974 1422 2005 que velas un monumento.
879 2018 1301 2051 P. En el sétimo repito
926 2061 1510 2094 que me han dado pensamientos
923 2106 1319 2139 de robarle el corazon
922 2149 1420 2185 por ver si me tiene dentro.
964 2193 1400 2226 En el octavo me acuso
927 2238 1505 2270 que un testimonio he revuelto
921 2283 1403 2315 yo disputé que era el Sol
912 2326 1436 2360 siendo sus rubios cabellos.
