1765 2512
381 226 820 260 En el noveno me acuso
333 271 713 304 no tener otro deseo
337 316 829 351 que es el difrutar placeres
335 360 875 392 con la dama á quien venero.
379 402 782 436 En el décimo codicio
335 446 699 480 intereses y dineros,
331 491 837 526 para enriquecer á mi dama
331 535 834 567 que es un hermoso lucero.
292 579 808 612 C. Tan bonita es esa dama?
285 622 835 656 P. Padre mio como un cielo.
283 667 767 698 C. Adonde tiene su casa?
283 709 843 744 P Padre mio en los infiernos.
294 754 836 787 C. Yo no quiero las mugeres.
288 798 858 831 P. Pues yo padre si las quiero,
338 843 757 877 que como de ellas salí
333 887 854 919 en no viéndolas me muero.
295 931 746 962 C. Vayase luego de aquí
333 974 829 1007 pues absolverte no quiero.
296 1018 811 1052 P. Quédese padre con Dios
334 1062 860 1095 que la absolucion no espero
331 1106 807 1139 que voy á ver á mi dama
333 1150 832 1185 desde ayer que no la veo,
319 1282 824 1316 Montañés, yo no se hablar
289 1326 736 1361 yo esplicarme no puedo
291 1373 707 1409 yo quisiera ser Tadeo,
1023 226 1461 260 y poderme de esplicar;
1026 270 1466 302 sobre si me quereis dar
1023 314 1419 347 una cosa que le pido
1023 357 1524 391 que segun tengo entendido
1017 401 1442 434 se llama yo no sé que,
1020 445 1470 478 aquello que tiene usted
1017 489 1450 523 en el pipote escondido.
1057 534 1596 567 Trabaja un hombre y padece
1011 578 1464 614 y su cuerpo lo maltrata
1017 622 1447 653 por una mujer ingrata
1019 666 1471 700 y esta no se lo agradece;
1024 710 1522 743 palo y cascarles las nueces
1013 754 1573 789 porque al fin lo han de perder
1015 798 1495 831 y el que piense con placer
1013 842 1449 876 entregarles el bolsillo,
1016 886 1510 917 mas vale estar en presidio
1016 931 1484 963 que querer á una muger.
1060 973 1456 1006 Cuando dinero tenia
1007 1018 1451 1053 gozaba de mis placeres
1011 1063 1499 1094 me gustaban las mugeres
1012 1105 1468 1140 todas á una voz decian;
1020 1148 1462 1181 vaya una gran bizarría
1017 1194 1520 1226 qué hombre tan generoso!
1013 1239 1503 1269 qué discroto; que garboso;
1011 1282 1421 1314 así enamorado vengo
1005 1326 1490 1359 y ahora que no los tengo
1012 1371 1484 1403 un borracho escandaloso.
646 1401 1333 1554 DECIMAS GLOSADAS.
328 1589 870 1624 No hay mas amigo que Dios,
292 1634 746 1667 esto es claro y evidente,
294 1677 830 1711 que el mas amigo es traidor,
287 1720 799 1758 y el mas verdadero miente.
327 1764 782 1798 Elmas verdadero amigo
289 1810 759 1844 de mas estrecha amistad,
283 1853 798 1886 desde hoy digo con verdad
287 1897 765 1932 que es el mayor enemigo,
293 1941 737 1974 Cada cual lleva consigo
284 1984 775 2020 la envidia y codicia atroz,
288 2028 695 2062 esto lo afirma mi voz
295 2072 710 2106 con pena tan repetida,
297 2116 777 2150 que en aquesta triste vida
293 2161 818 2194 no hay mas amigo que Dios.
340 2204 802 2239 El amigo que á otro ama
291 2248 714 2281 en amistad satisfecbo
289 2292 740 2325 si le descubre su pecho
289 2337 774 2372 luego al punto lo difama;
1015 1587 1495 1621 y se acuesta con su dama
1010 1631 1452 1665 alsa y cautelosamente,
1014 1676 1497 1708 y si el amigo está ausente
1017 1719 1390 1752 y casado yega á ser,
1015 1764 1398 1798 solicita á su muger,
1014 1807 1466 1840 esto es claro y evidente.
1060 1850 1508 1884 Si el amigo llega á estar
1013 1894 1490 1929 con alguna conveniencia,
1016 1940 1392 1972 se la procura quitar
1012 1983 1566 2016 hablando mal en su ausencia,
1020 2027 1498 2060 y le quitan sin conciencia
1020 2071 1488 2105 honra, crédito y honor;
1021 2114 1388 2150 el mejor es el peor,
1026 2160 1527 2192 y asi mismo vuelvo y digo:
1028 2204 1624 2241 que no hay en el mundo amigo;
1022 2247 1566 2281 que el mas amigo es traidor.
1063 2291 1522 2326 Si uno ama en realidad,
1020 2336 1456 2372 al punto es aborrecido,
