1765 2512
191 243 650 276 la boquita muy pequeña,
194 286 596 320 delgadita de cintura,
197 331 608 364 la nariz toda perfecta,
192 372 626 408 sonrojadas las mejillas,
198 417 640 451 hechas ricas primaveras,
186 460 700 499 pelo hermoso con sus rizes,
192 504 646 540 vertiendo su boca perlas;
189 548 631 582 la barba tiene un hoyito
186 592 763 628 donde los hombres se encierran,
183 636 565 671 yo asi, tamañito asi,
188 681 618 714 tengo alli mi calavera.
138 724 630 762 De esta suerte, Pregonero,
137 769 521 800 por el Orbe te vocea
140 812 640 848 mi amor, y nunca te halla,
137 856 655 895 pues tu ingratitud me niega
140 898 554 934 aun el alívio de verte;
135 944 603 980 y este tormento no fuera
140 988 588 1022 mi dogal, si concedieses
143 1031 564 1066 á mi dolor una tregua;
140 1076 774 1115 porque estoy de amor tan ciego...
136 1119 598 1155 El papelito de los toros.
186 1162 498 1196 El diaro de hoy.
184 1206 815 1244 Romance en que se declara los
177 1250 806 1288 estragos horrorosos que ha cau-
185 1294 803 1330 sado una tormenta en el Reino
184 1338 808 1374 de Murcia. No hay quien mande
181 1382 811 1420 rezar á este pobre ciego las veinte
184 1426 472 1459 y cinco agonias!
138 1470 630 1508 Bien sabesqque ciego vivo,
135 1515 657 1549 y que es clara consecuencia
141 1558 617 1593 cegar quien vió tanta luz;
130 1601 644 1637 pues que miré la influencia
136 1644 672 1685 del sol de tu hermoso rostro,
884 245 1408 278 que espide por giros flechas,
884 290 1414 322 tanto, que amante y rendido
876 333 1326 366 á tu áltiva llama escelsa
884 377 1382 411 quedé en ceguedad Cupido,
882 422 1324 454 y como la fé con venda,
876 464 1432 498 creyendo no habrá en el Orbe
878 509 1396 543 quien te haga competencia,
873 553 1389 587 y enfermo por tus desdenes,
915 597 1398 631 y al rigor de tu inclemencia
882 641 1226 673 daré la vida por tí
882 683 1322 718 por ser la mayor fineza.
884 728 1366 767 Mira cual anda tu Amante
878 772 1280 804 mira que varias ideas
878 816 1342 853 hace el amor siendo fino
882 860 1364 897 cuando á su objeto venera.
874 904 1378 941 Dime, Cisne, Esfinge, dime,
875 949 1428 985 habrá en el Orbe quien pueda
876 992 1334 1028 blasonar de amante mas?
876 1036 1324 1071 habrá fé mas verdadera?
874 1080 1398 1119 habrá Amante mas Perfecto,
866 1124 1342 1159 ni que por tí mas hiciera?
864 1169 1434 1207 pues soy Mudo, Amante, Pabo,
878 1212 1356 1251 Guerrero, Loro, Tormenta,
867 1256 1348 1294 jugador de Espada, Naipes,
864 1300 1348 1338 Pelota, Fuego que quema,
869 1344 1258 1379 Adobador de zapatos,
870 1388 1358 1425 y el Totili mundi á cuestas,
872 1432 1352 1469 y además de eso soy Ciego
862 1477 1370 1514 para colmar mis miserias;
858 1521 1354 1556 pero hasta el fin Pregonero
874 1564 1312 1599 he de ser de tu belleza.
864 1608 1362 1643 Mira si otro Amante puede
863 1653 1408 1691 ser mas Perfecto en la tierra.
699 1963 955 1999 FIN.
636 2256 1028 2289 CARMONA:=1858.
173 2300 1492 2349 Imprenta de D. José M. Moreno, calle Juan de la Cabra núm. 4.
