1752 2480
114 228 616 260 los castigos que te aflijen:
119 271 631 303 pero ya es fuerza decirlo:
119 315 615 347 para que tengas paciencia
113 358 550 391 y lleves por Jesucristo
112 402 676 436 los trabajos que te aguardan,
116 446 720 479 porque han de ser muy crecidos
115 489 603 522 si el cielo no lo remedia
115 532 534 566 con su poder infinito.
107 576 618 612 Has de saber, hijo amado,
115 620 618 655 que yo al ver inadvertido
113 664 544 699 olvidastes los estudios,
115 709 572 743 que por el mandato mio
112 753 590 787 seguias para cantar misa,
117 797 673 833 (¡con qué ansia que lo digo!)
109 841 587 876 casándote sin mi gusto:
115 884 575 920 y al saberlo enfurecido,
119 929 580 964 postrándome de rodillas
115 972 588 1007 a los pies de Jesucristo,
112 1016 602 1052 contra ti esta maldicion
105 1060 607 1095 fulminé, ¡tormento impío!
114 1105 606 1141 «Permitid, Jesus sagrado,
120 1148 600 1184 que este inobediente hijo
123 1192 674 1228 que tal disgusto me ha dado,
111 1236 586 1272 se vea en Argél cautivo
111 1281 651 1317 en poder de un flero moro,
116 1326 620 1360 que como verdugo impío
111 1368 569 1405 á todas horas maltrate
120 1412 648 1448 su cuerpo con mil castigos,
117 1456 713 1493 que por sus manos me vengue
118 1501 552 1536 con rigores escesivos.
111 1545 600 1580 Mi torpe lengua enojada
116 1589 616 1623 de esta suerte te maldijo,
107 1634 612 1669 harto lo siento y me pesa
116 1677 638 1712 de lo hecho y de lo dicho:
111 1721 623 1757 mas yo te doy mi palabra
116 1763 577 1800 de pedir á Dios divino
116 1809 604 1844 con suspiros y orácíones,
111 1852 551 1889 con ayunos y cilicios,
121 1897 622 1932 que revoque la sentencia;
119 1942 595 1980 y en su Magestad confio
123 1985 578 2021 que querra favorecerme
111 2030 607 2068 y otorgar lo que le pido;
117 2073 577 2109 y así, hijo de mi vida,
116 2117 640 2153 tener Paciencia es preciso,
115 2161 587 2196 hasta que su Magestad
123 2204 575 2239 se sirva de darte alivio.
115 2249 692 2284 En cuanto á tu amada esposa,
117 2294 588 2332 ya yo la tengo conmigo;
839 229 1323 262 no tengas por eso pena,
841 271 1434 306 que siente bien tus martirios,
844 315 1372 348 rogando á Dios que te saque
839 359 1291 391 de congojas y peligros:
835 403 1345 436 y con esto Dios te guarde
844 446 1283 478 para ser consuelo mio.
845 490 1409 524 Quien mas te ama y te estima
843 533 1325 565 tu triste Padre Francisco
842 577 1335 610 de Sosvilla—Y remitióle
838 620 1338 656 la carta, y la ha recibido,
847 665 1329 696 quien al punto contestó;
842 709 1342 740 con otra que la remitido
839 753 1372 785 pidiendo á su dulce esposa
844 795 1326 828 se duela de su conflicto:
842 840 1365 874 que enternecída al instante
835 885 1292 916 sus alhajas ha vendido,
843 928 1383 962 y pidiendo entre los nóbles
847 972 1356 1006 de su pueblo compasivos,
836 1015 1389 1050 de lo cual juntó mil pesos;
843 1059 1342 1092 y su padre que esto vido.
836 1103 1430 1135 la dió otros mil, y en un barco
836 1146 1310 1178 la noble señora ha ido
846 1191 1356 1223 con los padres Redentores;
843 1235 1361 1268 y cuando en Argel se vido
844 1277 1389 1312 se informó quien era el amo
845 1323 1320 1355 mas el moro enfurecido,
836 1367 1368 1400 al ver su esposa presente,
845 1411 1311 1445 para darle mas castigo,
851 1454 1290 1486 por no perderlo pedia
840 1498 1328 1531 un precio muy escesivo.
845 1540 1355 1573 En mil y quinientos pesos
847 1586 1387 1619 los padres de san Francisco
840 1630 1358 1662 lo ajustaron, porque al rey
840 1674 1386 1706 humildes se lo lian pedido;
843 1717 1398 1750 y el rey mandó que lo diera:
839 1761 1291 1795 y el rescate concedido,
851 1804 1339 1838 con gusto y con alegría
846 1848 1386 1881 para España se han partido,
852 1891 1447 1926 dándole á Dios muchas gracias
843 1935 1266 1969 por el favor recibido.
852 1980 1368 2014 Tomen ejemplo los padres,
848 2023 1318 2058 no maldigan á sus hijos,
847 2065 1413 2102 pues suele el cielo á sus voces
852 2111 1355 2146 mostrarse muy vengativo.
846 2155 1396 2188 Y el que compuso los, versos
838 2199 1326 2232 á los que los han leido,
849 2244 1248 2277 humilde pide perdon
850 2287 1391 2322 de los yerros que han tenido.
173 2294 1482 2457 CARMONA:—1856. Imp. de D. José M. Moreno, Juan de la Cabra. 5.
