1737 2508
330 176 825 208 pero yo muy claramente
327 218 784 250 la dije, que no queria
324 262 730 293 olvidar mi santa ley
328 306 857 338 aunque perdiera mil vidas.
331 349 868 383 Sintiendo mucho el desaire,
332 391 769 426 con diabólica malicia,
323 434 848 469 le dijo á su amante moro
332 477 802 512 de que yo la perseguia.
320 521 866 558 El moro que aquestó oyó,
328 565 793 600 ei el jardin que tciia.
321 610 817 644 me ató con una cadena
328 653 943 691 contra un árbol, y en tres dias
320 697 896 734 no me dió á comer bocado,
324 735 872 780 y á la mazmorra me envia,
324 783 813 820 adonde estoy padeciendo
324 827 863 868 mil tormentos y desdichas,
324 870 813 912 Ruégote, padre y señor,
318 916 838 956 mireis por la esposa mia,
1057 175 1558 214 ves la querrais consolar,
1058 218 1554 257 que ya para mi su vista
1056 263 1584 301 será, padre, cuando llegue
1059 309 1558 342 del mundo el último dia.
1052 350 1552 387 No quieno cansaros mas:
1063 394 1594 433 vuestro hijo que os estima
1055 440 1530 474 y que mas desea veros,
1052 481 1536 519 Lucas Perez de Sosvilla.
1089 524 1598 563 Dió la carta á una muger.
1055 570 1632 607 que estaba en Argél cautiva,
1058 611 1592 650 y por su foetuna a España
1053 658 1417 694 venia ya redimida.
1055 703 1568 740 Recibio el padre la carta,
1055 748 1512 783 con gran pena la leia;
1052 792 1556 826 y en otra segunda parte
1047 836 1576 871 la respuesta que le envia,
1051 880 1512 913 se dirá, porque se sepa
1047 924 1576 960 el fin de la historia dicha.
846 930 1206 1085 SEGUNDA PARTE.
364 1090 821 1127 Apenas el noble padre
319 1133 838 1173 en sus tristes manos vido
325 1177 827 1216 los lamentables renglones
320 1220 816 1262 de su muy querido hijo,
318 1263 762 1301 leyó lo que contenian
312 1309 817 1350 hechos sus ojos dos rios,
316 1353 906 1395 rompiendo con tiérnas ánsias
317 1397 780 1434 en desenfrenados gritos
310 1441 822 1483 la vaga reguion del aire,
313 1485 799 1524 estas palabras ha dicho:
317 1532 781 1566 ¡Ay hijo del alma mia!
312 1575 814 1612 ¡Ay dulce consuelo mio!
316 1619 948 1659 ¿A dónde estás, prenda amada,
303 1660 969 1703 que el corazon me has partido?
319 1704 786 1743 Ya se acabo mi alegría,
317 1746 893 1789 pues por mi mal he perdido
303 1791 759 1830 un solo hijo que tenia
314 1834 764 1874 de mi vejez el alivio;
305 1879 866 1921 mas yo me tengo la culpa,
308 1924 815 1964 pague la pena yo mismo.
310 1969 818 2005 ¡Ah torpe lengua maldita
302 2012 919 2052 que tú misma has prorumpido
303 2054 842 2095 la sentencia de tu muerte
309 2097 827 2138 en la de aquel pobrecito!
302 2144 816 2182 ¡Ay Dios! habed compasion
302 2183 774 2227 de estos tristes afligidos,
307 2227 791 2272 mirad que el uno padece
306 2271 848 2321 sin culpa grandes martirios,
305 2317 796 2362 y este siente sus congojas,
1045 1099 1574 1136 porque la culpa ha tenido.
1047 1146 1542 1178 Mas ya arrepentido lloro
1051 1187 1556 1227 y os suplíco, Padre mio,
1037 1231 1542 1266 lo saqueis del cautiverio
1041 1275 1558 1312 en que se halla oprimido.
1088 1320 1526 1355 Dió fin á su peticion
1047 1364 1563 1401 suspendiendo sus gemidos,
1046 1409 1654 1445 porque entró su amada esposa;,
1048 1450 1556 1489 que apenas la carta vido,
1042 1494 1482 1530 las piedras enternecia
1043 1540 1496 1575 entre quejas y suspiros:
1039 1584 1550 1620 tomó el venerable anciano
1032 1625 1506 1663 la pluma, y enternecido
1035 1671 1497 1707 aquesta breve repuesta
1038 1714 1508 1752 notó con discreto estilo.
1072 1758 1513 1796 Recibí las tristes letras
1032 1803 1490 1841 de tus manos, hijo mio,
1033 1843 1474 1883 y fue tanta la tristeza
1039 1891 1536 1929 con que por ella me aflijo,
1039 1936 1557 1972 que no sé como del pecho
1035 1980 1535 2014 el corazon no se lia salido
1033 2021 1427 2057 á publicar mi dolor
1038 2067 1446 2105 y mis tiranos delitos,
1035 2109 1533 2147 pues por mi culpa padeces
1032 2154 1557 2194 tormentos tan nunca vistos,
1037 2201 1577 2238 como los que en estas letras
1039 2244 1486 2283 ne notificas tú mismo.
1034 2287 1500 2329 Hijo, yo tengo la culpa,
1036 2336 1486 2370 y yo solo he merecido
