1752 2480
1341 202 1655 261 (Número 3)
457 267 1346 330 EL CAUTIVO DE GERONA.
196 1150 1600 1209 NUEVA RELACION.
192 1250 1595 1299 De una carta que escribió á su padre un hijo, en que le daba á
191 1301 1597 1349 entender los tormentos que padecia en su cautiverió en la ciudad de
449 1349 1332 1396 Argel, y la contestacion que este le dá.
688 1433 1084 1589 PRIMERA PARTE.
916 1608 1438 1646 con unos cuadrados grillos
909 1653 1498 1691 que las piernas me lastiman:
916 1697 1298 1731 una cadena pesada
909 1739 1410 1776 al cuerpo traigo oprimida
915 1786 1460 1821 que por el suelo me arrastra
918 1827 1398 1865 y todo el cuerpo me liga.
908 1869 1362 1908 Es mi comer y beber
916 1913 1352 1952 solo una vezen el dia,
918 1959 1376 1997 una libra de pan prieto,
915 2002 1436 2044 sin mas vianda me envian,
918 2047 1427 2085 y media azumbre de agua
904 2089 1428 2128 me dan, señor, por bebida.
912 2132 1384 2172 El moro que me lo trae
915 2177 1434 2218 dobla mas las penas mias,
914 2222 1404 2260 porque de palabra y obra
908 2266 1420 2305 me ultraja con ignominia.
904 2309 1382 2347 Padre mio, yo confieso
914 2355 1412 2394 que toda la culpa es mia;
232 1601 706 1641 Permita el ciclo. divino,
188 1645 649 1684 dulce padre de mi vida,
187 1690 811 1726 de que llegue á vuestras manos
190 1733 610 1768 esta triste, carta mia.
182 1775 632 1812 Por ella, padre, sabreis
182 1819 644 1860 el tormento y la fatiga,
179 1864 622 1899 congoja, peña y dolor
187 1909 681 1946 que padezco noche y dia.
180 1951 610 1990 no cesando de llorar,
188 1995 671 2034 el alma siempre afligida;
184 2039 686 2077 triste el corazon, y lleno
186 2083 678 2122 de angustia y melancolia,
182 2127 672 2165 preso y cautivo en Argel
179 2172 688 2208 porque asi Dios lo queria:
182 2215 633 2252 tan maltratado, señor,
178 2258 708 2301 de aquesta gente enemiga,
177 2302 688 2340 en una oscura mazmorra
176 2347 660 2387 me tienen sin compañía,
