1217 1760
519 96 562 146 8
48 160 958 195 Lor....Con la mejo mujer que habreis vos visto,
191 204 964 241 porque ella es hacendosa, es guisandera,
185 249 797 285 y en dándole lugar, es paridera:
187 294 642 333 y ha de parir tres hijos,
188 337 720 373 y todos sacarán esta carita;
196 383 788 419 pero en particular la Mariquita,
200 427 908 462 que tiene un pico que es famosa cosa.
65 471 634 507 Vej... . .Tonto, tonton, espera.
401 557 675 597 SALEN TODOS.
67 647 896 685 Grac.. Yo, yo, lo detendré de esta manera,
194 693 874 729 y por que se le quiten las mohinas,
188 736 770 773 ayudenme toditas las vecinas.
386 826 706 865 CANTAN Y BAILAN.
67 916 714 953 Grac.. Viejecito, repórtese, acabe,
197 960 939 996 que ya es mi marido, mas él no lo sabe.
53 1004 734 1041 Lor....Tio mio, usted me perdone,
194 1048 850 1084 que soy casado, y no se por donde.
65 1091 890 1129 Vej..... Por no ir las simplezas de un tonto,
198 1138 838 1174 que se casen, que yo los perdono.
505 1193 583 1346 FIN.
369 1407 724 1442 CARMONA:=1849.
121 1545 969 1576 Imprenta y librería de D. J. M. MoRENo. calle
462 1587 632 1623 Oficiales.
