1188 1758
672 75 703 108 2
328 120 781 154 del sobrino del Doctor,
336 164 995 198 que es mas simple que Juan Rana,
337 209 946 241 y al paso que es simple, es rico:
335 253 912 285 pues si mi industria le agarra
342 296 853 328 por marido, he de quedar
329 340 784 372 la mas bien acomodada
330 384 1011 416 muger que haya en todo el mundo.
231 429 754 465 1.°. Solo sin remedio falta
337 473 802 505 que la traza nos digais.
229 518 870 552 2.°. Vamos, Guiteria, á la traza.
202 562 817 597 Grac... El es simple, como digo,
336 605 999 638 yo he de esconderme en su casa,
335 650 777 685 y vosotros en viniendo
354 694 896 728 oid, que es cosa estremada)
336 738 736 773 le dareis el parabien,
337 782 796 814 dando ya por asentadas
337 827 837 859 nuestras bodas, y que soy
329 871 884 903 su muger, y en mi alabanza
341 914 798 947 hablareis y todo aquesto
337 960 840 992 con muy seguras palabras
333 1002 836 1037 de aquello de Dios lo hizo,
338 1048 843 1081 vos teneis muger honrada,
332 1091 879 1126 lo de menos es la hacienda,
339 1137 812 1171 y otras frases ordinarias;
334 1180 833 1213 que yo pondré mi cabeza,
332 1224 883 1257 á que me quedo en su casa,
336 1268 880 1302 creyendo que es mi marido:
333 1311 900 1345 que despues yo tendré maña
333 1357 861 1390 para hacer que verdad sea,
334 1400 823 1434 y quedarán con tal traza
333 1445 927 1478 hoy, que quiera que no quiera.
329 1489 889 1523 nuestras nupcias celebradas.
332 1536 801 1568 Mas él viene con su tio,
