1217 1760
541 258 577 304 6
210 318 872 354 que vos no merecísteis descalzarla. vase.
72 361 848 397 Lor... Ay Dios! y por dónde estó casado,
210 407 976 441 que hasta ahora no me habia yo acatado.
212 449 942 487 Casado yo? no entiendo de qué modo;
215 493 906 530 verdad será, cuando lo dicen todos.
388 583 742 619 SALE LA GRACIOSA.
77 671 866 704 Grac..  Es hora de venir, marido, á casa?
214 716 956 752 que cuanto estoy guisando se me pasa,
210 761 940 797 se azurra, se me pega y se me quema,
216 805 914 840 y que vos me vengais con esa fiema;
210 848 926 884 hecha yo un estropajo, y mal vestida,
213 895 783 926 y solo por guisaros la comida?
210 937 864 970 vo no puedo sufriros, ni es posible.
83 983 952 1016 Lor,..  Yo no he podido mas, no seais terrible.
81 1027 946 1059 Grac.. No, no quiero, que es hijo de mi casa.
77 1069 787 1102 Lor ..  Eso tiene que luego se le pasa.
84 1114 892 1148 Grac.. Y le tengo yo guisado un po-pollito,
214 1157 1041 1193 con su agraz, con su especia y con su ajito,
217 1201 590 1235 todo para esa boca.
84 1246 995 1279 Lor..Luego yo he de comerme lo que os toca?
87 1291 652 1325 Grac.. Yo como por un pollo.
79 1335 515 1371 Lor...Eso me agrada,
209 1377 935 1413 pues de ese modo no me queda nada.
88 1423 1009 1458 Grac... Cómo no os queda nada? hay un puchero,
212 1469 926 1501 con chorizo, con baca y con carnero,
214 1511 906 1545 con tocino, que alegra los gaznates,
213 1554 852 1589 con su salsa picante de tomates,
215 1598 767 1633 ya picadas sus verengenitas,
208 1643 884 1675 con sus garvanzos y sus verduritas,
