<?xml version="1.0" encoding="UTF-8" standalone="yes"?>
<PcGts xmlns="http://schema.primaresearch.org/PAGE/gts/pagecontent/2013-07-15" xmlns:xsi="http://www.w3.org/2001/XMLSchema-instance" xsi:schemaLocation="http://schema.primaresearch.org/PAGE/gts/pagecontent/2013-07-15 http://schema.primaresearch.org/PAGE/gts/pagecontent/2013-07-15/pagecontent.xsd">
    <Metadata>
        <Creator>prov=University of Rostock/Institute of Mathematics/CITlab|PLANET AI GmbH/Gundram Leifert/gundram.leifert@planet-ai.de:name=Pliegos de Cordel (XIXe) - v4(htr_id=27283)::::v=2.6.7
prov=University of Rostock/Institute of Mathematics/CITlab|PLANET AI GmbH/Tobias Gruening/tobias.gruening@planet-ai.de:name=de.uros.citlab.module.baseline2polygon.B2PSeamMultiOriented:v=2.6.7
prov=University of Rostock/Institute of Mathematics/CITlab|PLANET AI GmbH/Tobias Gruening/tobias.gruening@planet-ai.de:name=/net_tf/LA73_249_0mod360.pb:de.uros.citlab.segmentation.CITlab_LA_ML:v=2.6.7
Transkribus</Creator>
        <Created>2020-11-09T10:43:10.915+01:00</Created>
        <LastChange>2020-11-09T17:52:26.594+01:00</LastChange>
        <Comments>
                Measurement unit: pixel
                PrimaryLanguage: 
                Producer: Transkribus
            </Comments>
        <TranskribusMetadata docId="525371" pageId="22317910" pageNr="40" tsid="48450943" status="DONE" userId="66244" imgUrl="https://files.transkribus.eu/Get?id=ANWKVQEHXJULLXEDKDZLJKWX&amp;fileType=view" xmlUrl="https://files.transkribus.eu/Get?id=EPOFVJFCLFGJTDSILTUWNUOY" imageId="17387433"/>
    </Metadata>
    <Page imageFilename="Moreno_096_4.jpg" imageWidth="1188" imageHeight="1758">
        <PrintSpace>
            <Coords points="0,0 1188,0 1188,1758 0,1758"/>
        </PrintSpace>
        <ReadingOrder>
            <OrderedGroup id="ro_1606755294172" caption="Regions reading order">
                <RegionRefIndexed index="0" regionRef="r_1_1"/>
            </OrderedGroup>
        </ReadingOrder>
        <TextRegion orientation="0.0" type="paragraph" id="r_1_1" custom="readingOrder {index:0;}">
            <Coords points="219,225 1188,225 1188,1739 219,1739"/>
            <TextLine id="r_1_1l1" custom="readingOrder {index:0;}">
                <Coords points="222,317 262,316 303,315 344,314 385,314 426,313 466,313 507,313 548,313 589,313 630,314 670,314 711,314 752,315 793,315 834,315 874,316 915,316 956,316 997,316 1038,316 1038,285 997,285 956,285 915,285 874,285 834,284 793,284 752,284 711,283 670,283 630,283 589,282 548,282 507,282 466,282 426,282 385,283 344,283 303,284 262,285 222,286"/>
                <Baseline points="222,307 262,306 303,305 344,304 385,304 426,303 466,303 507,303 548,303 589,303 630,304 670,304 711,304 752,305 793,305 834,305 874,306 915,306 956,306 997,306 1038,306"/>
                <TextEquiv>
                    <Unicode>Lor... .Con el Herrero yo no quiero nada.</Unicode>
                </TextEquiv>
            </TextLine>
            <TextLine id="r_1_1l2" custom="readingOrder {index:1;}">
                <Coords points="228,360 270,359 313,359 355,359 398,359 441,359 483,359 526,359 569,359 611,359 654,359 697,359 739,359 782,360 825,360 867,360 910,359 953,359 995,359 1038,359 1081,358 1081,327 1038,328 995,328 953,328 910,328 867,329 825,329 782,329 739,328 697,328 654,328 611,328 569,328 526,328 483,328 441,328 398,328 355,328 313,328 270,328 228,329"/>
                <Baseline points="228,350 270,349 313,349 355,349 398,349 441,349 483,349 526,349 569,349 611,349 654,349 697,349 739,349 782,350 825,350 867,350 910,349 953,349 995,349 1038,349 1081,348"/>
                <TextEquiv>
                    <Unicode>Vej..... Pues por qué? la razon, loco de locos.</Unicode>
                </TextEquiv>
            </TextLine>
            <TextLine id="r_1_1l3" custom="readingOrder {index:2;}">
                <Coords points="220,404 265,404 310,403 355,403 401,402 446,402 491,402 536,402 582,402 627,402 672,403 717,403 763,403 808,403 853,404 898,404 944,404 989,404 1034,404 1079,404 1125,403 1125,372 1079,373 1034,373 989,373 944,373 898,373 853,373 808,372 763,372 717,372 672,372 627,371 582,371 536,371 491,371 446,371 401,371 355,372 310,372 265,373 220,373"/>
                <Baseline points="220,394 265,394 310,393 355,393 401,392 446,392 491,392 536,392 582,392 627,392 672,393 717,393 763,393 808,393 853,394 898,394 944,394 989,394 1034,394 1079,394 1125,393"/>
                <TextEquiv>
                    <Unicode>Lor... Porque siempre está dando soplamocos.</Unicode>
                </TextEquiv>
            </TextLine>
            <TextLine id="r_1_1l4" custom="readingOrder {index:3;}">
                <Coords points="233,448 269,448 305,447 342,447 378,446 415,446 451,446 488,446 524,446 561,446 597,446 633,446 670,447 706,447 743,447 779,447 816,447 852,447 889,446 925,446 962,446 962,416 925,416 889,416 852,417 816,417 779,417 743,417 706,417 670,417 633,416 597,416 561,416 524,416 488,416 451,416 415,416 378,416 342,417 305,417 269,418 233,418"/>
                <Baseline points="233,438 269,438 305,437 342,437 378,436 415,436 451,436 488,436 524,436 561,436 597,436 633,436 670,437 706,437 743,437 779,437 816,437 852,437 889,436 925,436 962,436"/>
                <TextEquiv>
                    <Unicode>Vej....La hija del Alcalde era famosa;</Unicode>
                </TextEquiv>
            </TextLine>
            <TextLine id="r_1_1l5" custom="readingOrder {index:4;}">
                <Coords points="359,491 391,491 423,490 456,490 488,490 521,490 553,490 586,491 618,491 651,491 683,491 715,491 748,492 780,492 813,492 845,492 878,491 910,491 943,491 975,490 1008,490 1008,460 975,460 943,461 910,461 878,461 845,462 813,462 780,462 748,462 715,461 683,461 651,461 618,461 586,461 553,460 521,460 488,460 456,460 423,460 391,461 359,461"/>
                <Baseline points="359,481 391,481 423,480 456,480 488,480 521,480 553,480 586,481 618,481 651,481 683,481 715,481 748,482 780,482 813,482 845,482 878,481 910,481 943,481 975,480 1008,480"/>
                <TextEquiv>
                    <Unicode>pero tiene tres hijos, y eso es cosa</Unicode>
                </TextEquiv>
            </TextLine>
            <TextLine id="r_1_1l6" custom="readingOrder {index:5;}">
                <Coords points="352,533 390,534 428,534 466,534 504,534 542,534 580,534 618,534 656,534 694,534 732,534 770,534 808,534 846,534 884,534 922,534 960,534 998,534 1036,534 1074,534 1112,534 1112,504 1074,504 1036,504 998,504 960,504 922,504 884,504 846,504 808,504 770,504 732,504 694,504 656,504 618,504 580,504 542,504 504,504 466,504 428,504 390,504 352,503"/>
                <Baseline points="352,523 390,524 428,524 466,524 504,524 542,524 580,524 618,524 656,524 694,524 732,524 770,524 808,524 846,524 884,524 922,524 960,524 998,524 1036,524 1074,524 1112,524"/>
                <TextEquiv>
                    <Unicode>muy terrible, que obliga á no querella.</Unicode>
                </TextEquiv>
            </TextLine>
            <TextLine id="r_1_1l7" custom="readingOrder {index:6;}">
                <Coords points="219,580 264,579 309,579 354,578 400,578 445,578 490,578 536,578 581,578 626,578 672,578 717,579 762,579 807,579 853,579 898,579 943,579 989,579 1034,578 1079,578 1125,577 1125,546 1079,547 1034,547 989,548 943,548 898,548 853,548 807,548 762,548 717,548 672,547 626,547 581,547 536,547 490,547 445,547 400,547 354,547 309,548 264,548 219,549"/>
                <Baseline points="219,570 264,569 309,569 354,568 400,568 445,568 490,568 536,568 581,568 626,568 672,568 717,569 762,569 807,569 853,569 898,569 943,569 989,569 1034,568 1079,568 1125,567"/>
                <TextEquiv>
                    <Unicode>Lor... Pues aqueso qué importa, si es doncella?</Unicode>
                </TextEquiv>
            </TextLine>
            <TextLine id="r_1_1l8" custom="readingOrder {index:7;}">
                <Coords points="232,623 279,623 326,622 374,622 421,622 469,622 516,622 563,622 611,622 658,622 706,622 753,622 800,622 848,622 895,622 943,622 990,622 1037,622 1085,622 1132,622 1180,621 1180,590 1132,591 1085,591 1037,591 990,591 943,591 895,591 848,591 800,591 753,591 706,591 658,591 611,591 563,591 516,591 469,591 421,591 374,591 326,591 279,592 232,592"/>
                <Baseline points="232,613 279,613 326,612 374,612 421,612 469,612 516,612 563,612 611,612 658,612 706,612 753,612 800,612 848,612 895,612 943,612 990,612 1037,612 1085,612 1132,612 1180,611"/>
                <TextEquiv>
                    <Unicode>Vej..... Quedad con Dios: que es cosa tan perdida!</Unicode>
                </TextEquiv>
            </TextLine>
            <TextLine id="r_1_1l9" custom="readingOrder {index:8;}">
                <Coords points="362,668 396,668 430,667 464,666 498,666 532,666 566,666 601,666 635,666 669,666 703,666 737,667 771,667 805,667 840,667 874,667 908,667 942,667 976,667 1010,666 1045,666 1045,636 1010,636 976,637 942,637 908,637 874,637 840,637 805,637 771,637 737,637 703,636 669,636 635,636 601,636 566,636 532,636 498,636 464,636 430,637 396,638 362,638"/>
                <Baseline points="362,658 396,658 430,657 464,656 498,656 532,656 566,656 601,656 635,656 669,656 703,656 737,657 771,657 805,657 840,657 874,657 908,657 942,657 976,657 1010,656 1045,656"/>
                <TextEquiv>
                    <Unicode>ya no pienso yo hablaros en mi vida</Unicode>
                </TextEquiv>
            </TextLine>
            <TextLine id="r_1_1l10" custom="readingOrder {index:9;}">
                <Coords points="360,709 389,709 419,710 449,710 478,710 508,710 538,710 567,710 597,710 627,710 657,709 686,709 716,709 746,709 775,709 805,709 835,709 864,710 894,710 924,711 954,712 954,682 924,681 894,680 864,680 835,679 805,679 775,679 746,679 716,679 686,679 657,679 627,680 597,680 567,680 538,680 508,680 478,680 449,680 419,680 389,679 360,679"/>
                <Baseline points="360,699 389,699 419,700 449,700 478,700 508,700 538,700 567,700 597,700 627,700 657,699 686,699 716,699 746,699 775,699 805,699 835,699 864,700 894,700 924,701 954,702"/>
                <TextEquiv>
                    <Unicode>en el particular del casamiento,</Unicode>
                </TextEquiv>
            </TextLine>
            <TextLine id="r_1_1l11" custom="readingOrder {index:10;}">
                <Coords points="356,753 397,754 439,754 480,754 522,754 563,754 605,754 646,755 688,755 729,755 771,755 812,755 854,754 895,754 937,754 978,754 1020,754 1061,754 1103,754 1144,754 1186,753 1186,722 1144,723 1103,723 1061,723 1020,723 978,723 937,723 895,723 854,723 812,724 771,724 729,724 688,724 646,724 605,723 563,723 522,723 480,723 439,723 397,723 356,722"/>
                <Baseline points="356,743 397,744 439,744 480,744 522,744 563,744 605,744 646,745 688,745 729,745 771,745 812,745 854,744 895,744 937,744 978,744 1020,744 1061,744 1103,744 1144,744 1186,743"/>
                <TextEquiv>
                    <Unicode>que me cansa lidiar con un jumento vase.</Unicode>
                </TextEquiv>
            </TextLine>
            <TextLine id="r_1_1l12" custom="readingOrder {index:11;}">
                <Coords points="225,800 271,800 317,800 363,800 410,799 456,799 502,799 549,799 595,799 641,799 688,799 734,799 780,799 826,799 873,799 919,799 965,799 1012,798 1058,798 1104,798 1151,798 1151,767 1104,767 1058,767 1012,767 965,768 919,768 873,768 826,768 780,768 734,768 688,768 641,768 595,768 549,768 502,768 456,768 410,768 363,769 317,769 271,769 225,769"/>
                <Baseline points="225,790 271,790 317,790 363,790 410,789 456,789 502,789 549,789 595,789 641,789 688,789 734,789 780,789 826,789 873,789 919,789 965,789 1012,788 1058,788 1104,788 1151,788"/>
                <TextEquiv>
                    <Unicode>Lor... Haced cuenta que nada me habeis dicho;</Unicode>
                </TextEquiv>
            </TextLine>
            <TextLine id="r_1_1l13" custom="readingOrder {index:12;}">
                <Coords points="357,846 395,845 434,844 472,844 511,843 550,843 588,843 627,843 665,843 704,843 743,843 781,844 820,844 858,844 897,844 936,844 974,844 1013,844 1051,843 1090,843 1129,841 1129,810 1090,812 1051,812 1013,813 974,813 936,813 897,813 858,813 820,813 781,813 743,812 704,812 665,812 627,812 588,812 550,812 511,812 472,813 434,813 395,814 357,815"/>
                <Baseline points="357,836 395,835 434,834 472,834 511,833 550,833 588,833 627,833 665,833 704,833 743,833 781,834 820,834 858,834 897,834 936,834 974,834 1013,834 1051,833 1090,833 1129,831"/>
                <TextEquiv>
                    <Unicode>que yo me he de casar por mi capricho.</Unicode>
                </TextEquiv>
            </TextLine>
            <TextLine id="r_1_1l14" custom="readingOrder {index:13;}">
                <Coords points="505,934 530,933 555,933 580,933 605,933 630,933 655,933 680,933 705,933 730,933 755,934 780,934 805,934 830,934 855,934 880,934 906,934 906,901 880,901 855,901 830,901 805,901 780,901 755,901 730,900 705,900 680,900 655,900 630,900 605,900 580,900 555,900 530,900 505,901"/>
                <Baseline points="505,923 530,922 555,922 580,922 605,922 630,922 655,922 680,922 705,922 730,922 755,923 780,923 805,923 830,923 855,923 880,923 906,923"/>
                <TextEquiv>
                    <Unicode>SALE EL HOMERE 1...</Unicode>
                </TextEquiv>
            </TextLine>
            <TextLine id="r_1_1l15" custom="readingOrder {index:14;}">
                <Coords points="252,1020 291,1021 330,1021 369,1021 409,1021 448,1020 487,1020 526,1020 566,1020 605,1020 644,1020 683,1020 723,1019 762,1020 801,1020 840,1020 880,1020 919,1020 958,1021 997,1022 1037,1023 1037,992 997,991 958,990 919,989 880,989 840,989 801,989 762,989 723,988 683,989 644,989 605,989 566,989 526,989 487,989 448,989 409,990 369,990 330,990 291,990 252,989"/>
                <Baseline points="252,1010 291,1011 330,1011 369,1011 409,1011 448,1010 487,1010 526,1010 566,1010 605,1010 644,1010 683,1010 723,1009 762,1010 801,1010 840,1010 880,1010 919,1010 958,1011 997,1012 1037,1013"/>
                <TextEquiv>
                    <Unicode>1.o, Señor Lerenzo, en hora buena sea,</Unicode>
                </TextEquiv>
            </TextLine>
            <TextLine id="r_1_1l16" custom="readingOrder {index:15;}">
                <Coords points="355,1069 385,1068 415,1067 445,1066 475,1065 506,1065 536,1064 566,1064 596,1064 626,1064 657,1064 687,1064 717,1064 747,1065 777,1065 808,1065 838,1065 868,1065 898,1065 928,1065 959,1065 959,1035 928,1035 898,1035 868,1035 838,1035 808,1035 777,1035 747,1035 717,1034 687,1034 657,1034 626,1034 596,1034 566,1034 536,1034 506,1035 475,1035 445,1036 415,1037 385,1038 355,1039"/>
                <Baseline points="355,1059 385,1058 415,1057 445,1056 475,1055 506,1055 536,1054 566,1054 596,1054 626,1054 657,1054 687,1054 717,1054 747,1055 777,1055 808,1055 838,1055 868,1055 898,1055 928,1055 959,1055"/>
                <TextEquiv>
                    <Unicode>y goze usted los años que desea</Unicode>
                </TextEquiv>
            </TextLine>
            <TextLine id="r_1_1l17" custom="readingOrder {index:16;}">
                <Coords points="358,1109 390,1109 423,1108 455,1108 488,1108 520,1108 553,1107 585,1107 618,1107 650,1107 683,1107 716,1107 748,1107 781,1108 813,1108 846,1108 878,1108 911,1109 943,1109 976,1109 1009,1110 1009,1080 976,1079 943,1079 911,1079 878,1078 846,1078 813,1078 781,1078 748,1077 716,1077 683,1077 650,1077 618,1077 585,1077 553,1077 520,1078 488,1078 455,1078 423,1078 390,1079 358,1079"/>
                <Baseline points="358,1099 390,1099 423,1098 455,1098 488,1098 520,1098 553,1097 585,1097 618,1097 650,1097 683,1097 716,1097 748,1097 781,1098 813,1098 846,1098 878,1098 911,1099 943,1099 976,1099 1009,1100"/>
                <TextEquiv>
                    <Unicode>en vida siempre de esa mi señora,</Unicode>
                </TextEquiv>
            </TextLine>
            <TextLine id="r_1_1l18" custom="readingOrder {index:17;}">
                <Coords points="360,1153 396,1152 432,1152 468,1152 504,1152 540,1152 576,1152 612,1152 648,1152 684,1152 720,1152 756,1152 792,1152 828,1152 864,1152 900,1153 936,1153 972,1153 1008,1153 1044,1153 1081,1154 1081,1123 1044,1122 1008,1122 972,1122 936,1122 900,1122 864,1121 828,1121 792,1121 756,1121 720,1121 684,1121 648,1121 612,1121 576,1121 540,1121 504,1121 468,1121 432,1121 396,1121 360,1122"/>
                <Baseline points="360,1143 396,1142 432,1142 468,1142 504,1142 540,1142 576,1142 612,1142 648,1142 684,1142 720,1142 756,1142 792,1142 828,1142 864,1142 900,1143 936,1143 972,1143 1008,1143 1044,1143 1081,1144"/>
                <TextEquiv>
                    <Unicode>que en la calle lo supe ohora, ahora;</Unicode>
                </TextEquiv>
            </TextLine>
            <TextLine id="r_1_1l19" custom="readingOrder {index:18;}">
                <Coords points="353,1196 391,1196 430,1196 469,1196 508,1197 547,1197 586,1197 625,1197 664,1197 703,1197 741,1197 780,1197 819,1197 858,1197 897,1197 936,1197 975,1197 1014,1196 1053,1196 1092,1196 1092,1166 1053,1166 1014,1166 975,1167 936,1167 897,1167 858,1167 819,1167 780,1167 741,1167 703,1167 664,1167 625,1167 586,1167 547,1167 508,1167 469,1166 430,1166 391,1166 353,1166"/>
                <Baseline points="353,1186 391,1186 430,1186 469,1186 508,1187 547,1187 586,1187 625,1187 664,1187 703,1187 741,1187 780,1187 819,1187 858,1187 897,1187 936,1187 975,1187 1014,1186 1053,1186 1092,1186"/>
                <TextEquiv>
                    <Unicode>vo soy el que mas lo está aplaudiendo.</Unicode>
                </TextEquiv>
            </TextLine>
            <TextLine id="r_1_1l20" custom="readingOrder {index:19;}">
                <Coords points="223,1243 271,1242 319,1241 367,1240 415,1240 463,1239 511,1239 559,1239 607,1240 655,1240 704,1240 752,1241 800,1241 848,1241 896,1241 944,1241 992,1241 1040,1240 1088,1239 1136,1238 1185,1236 1185,1205 1136,1207 1088,1208 1040,1209 992,1210 944,1210 896,1210 848,1210 800,1210 752,1210 704,1209 655,1209 607,1209 559,1208 511,1208 463,1208 415,1209 367,1209 319,1210 271,1211 223,1212"/>
                <Baseline points="223,1233 271,1232 319,1231 367,1230 415,1230 463,1229 511,1229 559,1229 607,1230 655,1230 704,1230 752,1231 800,1231 848,1231 896,1231 944,1231 992,1231 1040,1230 1088,1229 1136,1228 1185,1226"/>
                <TextEquiv>
                    <Unicode>Lor....De qué es el parabien, que no os entíendo?</Unicode>
                </TextEquiv>
            </TextLine>
            <TextLine id="r_1_1l21" custom="readingOrder {index:20;}">
                <Coords points="258,1287 293,1287 329,1286 365,1285 401,1285 437,1285 473,1284 509,1284 545,1284 581,1284 617,1284 652,1284 688,1284 724,1284 760,1284 796,1284 832,1284 868,1284 904,1285 940,1285 976,1285 976,1254 940,1254 904,1254 868,1253 832,1253 796,1253 760,1253 724,1253 688,1253 652,1253 617,1253 581,1253 545,1253 509,1253 473,1253 437,1254 401,1254 365,1254 329,1255 293,1256 258,1256"/>
                <Baseline points="258,1277 293,1277 329,1276 365,1275 401,1275 437,1275 473,1274 509,1274 545,1274 581,1274 617,1274 652,1274 688,1274 724,1274 760,1274 796,1274 832,1274 868,1274 904,1275 940,1275 976,1275"/>
                <TextEquiv>
                    <Unicode>1.. De que teneis famosa compañía.</Unicode>
                </TextEquiv>
            </TextLine>
            <TextLine id="r_1_1l22" custom="readingOrder {index:21;}">
                <Coords points="219,1333 260,1332 301,1331 342,1330 383,1329 424,1329 465,1328 506,1328 547,1328 588,1327 630,1327 671,1327 712,1327 753,1327 794,1327 835,1327 876,1327 917,1327 958,1327 999,1327 1041,1327 1041,1296 999,1296 958,1296 917,1296 876,1296 835,1296 794,1296 753,1296 712,1296 671,1296 630,1296 588,1296 547,1297 506,1297 465,1297 424,1298 383,1298 342,1299 301,1300 260,1301 219,1302"/>
                <Baseline points="219,1323 260,1322 301,1321 342,1320 383,1319 424,1319 465,1318 506,1318 547,1318 588,1317 630,1317 671,1317 712,1317 753,1317 794,1317 835,1317 876,1317 917,1317 958,1317 999,1317 1041,1317"/>
                <TextEquiv>
                    <Unicode>Lor... Pnes qué soy Capitan de Infantería?</Unicode>
                </TextEquiv>
            </TextLine>
            <TextLine id="r_1_1l23" custom="readingOrder {index:22;}">
                <Coords points="257,1376 297,1375 337,1375 377,1374 417,1374 458,1373 498,1373 538,1373 578,1373 618,1372 659,1372 699,1372 739,1372 779,1372 819,1372 860,1372 900,1372 940,1372 980,1372 1020,1372 1061,1373 1061,1342 1020,1341 980,1341 940,1341 900,1341 860,1341 819,1341 779,1341 739,1341 699,1341 659,1341 618,1341 578,1342 538,1342 498,1342 458,1342 417,1343 377,1343 337,1344 297,1344 257,1345"/>
                <Baseline points="257,1366 297,1365 337,1365 377,1364 417,1364 458,1363 498,1363 538,1363 578,1363 618,1362 659,1362 699,1362 739,1362 779,1362 819,1362 860,1362 900,1362 940,1362 980,1362 1020,1362 1061,1363"/>
                <TextEquiv>
                    <Unicode>1.. Linda chanza es aquesta, linda cosa! </Unicode>
                </TextEquiv>
            </TextLine>
            <TextLine id="r_1_1l24" custom="readingOrder {index:23;}">
                <Coords points="355,1420 395,1419 436,1418 477,1417 518,1417 559,1416 599,1416 640,1416 681,1416 722,1416 763,1416 803,1416 844,1416 885,1416 926,1416 967,1416 1007,1416 1048,1416 1089,1415 1130,1414 1171,1413 1171,1382 1130,1383 1089,1384 1048,1385 1007,1385 967,1385 926,1385 885,1385 844,1385 803,1385 763,1385 722,1385 681,1385 640,1385 599,1385 559,1385 518,1386 477,1386 436,1387 395,1388 355,1389"/>
                <Baseline points="355,1410 395,1409 436,1408 477,1407 518,1407 559,1406 599,1406 640,1406 681,1406 722,1406 763,1406 803,1406 844,1406 885,1406 926,1406 967,1406 1007,1406 1048,1406 1089,1405 1130,1404 1171,1403"/>
                <TextEquiv>
                    <Unicode>lo que os digo, que hallareis linda esposa</Unicode>
                </TextEquiv>
            </TextLine>
            <TextLine id="r_1_1l25" custom="readingOrder {index:24;}">
                <Coords points="359,1464 396,1463 433,1462 470,1461 508,1461 545,1461 582,1461 619,1460 657,1461 694,1461 731,1461 768,1461 806,1461 843,1461 880,1461 917,1461 955,1461 992,1461 1029,1460 1066,1460 1104,1459 1104,1428 1066,1429 1029,1429 992,1430 955,1430 917,1430 880,1430 843,1430 806,1430 768,1430 731,1430 694,1430 657,1430 619,1429 582,1430 545,1430 508,1430 470,1430 433,1431 396,1432 359,1433"/>
                <Baseline points="359,1454 396,1453 433,1452 470,1451 508,1451 545,1451 582,1451 619,1450 657,1451 694,1451 731,1451 768,1451 806,1451 843,1451 880,1451 917,1451 955,1451 992,1451 1029,1450 1066,1450 1104,1449"/>
                <TextEquiv>
                    <Unicode>y muy buena muger, y muy guardosa.</Unicode>
                </TextEquiv>
            </TextLine>
            <TextLine id="r_1_1l26" custom="readingOrder {index:25;}">
                <Coords points="219,1510 261,1508 303,1507 346,1506 388,1506 431,1505 473,1505 516,1504 558,1504 601,1504 643,1504 685,1504 728,1504 770,1504 813,1504 855,1504 898,1504 940,1504 983,1504 1025,1504 1068,1503 1068,1472 1025,1473 983,1473 940,1473 898,1473 855,1473 813,1473 770,1473 728,1473 685,1473 643,1473 601,1473 558,1473 516,1473 473,1474 431,1474 388,1475 346,1475 303,1476 261,1477 219,1479"/>
                <Baseline points="219,1500 261,1498 303,1497 346,1496 388,1496 431,1495 473,1495 516,1494 558,1494 601,1494 643,1494 685,1494 728,1494 770,1494 813,1494 855,1494 898,1494 940,1494 983,1494 1025,1494 1068,1493"/>
                <TextEquiv>
                    <Unicode>Lor....Pues así os salve Dios, heme casado?</Unicode>
                </TextEquiv>
            </TextLine>
            <TextLine id="r_1_1l27" custom="readingOrder {index:26;}">
                <Coords points="355,1551 395,1551 436,1550 477,1550 518,1550 558,1549 599,1549 640,1549 681,1549 721,1549 762,1548 803,1548 844,1548 884,1548 925,1548 966,1548 1007,1548 1047,1548 1088,1548 1129,1548 1170,1548 1170,1517 1129,1517 1088,1517 1047,1517 1007,1517 966,1517 925,1517 884,1517 844,1517 803,1517 762,1517 721,1518 681,1518 640,1518 599,1518 558,1518 518,1519 477,1519 436,1519 395,1520 355,1520"/>
                <Baseline points="355,1541 395,1541 436,1540 477,1540 518,1540 558,1539 599,1539 640,1539 681,1539 721,1539 762,1538 803,1538 844,1538 884,1538 925,1538 966,1538 1007,1538 1047,1538 1088,1538 1129,1538 1170,1538"/>
                <TextEquiv>
                    <Unicode>porque si así es verdad se me ha olvidado, </Unicode>
                </TextEquiv>
            </TextLine>
            <TextLine id="r_1_1l28" custom="readingOrder {index:27;}">
                <Coords points="253,1596 290,1596 328,1595 366,1595 404,1595 442,1595 480,1594 518,1594 556,1594 594,1594 632,1594 669,1594 707,1594 745,1594 783,1594 821,1594 859,1594 897,1594 935,1594 973,1594 1011,1594 1011,1564 973,1564 935,1564 897,1564 859,1564 821,1564 783,1564 745,1564 707,1564 669,1564 632,1564 594,1564 556,1564 518,1564 480,1564 442,1565 404,1565 366,1565 328,1565 290,1566 253,1566"/>
                <Baseline points="253,1586 290,1586 328,1585 366,1585 404,1585 442,1585 480,1584 518,1584 556,1584 594,1584 632,1584 669,1584 707,1584 745,1584 783,1584 821,1584 859,1584 897,1584 935,1584 973,1584 1011,1584"/>
                <TextEquiv>
                    <Unicode>L.e, Anoche, por palabras de presente,</Unicode>
                </TextEquiv>
            </TextLine>
            <TextLine id="r_1_1l29" custom="readingOrder {index:28;}">
                <Coords points="362,1638 395,1638 429,1638 462,1637 496,1637 529,1637 563,1637 596,1636 630,1636 663,1636 697,1636 731,1636 764,1636 798,1636 831,1636 865,1636 898,1636 932,1636 965,1636 999,1636 1033,1636 1033,1606 999,1606 965,1606 932,1606 898,1606 865,1606 831,1606 798,1606 764,1606 731,1606 697,1606 663,1606 630,1606 596,1606 563,1607 529,1607 496,1607 462,1607 429,1608 395,1608 362,1608"/>
                <Baseline points="362,1628 395,1628 429,1628 462,1627 496,1627 529,1627 563,1627 596,1626 630,1626 663,1626 697,1626 731,1626 764,1626 798,1626 831,1626 865,1626 898,1626 932,1626 965,1626 999,1626 1033,1626"/>
                <TextEquiv>
                    <Unicode>con Guiteria no seais i npertinente;</Unicode>
                </TextEquiv>
            </TextLine>
            <TextLine id="r_1_1l30" custom="readingOrder {index:29;}">
                <Coords points="359,1683 394,1683 430,1683 466,1682 502,1682 538,1682 574,1682 610,1682 646,1682 682,1682 718,1682 753,1682 789,1682 825,1682 861,1682 897,1682 933,1682 969,1681 1005,1681 1041,1681 1077,1681 1077,1650 1041,1650 1005,1650 969,1650 933,1651 897,1651 861,1651 825,1651 789,1651 753,1651 718,1651 682,1651 646,1651 610,1651 574,1651 538,1651 502,1651 466,1651 430,1652 394,1652 359,1652"/>
                <Baseline points="359,1673 394,1673 430,1673 466,1672 502,1672 538,1672 574,1672 610,1672 646,1672 682,1672 718,1672 753,1672 789,1672 825,1672 861,1672 897,1672 933,1672 969,1671 1005,1671 1041,1671 1077,1671"/>
                <TextEquiv>
                    <Unicode>y tan buena eleccion el mundo alaba.</Unicode>
                </TextEquiv>
            </TextLine>
            <TextLine id="r_1_1l31" custom="readingOrder {index:30;}">
                <Coords points="223,1729 266,1729 310,1728 353,1728 397,1727 441,1727 484,1727 528,1727 571,1726 615,1726 659,1726 702,1726 746,1726 789,1726 833,1725 877,1725 920,1725 964,1725 1007,1724 1051,1724 1095,1723 1095,1692 1051,1693 1007,1693 964,1694 920,1694 877,1694 833,1694 789,1695 746,1695 702,1695 659,1695 615,1695 571,1695 528,1696 484,1696 441,1696 397,1696 353,1697 310,1697 266,1698 223,1698"/>
                <Baseline points="223,1719 266,1719 310,1718 353,1718 397,1717 441,1717 484,1717 528,1717 571,1716 615,1716 659,1716 702,1716 746,1716 789,1716 833,1715 877,1715 920,1715 964,1715 1007,1714 1051,1714 1095,1713"/>
                <TextEquiv>
                    <Unicode>Lor... Digo que decis bien, no me acordaba.</Unicode>
                </TextEquiv>
            </TextLine>
            <TextEquiv>
                <Unicode>Lor... .Con el Herrero yo no quiero nada.
Vej..... Pues por qué? la razon, loco de locos.
Lor... Porque siempre está dando soplamocos.
Vej....La hija del Alcalde era famosa;
pero tiene tres hijos, y eso es cosa
muy terrible, que obliga á no querella.
Lor... Pues aqueso qué importa, si es doncella?
Vej..... Quedad con Dios: que es cosa tan perdida!
ya no pienso yo hablaros en mi vida
en el particular del casamiento,
que me cansa lidiar con un jumento vase.
Lor... Haced cuenta que nada me habeis dicho;
que yo me he de casar por mi capricho.
SALE EL HOMERE 1...
1.o, Señor Lerenzo, en hora buena sea,
y goze usted los años que desea
en vida siempre de esa mi señora,
que en la calle lo supe ohora, ahora;
vo soy el que mas lo está aplaudiendo.
Lor....De qué es el parabien, que no os entíendo?
1.. De que teneis famosa compañía.
Lor... Pnes qué soy Capitan de Infantería?
1.. Linda chanza es aquesta, linda cosa! 
lo que os digo, que hallareis linda esposa
y muy buena muger, y muy guardosa.
Lor....Pues así os salve Dios, heme casado?
porque si así es verdad se me ha olvidado, 
L.e, Anoche, por palabras de presente,
con Guiteria no seais i npertinente;
y tan buena eleccion el mundo alaba.
Lor... Digo que decis bien, no me acordaba.</Unicode>
            </TextEquiv>
        </TextRegion>
    </Page>
</PcGts>
