1765 2512
396 286 1240 360 CANCION ALEGRE Y DIVERTIDA
614 370 1022 437 DE LOS AMORES
209 486 1410 579 DE UN GAPITAN Y URA DAMA.
131 692 679 732 A una niña muy linda y graciosa
96 733 548 769 pretendia un señor capitan,
98 772 560 808 por la noche soñaba fusiles,
87 811 610 847 cartucheras, ram, plam, plam.
89 851 628 884 Su mamá la decia, ¿que es esto?
97 891 615 925 ¿Si te habrán mal mirado quizá?
96 931 688 965 Ay! mamá, que yo tengo en el pecho
91 971 729 1008 un plin, pliriririlin que me hace penar.
126 1009 623 1045 En su pecho aquel fuego latía
95 1048 562 1085 que causaba el amor militar,
98 1087 565 1122 y la niña entre sueños decia:
83 1127 667 1165 ay! que suena el ram, plam, plam.
94 1166 576 1203 Dispertarla su madre queria,
87 1206 563 1242 mas insiste la niña en soñar;
90 1246 670 1281 ay! mama, que yo tengo en el pecho
87 1286 750 1323 un plin, pliriririlin que me hace penar.
127 1324 612 1360 Sobresaltos, congojas y sustos
84 1364 564 1399 á la niña durmiendo la dan,
82 1404 644 1440 y á su madre que tambien dormia
89 1444 628 1480 la dispierta un piin, plam, plam.
83 1483 585 1521 ¿Qué te pasa, querida, la dice,
92 1522 714 1558 que aun durmiendo no has de sosegar
84 1563 678 1597 ay! mamá, que yo tengo en el pecho
83 1603 730 1641 un plin, pliriririlin que me hace penar.
130 1643 564 1675 Las visitas, teatros, paseos
77 1682 512 1716 á la niña placer no la dan,
82 1721 464 1754 su idea tan solo se fija:
76 1762 659 1797 ay! que suena el ram, plam, plam.
79 1800 576 1835 Apurada se muestra la madre
79 1840 539 1874 al oir siempre aquel cantar:
83 1881 677 1914 ay! mamá, que yo tengo en el pecho
87 1920 728 1957 un plin, pliriririlin que me hace penar.
117 1961 615 1994 A la niña su madre pregunta:
77 1998 506 2033 hija mia, dime la verdad;
79 2039 621 2073 ¿es constante que solo en tuoido
83 2078 697 2130 tienes siempre ram, plam, plam?
833 700 1311 744 Otra cosa, contesta, no oigo,
840 740 1402 784 que cual esa me pueda agradar....
844 781 1447 822 Ay! mamá, que yo tengo en el pecho
842 822 1466 862 un plin pliriririlin que me hace penar.
886 859 1456 903 Tu no me hablas, replica la madre,
836 897 1346 938 ó me engaño, con ingenuidad:
836 938 1297 976 el amor, me recelo te causa
835 976 1328 1018 ese son del ram, plam, plam:
846 1015 1282 1056 yo no sé, la hija responde
842 1055 1322 1095 el motivo no lo puedo hallar:
836 1094 1429 1138 ay! mamá, que yo tengo en el pecho
840 1135 1483 1182 un plin, pliriririlin que me hace penar.
880 1174 1296 1214 Asustada la timida madre
838 1213 1402 1258 llamó al punto al padre sacristan,
834 1255 1323 1292 para que conjurase á la niña
832 1295 1370 1337 y la curase el ram, plam, plam,
832 1331 1355 1374 admirado quedóse el buen padre
827 1370 1246 1411 al oir la chiquilla gritar:
832 1411 1424 1455 ay! mamá, que yo tengo en el pecho
831 1452 1474 1497 un plin, pliriririlin que me hace penar.
872 1490 1458 1537 Yo no curo, respondió él tal hombre,
832 1529 1298 1571 de la niña el dolor y el afan;
828 1569 1368 1615 lo que quiere es dieta de rancho,
829 1608 1304 1650 medicina, ram, plam, plam:
834 1647 1314 1689 y sanando dirá muy contenta
835 1688 1428 1731 cuando ustedes la quieran preguntar:
836 1727 1407 1768 ay! mamá, ya no tengo en el pecho
836 1767 1483 1813 el plin, pliriririlin que me hacia penar.
868 1807 1316 1846 Acudieron con la medicina
832 1848 1242 1885 y lograron poderla curar,
832 1887 1383 1926 por que vino un docto estrangero
830 1926 1384 1964 y entendióla el ram, plam, plam:
833 1964 1369 2005 desde entonces no volvió la niña
827 2004 1316 2042 á decir con su antiguo soñar:
825 2043 1453 2086 ay! mamá, que yo tengo en el pecho
829 2085 1464 2128 el plin, pliriririlin que me hace penar.
82 2101 1504 2268 CARMONA:—Imp. de D. J. M. Moreno, calle de las Descalzas,
