1765 2512
515 178 1031 212 Trabaja el hombre y padece
467 222 971 258 desdichas, buscando plata.
472 267 936 299 para una muger ingrata
476 310 952 343 y esta no se lo agradece.
153 354 684 387 Nace e ave, qué grandeza!
118 397 572 431 y entre su belleza suma,
110 441 524 472 la viste de fina pluma
112 485 512 516 la misma naturaleza:
109 527 611 563 y cuando á crecer empieza
112 572 552 605 con su cántico perece,
106 615 656 648 que el Autor gracia le ofrece
108 659 646 692 con su gran saber prefundo;
113 702 636 735 y aguenté si en este mundo
111 745 634 779 trabaja el hombre y padece.
152 789 614 826 Nace el animal ó bruto,
112 833 520 866 y respirando al nacer
112 877 562 909 solo se contempla el ser
108 920 626 955 del campo dueño absoluto:
103 964 544 997 la tierra le dá su fruto,
112 1008 580 1041 las fuentes su agua grata
103 1052 602 1087 que sus corrientes desata;
103 1095 575 1128 y el hombre para comer
103 1137 601 1173 vino al mundo á padecer
111 1184 642 1217 desdichas, buscando plata.
873 356 1290 388 Nace el arroyo á regar
829 399 1324 436 las flores en su corriente,
840 443 1278 475 pero luego brevemente
836 486 1260 518 dirije su curso al mar:
832 529 1338 564 el hombre triste en pensar
832 573 1324 609 se desvela y se maltrata,
834 617 1295 650 y en considerar se trata
834 659 1386 697 con mucha pena y tormento,
838 703 1286 737 por buscar el alimento
832 747 1298 781 para una muger ingrata.
872 791 1327 824 En fuente tan cristalina
844 834 1334 872 se viste el pez de escama,
840 879 1264 912 entre nacaradas lanas,
840 923 1302 956 su hermosura peregrina;
840 966 1388 998 entre abrojos y entre espinos
832 1010 1387 1044 nace el hombre, vive y crece
836 1052 1276 1090 trabaja y se desvanece,
832 1096 1214 1129 solo para mantener
836 1141 1318 1175 á una inconstante muger,
839 1185 1309 1218 y esta no se lo agradece.
524 1226 1014 1260 Al Cielo me he de quejar
478 1270 1070 1304 de la ingratitud que has hecho,
480 1314 1054 1348 haberme criado en tus brazos
468 1360 1000 1392 y ahora quitarme el pecho.
144 1404 618 1438 Me adorabas, madrecita,
109 1448 589 1481 yo no te he dado ocasion,
112 1492 562 1526 ¿cómo has tenido valor
109 1536 553 1570 para quitarme la tetita?
107 1580 739 1616 ¿qué he de hacer sin tí, mí amita?
109 1623 719 1660 ¿quién me ha de dar de mamar?
109 1668 677 1705 ¿qué, huérfano he de quedar?
111 1711 613 1748 ¿qué, te se acabo el amor?
105 1755 528 1788 de tu crueldad y rigor
106 1799 611 1832 al Cielo me he de quejar.
152 1843 776 1875 Aunque no me quieras, mi alma,
111 1886 629 1920 yo siempre te he de adorar,
110 1931 525 1964 solamente con llorar,
113 1975 663 2006 que el que no llora no mama:
112 2018 576 2051 me adinitias sin escama,
110 2062 608 2095 estabas conmigo estrecho,
106 2105 590 2139 ne cobijaba en tu techo,
111 2149 611 2183 y ahora me has desechado,
115 2193 640 2226 ya ves cómo habré quedado
109 2238 696 2270 de la ingratitud que has hecho.
876 1404 1264 1441 Acuérdate, lucerito,
831 1449 1419 1485 del tiempo de cuando entonces
833 1492 1280 1527 me decias, entra, niño:
831 1536 1334 1571 ¿dónde vienes muchachito?
836 1580 1282 1613 toma, hiño, esé piquito
827 1623 1331 1656 que te cuesta tantos pasos:
831 1667 1265 1700 y ahora sin embarazos:
832 1711 1366 1747 pues que ya me abopreciste
832 1753 1284 1789 dime: ¿para qué quisiste
835 1798 1392 1832 haberme criado en tus brazos?
876 1843 1460 1878 En fin, dulce prenda hermosa,
836 1884 1276 1919 voy otra ama á buscar
828 1930 1336 1966 pero no me ha de agradar,
831 1975 1365 2007 porque tú eres muy sabrosa:
827 2019 1345 2052 y que otro amante se roza,
834 2060 1332 2097 querida amante, sospecho;
832 2104 1306 2139 agravio no te lo he heco,
832 2148 1306 2185 ni hay agravio sin razon,
832 2193 1278 2226 me llenan de confusion
826 2238 1340 2270 y ahora quitarme el pecho.
137 2204 1480 2359 CARMONA:—Imp. de D. J. M. M. calle Juan de la Cabra núm. 5.
