1765 2512
646 251 1203 292 Estando en misa un soldado,
603 292 1078 333 en un naipe entretenido,
608 337 1092 379 le reprendió su sargento,
610 382 1094 420 y él hizo el desentendido.
286 419 674 456 Al capitan le acusó
238 460 832 507 el sargento al mismo instante,
238 505 744 549 y con humildad bastante,
236 545 728 591 de esta suerte se esplicó:
242 591 684 631 señor, el naipe que yo
239 633 714 679 en la iglesia he barajado,
244 676 663 718 en él tengo yo cifrado
238 720 676 765 un libro muy singular;
242 764 714 807 el cual se puso á esplicar
238 808 774 854 estando en misa un soldado.
276 852 764 900 Miro en el as, muy ufano,
227 896 696 942 en él un Dios verdadero;
236 940 676 982 en el dos, yo considero
234 982 716 1030 lo divino con lo humano;
231 1027 704 1069 en el tres, como cristino
231 1071 748 1118 el Misterio he comprendido;
226 1114 720 1161 en el cuatro, he conocido
224 1160 734 1204 los procederes del hombre,
221 1204 832 1249 contemplaba en Dios y Hombre
216 1246 686 1290 en un naipe entretenido.
1011 429 1489 470 En el cinco contemplaba
966 474 1414 513 las llagás del Redentor;
968 516 1342 554 y con crecido dolor
960 560 1436 600 las lágrimas derramaba,
960 604 1430 642 sobre si seis golpes daba
968 648 1462 689 con el mayor sentimiento;
964 691 1426 728 ví en el siete muy atento
960 735 1346 770 los dolores de María,
960 778 1507 820 mas sin saber lo que se hacia
960 822 1434 862 le reprendió su sargento.
1008 866 1448 907 A las bienaventuranzas
964 910 1416 949 de una á ocho esplicaba,
959 954 1434 992 en el nueve contemplaba
960 996 1444 1039 los nueve coros de gloria;
948 1043 1408 1079 el caballo por memoria
956 1085 1408 1123 de la reina Sabaat miro:
954 1129 1444 1170 el rey por un Dios divino;
954 1173 1352 1208 la sota nada observo:
953 1217 1362 1255 el capitan le escucho,
950 1262 1484 1303 y él se hizo el desentendido.
619 1300 1172 1345 He estado en la Casa Santa,
580 1342 1016 1385 he estado en Jérusalen,
581 1388 1050 1428 he visto al. Padre Eterno
580 1435 1022 1470 y á Jesucristo tambien.
257 1467 790 1511 Pueden nuestros superiores
216 1512 603 1552 castigar al ínsolente
216 1555 696 1599 que habla blasfemamente
220 1599 658 1642 de semejantes errores;
212 1643 756 1689 tambien pueden con rigores,
212 1687 764 1737 si en hablar mal se adelanta,
208 1732 606 1772 sacar de la garganta
208 1776 664 1819 la lengua feroz y altiva,
209 1820 655 1860 mas no por esto se diga
210 1862 740 1909 he estado en la Casa Santa.
252 1908 707 1952 Pasé por Santo Domingo
212 1955 604 1995 y me quedé elevado,
208 1999 690 2035 porque allí vi de contado
203 2041 704 2084 a Santo Tomas de Aquino,
199 2084 595 2124 escribiendo lo divino
204 2128 688 2172 con la pluma sin desden,
200 2172 684 2214 vi al arcangel San Miguel
196 2218 708 2261 que á un herége convertia,
194 2260 618 2300 tan solo por que decia
198 2304 667 2347 he estando en Jerusalen.
980 1482 1540 1526 He estado en diversas tierras,
942 1526 1418 1572 he visto la gran Turquia,
948 1571 1366 1609 la córte de la heregia,
944 1615 1418 1655 y en tierra del renegado:
950 1657 1387 1698 ví á un herége enfadado
943 1702 1398 1745 echando diversos ternos,
932 1745 1469 1788 sin temer nunca al infierno:
940 1788 1400 1833 como renegado que era,
940 1833 1354 1872 decia de esta maneras
938 1877 1420 1917 he visto al Padre Eterno.
977 1920 1334 1957 Con tanta felicidad
936 1965 1376 2006 volví derecho á Sevilla,
935 2009 1351 2045 y postrado de rodillas
927 2053 1380 2091 me metí en la catedral:
931 2097 1314 2134 adoré á su Magestad,
929 2141 1378 2179 oracion hice por quien
927 2185 1482 2225 despues de rezar muy bien
923 2229 1327 2268 el rosario en alegria,
928 2273 1352 2311 puse el amor en María
924 2320 1358 2356 y á Jesucristo tambien.
