1737 2508
619 273 1048 311 Nadie se duela de mi,
584 318 1040 356 solo mis tormentos pase,
589 363 1174 402 que el que busca el mal por si,
581 406 1003 442 a nadie debe quejarse.
272 444 844 488 Mas que el sol no me caliente,
224 488 642 527 aunque viva con afan,
227 532 779 572 mas queseme niegue el pan
232 576 717 618 para que no me alimente;
226 618 666 660 lo que sea conveniente,
219 664 652 703 todo muerte y frenesi,
216 707 680 745 mas que me vea yo aquí
217 750 712 790 acongojado y hambriento,
223 793 712 836 desnudo, infame jumento,
218 838 631 876 nadie se duela de mi.
257 881 790 925 Mas que de insectos cuajado
210 925 703 966 me halle, sin tener alivio,
213 969 723 1010 aunque me vea en presidio
221 1012 708 1057 y estar de hierro cargado,
211 1057 649 1096 mas que me vea tirado
210 1099 724 1146 en el suelo, y me traspase,
220 1143 700 1190 ni que de hambre me ase,
207 1185 620 1228 y dé la última agonia,
206 1231 698 1277 nadie me haga compañia,
212 1276 672 1317 solo mis tormentos pase.
993 455 1521 494 No logre una hora de sueño
948 499 1412 537 aunque yo viva mil años,
955 541 1453 580 y esperimente mil engaños
955 585 1536 629 en la que hoy llamo mi dueño;
952 628 1445 670 ni con el rostro alhagüeño
947 671 1382 714 ninguno me mire aqui,
945 715 1405 759 pues yo me lo quise así,
944 757 1422 803 vengan daños singulares,
949 803 1470 847 que quiero pasar mas males
945 848 1534 892 que el que busca el mal por si,
987 891 1604 941 Ni agua, aunque la sed me mate
936 935 1447 980 ni lumbre que mé caliente,
946 978 1415 1021 ni cosa que me alimente
944 1024 1399 1064 halle en ultimo remate:
936 1066 1463 1110 solo un puñal que me mate
941 1111 1603 1160 ó un palo en que pueda ahorcarme,
940 1156 1329 1193 y asi verán acabarse
940 1200 1426 1241 las desdichas que merece,
934 1242 1496 1293 que el quepor querer padece,
936 1288 1346 1326 á nadie debe quejarse.
620 1328 1095 1366 Par u los hombres se hizo
564 1369 1047 1412 el andar en matos pasos,
572 1414 1060 1457 como la muger sea buena,
560 1453 1046 1502 vayan y vengan trabajos.
245 1495 752 1538 Cárceles, grillos, cadenas,
204 1541 680 1581 mazas, cordeles, esposas;
205 1582 626 1625 verturinas rigurosas,
211 1627 670 1671 presidios, tierras agenas,
208 1672 620 1713 todo esto ha de sufrir,
201 1714 535 1752 y trabajos resistir
201 1760 755 1800 todo el hombre que es sumiso
195 1804 650 1843 en querre á una muger,
200 1847 700 1889 á la horca no ha de temer;
193 1890 663 1930 para los hombres se hizo.
243 1936 778 1979 Hambres, desnudeses, males,
193 1979 675 2018 cóleras, desangramientos,
193 2023 700 2066 contratiempos y tormentos,
190 2069 679 2107 jueces, ministros, fiscales.
193 2112 641 2148 para los hombres leales
193 2155 756 2199 que en querer no son escasos;
191 2200 678 2238 heridas, muertes, balazos
187 2241 701 2284 y todo el mal que se infiere
188 2285 674 2327 ha de sufrir el que quiere
192 2330 652 2373 el andar en malos pasos.
976 1509 1486 1553 Ni la mas brillante espada,
926 1552 1414 1594 ni el potro mas afamado,
928 1596 1416 1640 ni el verdego mas airado,
927 1641 1348 1683 ni la plebe alberotada,
931 1686 1382 1729 ni mi sentencia firmada,
922 1731 1478 1774 la que á muerte me condena,
932 1774 1414 1816 nada de esto me dá pena,
926 1818 1303 1856 todo se puede sufeir
919 1862 1264 1898 y trabajos resistir
921 1907 1395 1946 como la muger sea buena.
968 1950 1460 1991 A nadie teme el que adora
920 1994 1418 2037 hallando correspondencia,
915 2039 1354 2080 á todo hace resistencia,
911 2083 1359 2121 solo la muerte atesora:
920 2126 1314 2165 como no sea traidora
916 2171 1380 2213 la muger por otro atajo,
918 2215 1355 2254 que vayan altos y bajos
915 2259 1388 2300 si ella de fiel se acredita,
905 2301 1283 2338 siendo leal y bonita
906 2347 1378 2388 vayan y vengan trabajos.
