1765 2512
382 163 414 194 2
230 206 718 242 y llegando al dia cuarto
227 251 775 288 antes que el alba rompiera;
228 293 638 331 me levanté cuidadoso,
230 339 774 377 y al son de dulces cadencias,
227 381 670 421 que famosos pajarillos,
231 424 706 463 trinan con voces parleras,
227 468 784 510 dando á el alba bien venida,
219 513 730 551 que ya con candores llega.
228 557 687 596 Y al son de esta melodía
220 602 744 642 caminé hasta media legua;
228 647 722 684 cuando ya rompido el dia,
224 690 788 728 me hallé al pie de una sierra,
215 733 773 771 donde me subí á la cumbre
226 776 700 815 por registrar las malezas,
212 820 698 861 aquesto fué tan á tiempo
218 863 700 905 que el rubicundo planeta
220 908 648 950 esparce sus luminares,
219 953 671 994 desterrando las tinieblas
213 997 761 1041 de la noche, con que al dia
216 1042 656 1082 deja su claridad bella.
208 1086 760 1130 Por fin, desde aquesta altura,
213 1133 715 1172 con la luminaria excelsa
211 1174 610 1211 divisé una poblacion
211 1217 754 1259 aunque al parecer pequeña.
209 1263 666 1305 Y por ver quien asistia,
205 1305 730 1350 ó ver quien moraba en ella,
208 1350 746 1393 me alenté, y bajando breve,
206 1394 666 1436 los pasos allá me llevan;
208 1442 640 1478 y el corazon me decia:
204 1483 656 1524 Cobra valor, y no temas,
199 1527 706 1569 pues parece que anunciaba
201 1571 662 1612 los lances de la tragedia.
210 1614 634 1654 Y con esta confusion
204 1660 750 1703 fuime arrimando mas cerca;
198 1708 618 1745 y teniéndola presente,
204 1748 700 1788 ví una arquitectura bella
199 1793 743 1834 formada de un buen castillo
190 1837 758 1879 que sus murallas y almenas.
195 1881 657 1920 Y queriendo saber como
192 1924 680 1969 aquel paraje le mientan,
196 1968 638 2010 ó que castillo es aquel,
189 2014 760 2060 llegué á llamar á las puertas,
192 2061 588 2095 y reparando primero
191 2102 692 2143 en un carácter que en ellas
190 2146 680 2193 estampado se obstentaba,
192 2190 654 2237 bien adornado de letras,
947 212 1344 254 las cuales pude leer,
949 256 1456 298 en donde me manifiestán,
955 299 1492 342 que en aquel fuerte castillo
949 343 1479 388 se mantienen tres doncellas
954 387 1335 430 y la principal señora
944 433 1384 474 ha dado órden espresa,
943 477 1489 520 que el que con valor se halle
948 523 1354 562 para rendir una fiera,
953 566 1530 608 que es guarda de aquel castillo,
941 608 1492 653 seria dueño de sus prendas,
948 652 1380 696 siendo su feliz esposo,
939 696 1396 740 si consigue tal empresa.
940 742 1362 784 Llamábase Doña Flor,
944 785 1442 830 porque su nombre se sepa,
944 829 1392 869 Confuso quedé, señores,
940 874 1398 914 solo en referir las letras;
942 918 1398 958 pero animando el valor,
938 962 1506 1005 llegué á llamar á las puertas.
935 1007 1368 1047 Y al golpe del llamador
939 1053 1368 1092 el pelo se me endereza,
934 1094 1416 1142 el corazon me dá golpes,
932 1138 1342 1179 la sangre toda se yela.
936 1182 1503 1226 Mas fué, que de un improviso
937 1227 1348 1268 delante se me pusiera
936 1272 1392 1318 el mas horrible animal,
937 1318 1520 1362 que se ha visto entre las fieras;
931 1361 1416 1403 era el mas soberbio toro,
930 1404 1474 1447 que jamás se vió en la tierra.
928 1448 1390 1492 Era guarda del castillo.
930 1492 1320 1534 y salia à la defensa;
930 1536 1366 1581 todo me quedé turbado,
930 1583 1535 1641 solo en mirar su violencia
928 1628 1360 1669 y aquel fiero remolino,
927 1670 1542 1723 que espanto causar pudiera
931 1716 1446 1757 á cuantos hombres mirasen
927 1757 1358 1801 su compostura tan fea.
936 1800 1362 1846 Venia dando bramidos,
926 1847 1490 1895 que todo el monte amedrenta;
928 1890 1427 1935 escarbando con sus manos
924 1936 1537 1991 un hoyo hizo en la tierra
926 1981 1374 2022 que para mí sepultarme,
924 2024 1534 2075 pienso que el bruto lo hiciera;
912 2070 1542 2121 mas viendeme en el empeño
912 2116 1404 2157 y puesto ya en la palestra
922 2160 1541 2214 por gozar la blanca Flor
920 2203 1350 2245 mil vidas allí perdiera.
