1752 2480
154 292 592 325 el camino lo perdimos,
152 337 741 377 tomando una oculta senda,
147 381 723 423 salimos á estos parajes
148 426 636 459 por entre robles y breñas,
152 470 662 501 á al encuentro nos salieron
144 512 660 549 seis caballeros de prendas,
152 556 694 594 dándole muerte á mi padre,
155 602 616 637 y á los criados que lleva.
152 645 640 682 Y á mí en aquesta prision
149 692 656 729 con mis criados me entran,
151 737 650 770 saliéndose luego al punto,
152 779 724 817 me quedé con mis doncellas,
142 823 634 859 hallando los bastimentos,
145 867 628 903 que en todo preciso eran,
152 911 593 946 quedando por defensor
149 956 670 997 del castillo aquesa fiera
148 1002 628 1034 que diste muerte atrevido
150 1045 608 1078 con tu espada cortadera.
153 1089 690 1127 Ves aquí, jóven, mi historia,
142 1135 627 1166 y mis desdichas adversas.
148 1178 646 1214 Y si gustas ser mi esposo,
138 1222 566 1256 no concibas en tu idea
140 1267 626 1301 mal concepto, que no hay
148 1310 614 1345 un átomo en mí siquiera.
152 1356 604 1391 Yo cortés y agradecido,
136 1400 524 1435 aceptando la fineza,
136 1444 532 1479 la recibí por esposa,
144 1489 648 1523 pues miro con vehemencia
136 1534 644 1571 en mí cumplido el adagio;
145 1577 811 1612 ano hay mal, que por mi no venga:?
143 1623 618 1657 que si una me despreció,
874 291 1386 326 otra hallé que me quisiera;
872 336 1408 369 con calidad y con doblones,
869 380 1448 412 segun demuestran sus prendas.
880 424 1271 458 Y con ánimo bizarro
880 468 1306 502 dispuse con diligencia
872 514 1338 546 recoger todas las galas,
884 557 1460 593 que en el castillo se encierran;
871 601 1313 635 y cantidad de doblones,
867 644 1396 678 que así mi suerte lo ordena.
877 690 1313 723 Y con pompa y aparato,
876 733 1352 767 las doposité en mi tierra.
876 778 1414 812 Y en un hermoso convento,
877 822 1407 854 que es de monjas recoletas,
867 866 1347 901 entré á las dos religiosas
876 911 1418 944 donde quedaron contentas,
871 955 1362 988 llevando luego á mi casa
864 1000 1442 1033 á mi Flor, con que se aprestan
863 1044 1408 1076 mis bodas, luego al instante
867 1088 1350 1122 recibiendo de la Iglesia
864 1133 1312 1167 las divinas ceremonias,
871 1177 1540 1211 que comunmente se observan.
877 1221 1540 1257 Quedando los dos esposos
872 1265 1539 1300 en una union muy estrecha;
868 1310 1537 1346 dándole gracias á Dios,
859 1355 1491 1390 y á la Emperatriz Suprema;
865 1398 1342 1432 porque asi nos ha sacado
859 1442 1372 1476 de aflicciones tan diversas.
867 1486 1366 1521 Y el ingenio aquí rendido
861 1531 1276 1566 echando la salvadera,
865 1576 1258 1609 dá fin á esta relacion
864 1621 1536 1654 ano hay mal que por bien no venga..
729 1888 935 2041 Fin.
633 2254 1024 2295 CARMONA.—1865.
131 2305 1523 2346 Imprenta de D. José Maria Moreno, calle Madre de Dios número 1.
