1765 2512
328 74 344 107 4
237 118 652 151 Ellas se tienen la culpa
194 163 687 196 pues tanto que decir daban,
196 207 568 239 estubiéranse rezando
192 250 625 284 que nadie las inquietara;
230 294 692 330 Ello cosas son del mundo,
194 338 608 374 todo, Perico, se acaba;
194 382 736 419 ayer fuimos, y hoy no somos,
192 426 640 459 hay hijo! parece chanza.
231 470 675 504 He sabido en este correo
192 515 620 549 que con Girula te casas;
200 560 712 593 hombre ¿estás endemoniado?
191 603 601 637 ¿tienes ojos en la cara?
230 648 728 683 Me para que abras los ojos,
189 693 653 728 y sepas donde te encajas,
192 737 606 769 escucha en esta cartilla
196 780 648 813 lo que los casados pasan.
239 824 715 857 Cásase un hombre de bien
191 868 734 903 que ocho ó nueve reales gana,
190 912 552 944 si trabaja, que si no
193 957 704 990 por Dios que no coje blanca
235 1001 598 1034 Lo primero necesita
192 1045 680 1078 empeñarse hasta las calzas
195 1090 595 1124 para vestir á la novia,
197 1134 581 1171 y para poner la casa.
238 1179 626 1210 Despues en la vicaría
194 1222 658 1256 pagar las licencias santas,
201 1268 680 1300 que algunos por descasarse
193 1311 602 1345 las pagarian dobladas.
237 1354 642 1387 Aquellos dias primeros
198 1398 667 1434 le sabe muy bien la cama,
192 1442 592 1478 se levanta al otro dia,
199 1486 554 1521 se pasea y se regala.
233 1530 722 1564 Acábanse en fin los cuartos
200 1574 646 1610 vá á trabajar, si lo halla,
196 1619 624 1654 dá á su mujer el dinero,
195 1664 705 1700 y ella en rosquillas lo gasta.
236 1708 648 1743 Pide luego para carne,
191 1753 679 1791 y él dice: esposa del alma,
191 1798 679 1831 ¿no te dí ayer dos pesetas?
200 1841 684 1875 vamos con tiento hermana.
238 1884 733 1920 Buen dinero es dos pesetas!
198 1930 674 1963 miren qué cuarto de plata!
195 1974 642 2007 para vizcochos no tengo
196 2020 634 2053 si me levanto con gana.
248 2063 730 2097 Mujer, vamos poco á poco
204 2106 614 2139 ó andará la zurribunda;
199 2152 695 2189 ¿que zurribunda, borracho?
210 2197 672 2230 ¡conmigo esas palabradas!
944 114 1336 146 Bien me lo decia á mí
907 159 1397 192 mi comadre que Dios haya,
909 204 1358 237 que eras un picaro chulo,
907 247 1349 278 sin vergüenza y sin alma,
950 290 1402 323 A bien que no soy tan fea
907 335 1425 369 que en saliendo yo á la plaza,
909 379 1417 411 no me faltará quien me diga
901 422 1445 455 por ahí te se pudra muchacha.
948 467 1330 500 Ha picara, vil nacida,
909 511 1351 547 ¿hacerme carnero tratas?
901 554 1358 591 Sí, grandísimo borracho.
912 598 1346 633 Ahora lo verás, aguarda.
953 643 1420 676 Saca el marido un garrote
948 688 1250 721 y la cabeza la raja,
909 732 1363 769 y luego el pobre cornudo
913 775 1346 810 que pagar tiene curarla.
955 820 1398 854 Otras á los cuatro meses,
913 865 1320 899 para no trabajar nada,
910 909 1325 942 les dicen á sus maridos:
912 952 1418 987 ¡hay hijo, yo estoy preñada!
951 996 1487 1031 ¡Jesus hija! ¿qué me cuentas?
905 1040 1342 1074 Sí, bien mio de mi alma;
914 1085 1424 1118 se me ha antojado un vesugo
914 1129 1302 1162 anda por él á la plaza.
950 1172 1451 1206 Mira que no tengo un cuarto
903 1218 1317 1256 y que camisa me falta.
909 1261 1542 1297 ¿Qué importa que andes encueros?
915 1306 1395 1339 has lo que te digo, marcha
952 1349 1386 1383 Llegosé el dia del parto,
908 1395 1380 1427 son las diez de la mañana,
911 1438 1357 1471 enciende lumbre volando
908 1482 1349 1516 no seas necio, despacha.
958 1525 1386 1562 Aqui el pobre majadero,
912 1570 1338 1603 como un azogado anda,
914 1614 1356 1647 desde el patio á la cocina,
915 1658 1366 1692 desde la alcoba á la sala.
959 1703 1390 1737 Ea, que ya nace el niño.
913 1746 1279 1781 maldita sea su casta,
917 1791 1334 1826 es parecido á su padre.
914 1836 1407 1870 como el huevo á la castaña.
959 1879 1373 1912 Luego se sigue el bateo
919 1923 1462 1957 y el baile en accion de gracias,
921 1967 1365 2001 y en músicas y danzantes
926 2012 1346 2046 un mayorazgo se gasta.
960 2056 1368 2090 Con que amigo Perico,
912 2100 1458 2136 mira que yo te hablo al alma,
919 2145 1347 2178 toma mi consejo y huye
919 2190 1373 2226 que te pierdes si te casas.
293 2319 1478 2360 CARMONA:—Imp. y lib. de Moreno Hlermanos, Madre de Dios 1.
