1737 2508
1049 74 1357 115 Núm. 58.
164 156 1366 218 LA TIA GIRULA.
438 1105 1167 1153 CHISTE MODERNO
103 1189 1489 1252 acaecido en el pueblo de Almeria con una mujer que mató envenena-
251 1242 1327 1299 dos á cuatro maridos, y el fin que tuvo con el quinto.
152 1411 581 1450 Si place á mi auditorio
113 1460 339 1494 prestar oido;
114 1501 504 1538 voy á contar un caso
108 1548 404 1582 que ha sucedido
117 1592 396 1626 en la Andalucia
114 1633 671 1670 en un pueblo llamado Almería,
119 1682 422 1716 con la tia Girula,
122 1725 483 1760 la mujer mas salada y mas chula
124 1767 467 1804 que se ha conocido
123 1810 785 1846 entre cuantas en el mundo ha habido;
128 1857 445 1892 hermosa chupeno,
124 1902 435 1936 la cual era casada
124 1946 398 1980 con un sereno.
168 1987 530 2022 Tenia un huertecito
129 2035 340 2067 la tia Girula
131 2076 484 2112 y detrás del marido
130 2122 354 2156 vendia fruta;
125 2168 494 2200 el que la compraba,
132 2212 754 2244 sin recurso en el hospital entraba;
128 2254 458 2290 y el que la comia,
132 2299 624 2335 dos muletas seguras tenia;
817 1401 1110 1441 y sí lo contaba,
824 1442 1295 1484 cojeando su vida acababa;
829 1491 1141 1526 él si que ayunaba
828 1531 1305 1570 pero ella bien se regalaba;
828 1579 1141 1615 y al pobre sereno
832 1614 1370 1660 no le dada mas que pan duro
831 1659 1396 1705 y por libra le contaba un duro:
836 1710 1211 1748 murió en cuatro dias (dias.
835 1746 1489 1792 porque estaba el pan lleno de picar-
875 1798 1215 1835 El segundo marido
837 1846 1197 1881 que era un enaguas,
840 1890 1177 1926 no la dejaba ir sola
840 1935 1236 1970 ni aun á hacer aguas,
842 1980 1234 2018 y porque fué á misa,.
844 2024 1256 2057 cuando vino la dió una paliza;
835 2066 1210 2102 al ver que el zañudo
842 2111 1295 2148 la solia zurrar á menudo,
840 2156 1136 2192 determinó luego
847 2200 1379 2236 enviarle donde fué el sereno,
856 2246 1155 2280 para vivir suelta
845 2286 1359 2331 y que no le ajustara cuenta
