1737 2508
1333 35 1374 82 3
122 110 707 154 y si nó, mas pronto que la vista
117 158 465 197 te parto de un tiro:
126 198 684 240 y Girula exhalando un suspiro,
127 249 503 286 cargó con la albarda,
120 289 752 328 porque el miedo á todos acobarda;
127 334 519 373 de grado ó por fuerza
121 375 757 417 lo siguió con su aibardon á cuestas,
123 425 403 461 y pasó la novia
127 464 735 505 por do estaban jugando la pelota,
128 514 433 550 entre los silvidos
125 555 648 593 la pusieron de mata-maridos,
131 600 557 636 que era una hermosura,
124 641 679 680 y el soldado á la mala ventura
128 687 459 726 se fué con la dama
128 732 510 770 á su casa, y la novia
127 778 475 813 se echó en la cama.
177 823 455 856 Iba la tia Girula
133 868 434 903 tras del desquite,
128 912 422 946 y por asegurarle
128 955 411 992 hizo un convite
128 999 520 1034 para hacer las paces;
127 1041 666 1079 y él decia: mira lo que haces,
131 1090 417 1125 y la amanazaba,
140 1131 627 1166 pero ella no se acobardaba,
131 1176 445 1211 siempre decidida
127 1216 634 1254 y resuelta á quitarle la vida,
142 1262 468 1298 preparó el veneno
132 1304 655 1342 en un vaso de ponzoña lleno;
138 1350 451 1386 mas ella ignoraba
133 1392 688 1429 que el soldado todo lo miraba,
130 1438 488 1473 y estando comiendo
140 1480 689 1518 cuando el vino iba repartiendo;
136 1526 475 1562 presentó al marido
128 1567 638 1608 aquel vaso de veneno activo
131 1618 429 1650 diciéndole: bebe,
823 100 1352 136 y él la dijo: el diablo te lleve,
829 146 1119 181 bebe tú primero,
826 186 1373 226 esto dicho: y sacando su acero
830 233 1188 272 la hizo abrir la boca
834 275 1413 314 y en el vientre la purga emboca,
827 322 1198 358 dió una media vuelta
830 367 1222 402 y á presencia de todos
832 412 1104 448 se cayó muerta.
875 452 1269 491 Algo mas que de prisa
834 500 1095 536 los convidados
835 542 1207 579 se fueron á sus casas
833 589 1101 624 muy asustados;
836 631 1184 668 dió parte el marido
838 674 1302 712 al alcalde de lo acaecido:
838 720 1181 756 como era ordinario
840 763 1342 800 á presidio envió al boticario
839 808 1227 844 que vendió el veneno,
842 853 1504 890 pues con él mató á tres y al sereno:
844 896 1213 934 la que mató á cuatro
843 941 1340 977 justo es que pagara el pato;
835 985 1156 1022 al quinto no pudo
842 1028 1354 1066 aplicarla la ley del embudo.
881 1074 1151 1110 Alerta, casados,
835 1117 1453 1155 no olvideis la leccion del soldado,
843 1166 1161 1199 cuidado, solteros,
841 1205 1501 1242 no os caseis en pueblos forasteros,
838 1250 1179 1286 no deis con alguna
841 1294 1322 1331 de la clase de la tia Girula.
878 1339 1247 1374 Hermosas doncellas,
839 1382 1452 1419 ya que sois tan graciosas y bellas,
848 1429 1175 1464 tomad escarmiento
840 1469 1433 1506 de este chiste ocurrido ó cuento:
837 1517 1232 1551 pues ya he concluido,
842 1559 1220 1597 y perdonen las faltas
844 1609 1136 1640 si las ha habido.
524 1742 1106 1778 CARTA,
135 1838 1392 1883 que envió desde Orán á la córte Perico Pata-gorda á un amigo suyo,
372 1888 1281 1928 aconsejándole que no se case con la tia Girula.
177 1994 552 2026 Generoso Periquillo,
133 2038 552 2072 el de la hebilla dorada,
143 2082 484 2116 con el capote raido
139 2127 509 2160 y la montera calada.
184 2170 592 2203 Amigo el mas cicatero
144 2214 610 2248 de cuantos juegan la taba,
147 2258 590 2292 querido de las doncellas,
151 2303 667 2337 (si es que las hay en España.)
892 1985 1410 2019 Me alegraré que estés bueno,
852 2031 1223 2064 hijo mio de mi alma;
856 2072 1363 2108 yo, me mantengo tan fresco
853 2118 1219 2153 en esta tierra lozana.
902 2160 1417 2196 Ya he sabido que en la córte
852 2206 1287 2240 grande revolucion anda,
853 2247 1349 2287 y que han declarado guerra
851 2295 1293 2331 á todas las maturrangas,
