<?xml version="1.0" encoding="UTF-8" standalone="yes"?>
<PcGts xmlns="http://schema.primaresearch.org/PAGE/gts/pagecontent/2013-07-15" xmlns:xsi="http://www.w3.org/2001/XMLSchema-instance" xsi:schemaLocation="http://schema.primaresearch.org/PAGE/gts/pagecontent/2013-07-15 http://schema.primaresearch.org/PAGE/gts/pagecontent/2013-07-15/pagecontent.xsd">
    <Metadata>
        <Creator>prov=University of Rostock/Institute of Mathematics/CITlab|PLANET AI GmbH/Gundram Leifert/gundram.leifert@planet-ai.de:name=Pliegos de Cordel (XIXe) - v3(htr_id=26984)::::v=2.6.7
prov=University of Rostock/Institute of Mathematics/CITlab|PLANET AI GmbH/Tobias Gruening/tobias.gruening@planet-ai.de:name=de.uros.citlab.module.baseline2polygon.B2PSeamMultiOriented:v=2.6.7
prov=University of Rostock/Institute of Mathematics/CITlab|PLANET AI GmbH/Tobias Gruening/tobias.gruening@planet-ai.de:name=/net_tf/LA73_249_0mod360.pb:de.uros.citlab.segmentation.CITlab_LA_ML:v=2.6.7
Transkribus</Creator>
        <Created>2020-10-22T17:41:03.754+02:00</Created>
        <LastChange>2020-10-26T09:52:07.241+01:00</LastChange>
        <TranskribusMetadata docId="523582" pageId="22274730" pageNr="62" tsid="46755612" status="DONE" userId="66244" imgUrl="https://files.transkribus.eu/Get?id=JVNRWDDFDYQDPKGVWVHCYQFZ&amp;fileType=view" xmlUrl="https://files.transkribus.eu/Get?id=YQBQJATZNUBPUVAPZHRICYSY" imageId="17350950"/>
    </Metadata>
    <Page imageFilename="Moreno_049_2.jpg" imageWidth="1765" imageHeight="2512">
        <ReadingOrder>
            <OrderedGroup id="ro_1606489617922" caption="Regions reading order">
                <RegionRefIndexed index="0" regionRef="r1"/>
                <RegionRefIndexed index="1" regionRef="r2"/>
            </OrderedGroup>
        </ReadingOrder>
        <TextRegion orientation="0.0" id="r1" custom="readingOrder {index:0;}">
            <Coords points="224,107 224,2352 896,2352 896,107"/>
            <TextLine id="r1l1" custom="readingOrder {index:0;}">
                <Coords points="376,138 396,138 396,107 376,107"/>
                <Baseline points="376,128 396,128"/>
                <TextEquiv>
                    <Unicode>2</Unicode>
                </TextEquiv>
            </TextLine>
            <TextLine id="r1l2" custom="readingOrder {index:1;}">
                <Coords points="233,181 258,181 284,181 310,181 335,181 361,181 387,181 412,181 438,181 464,180 489,180 515,180 541,180 541,149 515,149 489,149 464,149 438,150 412,150 387,150 361,150 335,150 310,150 284,150 258,150 233,150"/>
                <Baseline points="233,171 258,171 284,171 310,171 335,171 361,171 387,171 412,171 438,171 464,170 489,170 515,170 541,170"/>
                <TextEquiv>
                    <Unicode>le dió pasaporte:</Unicode>
                </TextEquiv>
            </TextLine>
            <TextLine id="r1l3" custom="readingOrder {index:2;}">
                <Coords points="243,227 269,227 295,227 321,226 347,226 373,226 399,225 425,225 451,225 477,225 503,224 529,224 555,223 581,222 607,222 633,221 659,221 685,220 712,220 712,189 685,189 659,190 633,190 607,191 581,191 555,192 529,193 503,193 477,194 451,194 425,194 399,194 373,195 347,195 321,195 295,196 269,196 243,196"/>
                <Baseline points="243,217 269,217 295,217 321,216 347,216 373,216 399,215 425,215 451,215 477,215 503,214 529,214 555,213 581,212 607,212 633,211 659,211 685,210 712,210"/>
                <TextEquiv>
                    <Unicode>que esto pasa en Valencia</Unicode>
                </TextEquiv>
            </TextLine>
            <TextLine id="r1l4" custom="readingOrder {index:3;}">
                <Coords points="244,269 269,270 295,270 321,270 347,270 373,270 399,270 424,269 450,269 476,268 502,268 528,268 554,268 554,237 528,237 502,237 476,237 450,238 424,238 399,239 373,239 347,239 321,239 295,239 269,239 244,238"/>
                <Baseline points="244,259 269,260 295,260 321,260 347,260 373,260 399,260 424,259 450,259 476,258 502,258 528,258 554,258"/>
                <TextEquiv>
                    <Unicode>como en la córte.</Unicode>
                </TextEquiv>
            </TextLine>
            <TextLine id="r1l5" custom="readingOrder {index:4;}">
                <Coords points="286,314 312,314 338,314 364,314 390,314 416,314 442,314 468,313 494,313 520,312 546,312 572,312 598,311 624,311 650,310 676,310 702,309 728,309 755,308 755,277 728,278 702,278 676,279 650,279 624,280 598,280 572,281 546,281 520,281 494,282 468,282 442,283 416,283 390,283 364,283 338,283 312,283 286,283"/>
                <Baseline points="286,304 312,304 338,304 364,304 390,304 416,304 442,304 468,303 494,303 520,302 546,302 572,302 598,301 624,301 650,300 676,300 702,299 728,299 755,298"/>
                <TextEquiv>
                    <Unicode>Aunque amaba al segundo</Unicode>
                </TextEquiv>
            </TextLine>
            <TextLine id="r1l6" custom="readingOrder {index:5;}">
                <Coords points="238,357 264,358 290,359 316,359 342,359 368,359 394,359 421,359 447,358 473,357 499,357 525,356 551,356 577,355 604,355 604,324 577,324 551,325 525,325 499,326 473,326 447,327 421,328 394,328 368,328 342,328 316,328 290,328 264,327 238,326"/>
                <Baseline points="238,347 264,348 290,349 316,349 342,349 368,349 394,349 421,349 447,348 473,347 499,347 525,346 551,346 577,345 604,345"/>
                <TextEquiv>
                    <Unicode>mas que al primero, </Unicode>
                </TextEquiv>
            </TextLine>
            <TextLine id="r1l7" custom="readingOrder {index:6;}">
                <Coords points="235,403 261,403 287,403 314,403 340,403 367,403 393,403 420,403 446,402 472,402 499,401 525,401 552,400 578,399 605,399 605,368 578,368 552,369 525,370 499,370 472,371 446,371 420,372 393,372 367,372 340,372 314,372 287,372 261,372 235,372"/>
                <Baseline points="235,393 261,393 287,393 314,393 340,393 367,393 393,393 420,393 446,392 472,392 499,391 525,391 552,390 578,389 605,389"/>
                <TextEquiv>
                    <Unicode>lo mató por casarse</Unicode>
                </TextEquiv>
            </TextLine>
            <TextLine id="r1l8" custom="readingOrder {index:7;}">
                <Coords points="240,447 267,447 294,447 321,447 348,446 375,446 402,446 429,445 456,445 483,446 510,447 510,417 483,416 456,415 429,415 402,416 375,416 348,416 321,417 294,417 267,417 240,417"/>
                <Baseline points="240,437 267,437 294,437 321,437 348,436 375,436 402,436 429,435 456,435 483,436 510,437"/>
                <TextEquiv>
                    <Unicode>con el tercero;</Unicode>
                </TextEquiv>
            </TextLine>
            <TextLine id="r1l9" custom="readingOrder {index:8;}">
                <Coords points="233,494 258,493 283,492 308,492 333,491 358,491 383,491 408,490 433,490 458,490 483,489 508,489 533,489 558,489 583,488 608,488 633,488 633,458 608,458 583,458 558,459 533,459 508,459 483,459 458,460 433,460 408,460 383,461 358,461 333,461 308,462 283,462 258,463 233,464"/>
                <Baseline points="233,484 258,483 283,482 308,482 333,481 358,481 383,481 408,480 433,480 458,480 483,479 508,479 533,479 558,479 583,478 608,478 633,478"/>
                <TextEquiv>
                    <Unicode>y era un vagamundo,</Unicode>
                </TextEquiv>
            </TextLine>
            <TextLine id="r1l10" custom="readingOrder {index:9;}">
                <Coords points="239,535 268,535 297,535 327,535 356,535 386,535 415,535 444,534 474,534 503,534 533,534 562,533 591,533 621,533 650,532 680,532 709,532 738,531 768,531 797,530 827,530 827,500 797,500 768,501 738,501 709,502 680,502 650,502 621,503 591,503 562,503 533,504 503,504 474,504 444,504 415,505 386,505 356,505 327,505 297,505 268,505 239,505"/>
                <Baseline points="239,525 268,525 297,525 327,525 356,525 386,525 415,525 444,524 474,524 503,524 533,524 562,523 591,523 621,523 650,522 680,522 709,522 738,521 768,521 797,520 827,520"/>
                <TextEquiv>
                    <Unicode>que cansado de ir por el mundo</Unicode>
                </TextEquiv>
            </TextLine>
            <TextLine id="r1l11" custom="readingOrder {index:10;}">
                <Coords points="244,579 269,579 295,579 320,579 346,579 371,579 397,579 422,579 448,579 473,579 499,579 524,579 550,579 550,548 524,548 499,548 473,548 448,548 422,548 397,548 371,548 346,548 320,548 295,548 269,548 244,548"/>
                <Baseline points="244,569 269,569 295,569 320,569 346,569 371,569 397,569 422,569 448,569 473,569 499,569 524,569 550,569"/>
                <TextEquiv>
                    <Unicode>corriendo la tuna</Unicode>
                </TextEquiv>
            </TextLine>
            <TextLine id="r1l12" custom="readingOrder {index:11;}">
                <Coords points="235,625 261,625 288,624 314,624 341,624 368,623 394,623 421,623 448,622 474,622 501,621 528,621 554,621 581,621 608,620 634,620 661,620 688,620 714,620 741,621 768,621 768,591 741,591 714,590 688,590 661,590 634,590 608,590 581,591 554,591 528,591 501,591 474,592 448,592 421,593 394,593 368,593 341,594 314,594 288,594 261,595 235,595"/>
                <Baseline points="235,615 261,615 288,614 314,614 341,614 368,613 394,613 421,613 448,612 474,612 501,611 528,611 554,611 581,611 608,610 634,610 661,610 688,610 714,610 741,611 768,611"/>
                <TextEquiv>
                    <Unicode>y diciendo la buena-ventura,</Unicode>
                </TextEquiv>
            </TextLine>
            <TextLine id="r1l13" custom="readingOrder {index:12;}">
                <Coords points="235,668 260,667 286,667 312,667 337,667 363,667 389,667 415,667 440,667 466,667 492,667 518,666 518,636 492,637 466,637 440,637 415,637 389,637 363,637 337,637 312,637 286,637 260,637 235,638"/>
                <Baseline points="235,658 260,657 286,657 312,657 337,657 363,657 389,657 415,657 440,657 466,657 492,657 518,656"/>
                <TextEquiv>
                    <Unicode>tuvo la fortuna</Unicode>
                </TextEquiv>
            </TextLine>
            <TextLine id="r1l14" custom="readingOrder {index:13;}">
                <Coords points="240,711 265,711 291,712 316,712 342,712 368,712 393,712 419,711 444,711 470,711 496,710 521,710 547,710 572,709 598,709 624,708 649,708 675,708 700,708 726,708 752,709 752,678 726,677 700,677 675,677 649,677 624,677 598,678 572,678 547,679 521,679 496,679 470,680 444,680 419,680 393,681 368,681 342,681 316,681 291,681 265,680 240,680"/>
                <Baseline points="240,701 265,701 291,702 316,702 342,702 368,702 393,702 419,701 444,701 470,701 496,700 521,700 547,700 572,699 598,699 624,698 649,698 675,698 700,698 726,698 752,699"/>
                <TextEquiv>
                    <Unicode>de casarse con la tia Girula;</Unicode>
                </TextEquiv>
            </TextLine>
            <TextLine id="r1l15" custom="readingOrder {index:14;}">
                <Coords points="241,757 267,758 294,758 320,758 347,758 374,757 400,756 427,756 453,755 480,755 507,754 533,754 560,754 587,754 587,723 560,723 533,723 507,723 480,724 453,724 427,725 400,725 374,726 347,727 320,727 294,727 267,727 241,726"/>
                <Baseline points="241,747 267,748 294,748 320,748 347,748 374,747 400,746 427,746 453,745 480,745 507,744 533,744 560,744 587,744"/>
                <TextEquiv>
                    <Unicode>la cual, ya cansada</Unicode>
                </TextEquiv>
            </TextLine>
            <TextLine id="r1l16" custom="readingOrder {index:15;}">
                <Coords points="240,802 270,802 301,801 332,801 362,801 393,801 424,800 454,800 485,799 516,799 547,798 577,798 608,797 639,797 669,797 700,796 731,796 761,796 792,796 823,795 854,796 854,765 823,764 792,765 761,765 731,765 700,765 669,766 639,766 608,766 577,767 547,767 516,768 485,768 454,769 424,769 393,770 362,770 332,770 301,770 270,771 240,771"/>
                <Baseline points="240,792 270,792 301,791 332,791 362,791 393,791 424,790 454,790 485,789 516,789 547,788 577,788 608,787 639,787 669,787 700,786 731,786 761,786 792,786 823,785 854,786"/>
                <TextEquiv>
                    <Unicode>de sufrirle, le echó en la ensalada</Unicode>
                </TextEquiv>
            </TextLine>
            <TextLine id="r1l17" custom="readingOrder {index:16;}">
                <Coords points="232,846 258,846 284,846 310,846 336,846 362,845 388,845 414,845 440,844 466,844 492,844 518,844 544,845 570,846 570,815 544,814 518,813 492,813 466,813 440,813 414,814 388,814 362,814 336,815 310,815 284,815 258,815 232,815"/>
                <Baseline points="232,836 258,836 284,836 310,836 336,836 362,835 388,835 414,835 440,834 466,834 492,834 518,834 544,835 570,836"/>
                <TextEquiv>
                    <Unicode>no sé que polvito,</Unicode>
                </TextEquiv>
            </TextLine>
            <TextLine id="r1l18" custom="readingOrder {index:17;}">
                <Coords points="233,890 258,890 283,890 308,890 333,890 358,890 383,889 408,889 433,888 458,888 483,887 508,887 533,887 558,888 584,888 584,857 558,857 533,856 508,856 483,856 458,857 433,857 408,858 383,858 358,859 333,859 308,859 283,859 258,859 233,859"/>
                <Baseline points="233,880 258,880 283,880 308,880 333,880 358,880 383,879 408,879 433,878 458,878 483,877 508,877 533,877 558,878 584,878"/>
                <TextEquiv>
                    <Unicode>que le dejó mnerto</Unicode>
                </TextEquiv>
            </TextLine>
            <TextLine id="r1l19" custom="readingOrder {index:18;}">
                <Coords points="237,933 263,934 289,934 315,934 341,933 367,933 393,932 419,932 445,932 471,931 497,931 524,932 524,901 497,900 471,900 445,901 419,901 393,901 367,902 341,902 315,903 289,903 263,903 237,902"/>
                <Baseline points="237,923 263,924 289,924 315,924 341,923 367,923 393,922 419,922 445,922 471,921 497,921 524,922"/>
                <TextEquiv>
                    <Unicode>como un pollito.</Unicode>
                </TextEquiv>
            </TextLine>
            <TextLine id="r1l20" custom="readingOrder {index:19;}">
                <Coords points="276,977 301,977 326,978 351,978 376,977 401,977 426,977 451,976 476,976 501,976 526,976 551,976 576,977 602,978 602,947 576,946 551,945 526,945 501,945 476,945 451,945 426,946 401,946 376,946 351,947 326,947 301,946 276,946"/>
                <Baseline points="276,967 301,967 326,968 351,968 376,967 401,967 426,967 451,966 476,966 501,966 526,966 551,966 576,967 602,968"/>
                <TextEquiv>
                    <Unicode>Amanecido el dia,</Unicode>
                </TextEquiv>
            </TextLine>
            <TextLine id="r1l21" custom="readingOrder {index:20;}">
                <Coords points="232,1023 257,1022 282,1022 307,1021 332,1021 357,1021 382,1021 407,1022 432,1022 458,1023 458,993 432,992 407,992 382,991 357,991 332,991 307,991 282,992 257,992 232,993"/>
                <Baseline points="232,1013 257,1012 282,1012 307,1011 332,1011 357,1011 382,1011 407,1012 432,1012 458,1013"/>
                <TextEquiv>
                    <Unicode>la tia Girula,</Unicode>
                </TextEquiv>
            </TextLine>
            <TextLine id="r1l22" custom="readingOrder {index:21;}">
                <Coords points="235,1067 260,1066 285,1066 310,1066 335,1066 360,1065 385,1065 411,1065 436,1065 461,1065 486,1064 511,1064 536,1064 561,1063 587,1063 587,1032 561,1032 536,1033 511,1033 486,1033 461,1034 436,1034 411,1034 385,1034 360,1034 335,1035 310,1035 285,1035 260,1035 235,1036"/>
                <Baseline points="235,1057 260,1056 285,1056 310,1056 335,1056 360,1055 385,1055 411,1055 436,1055 461,1055 486,1054 511,1054 536,1054 561,1053 587,1053"/>
                <TextEquiv>
                    <Unicode>se levantó llorando</Unicode>
                </TextEquiv>
            </TextLine>
            <TextLine id="r1l23" custom="readingOrder {index:22;}">
                <Coords points="240,1109 265,1110 290,1110 316,1110 341,1110 366,1110 392,1109 417,1109 442,1109 468,1109 493,1109 518,1109 544,1111 544,1081 518,1079 493,1079 468,1079 442,1079 417,1079 392,1079 366,1080 341,1080 316,1080 290,1080 265,1080 240,1079"/>
                <Baseline points="240,1099 265,1100 290,1100 316,1100 341,1100 366,1100 392,1099 417,1099 442,1099 468,1099 493,1099 518,1099 544,1101"/>
                <TextEquiv>
                    <Unicode>como una bruja,</Unicode>
                </TextEquiv>
            </TextLine>
            <TextLine id="r1l24" custom="readingOrder {index:23;}">
                <Coords points="239,1153 264,1154 289,1154 314,1155 339,1154 364,1154 389,1153 414,1153 439,1152 464,1152 489,1151 514,1151 539,1152 564,1152 564,1122 539,1122 514,1121 489,1121 464,1122 439,1122 414,1123 389,1123 364,1124 339,1124 314,1125 289,1124 264,1124 239,1123"/>
                <Baseline points="239,1143 264,1144 289,1144 314,1145 339,1144 364,1144 389,1143 414,1143 439,1142 464,1142 489,1141 514,1141 539,1142 564,1142"/>
                <TextEquiv>
                    <Unicode>con ayes forzados</Unicode>
                </TextEquiv>
            </TextLine>
            <TextLine id="r1l25" custom="readingOrder {index:24;}">
                <Coords points="242,1197 271,1197 300,1197 330,1197 359,1197 388,1197 418,1197 447,1197 476,1197 506,1197 535,1197 564,1196 594,1196 623,1196 652,1195 682,1195 711,1195 740,1194 770,1194 799,1194 829,1193 829,1162 799,1163 770,1163 740,1163 711,1164 682,1164 652,1164 623,1165 594,1165 564,1165 535,1166 506,1166 476,1166 447,1166 418,1166 388,1166 359,1166 330,1166 300,1166 271,1166 242,1166"/>
                <Baseline points="242,1187 271,1187 300,1187 330,1187 359,1187 388,1187 418,1187 447,1187 476,1187 506,1187 535,1187 564,1186 594,1186 623,1186 652,1185 682,1185 711,1185 740,1184 770,1184 799,1184 829,1183"/>
                <TextEquiv>
                    <Unicode>daba gritos muy descompasados.</Unicode>
                </TextEquiv>
            </TextLine>
            <TextLine id="r1l26" custom="readingOrder {index:25;}">
                <Coords points="238,1241 264,1242 291,1242 318,1242 345,1242 372,1242 398,1242 425,1242 452,1242 479,1242 506,1242 506,1211 479,1211 452,1211 425,1211 398,1211 372,1211 345,1211 318,1211 291,1211 264,1211 238,1210"/>
                <Baseline points="238,1231 264,1232 291,1232 318,1232 345,1232 372,1232 398,1232 425,1232 452,1232 479,1232 506,1232"/>
                <TextEquiv>
                    <Unicode>Vecinas, decia,</Unicode>
                </TextEquiv>
            </TextLine>
            <TextLine id="r1l27" custom="readingOrder {index:26;}">
                <Coords points="235,1286 260,1286 286,1286 312,1286 338,1286 364,1286 389,1286 415,1285 441,1285 467,1285 493,1284 518,1284 544,1284 570,1284 596,1284 622,1284 647,1284 673,1284 699,1284 725,1284 751,1285 751,1254 725,1253 699,1253 673,1253 647,1253 622,1253 596,1253 570,1253 544,1253 518,1253 493,1253 467,1254 441,1254 415,1254 389,1255 364,1255 338,1255 312,1255 286,1255 260,1255 235,1255"/>
                <Baseline points="235,1276 260,1276 286,1276 312,1276 338,1276 364,1276 389,1276 415,1275 441,1275 467,1275 493,1274 518,1274 544,1274 570,1274 596,1274 622,1274 647,1274 673,1274 699,1274 725,1274 751,1275"/>
                <TextEquiv>
                    <Unicode>acudid, calmad la pena mia,</Unicode>
                </TextEquiv>
            </TextLine>
            <TextLine id="r1l28" custom="readingOrder {index:27;}">
                <Coords points="230,1331 255,1331 280,1331 306,1331 331,1331 356,1331 382,1330 407,1330 433,1330 458,1330 483,1329 509,1329 534,1329 559,1329 585,1329 610,1328 636,1328 636,1297 610,1297 585,1298 559,1298 534,1298 509,1298 483,1298 458,1299 433,1299 407,1299 382,1299 356,1300 331,1300 306,1300 280,1300 255,1300 230,1300"/>
                <Baseline points="230,1321 255,1321 280,1321 306,1321 331,1321 356,1321 382,1320 407,1320 433,1320 458,1320 483,1319 509,1319 534,1319 559,1319 585,1319 610,1318 636,1318"/>
                <TextEquiv>
                    <Unicode>que estoy en cuidado,</Unicode>
                </TextEquiv>
            </TextLine>
            <TextLine id="r1l29" custom="readingOrder {index:28;}">
                <Coords points="237,1375 267,1375 298,1374 328,1374 359,1374 390,1374 420,1373 451,1373 481,1373 512,1373 543,1373 573,1373 604,1373 634,1372 665,1372 696,1372 726,1371 757,1371 787,1370 818,1370 849,1369 849,1338 818,1339 787,1339 757,1340 726,1340 696,1341 665,1341 634,1341 604,1342 573,1342 543,1342 512,1342 481,1342 451,1342 420,1342 390,1343 359,1343 328,1343 298,1343 267,1344 237,1344"/>
                <Baseline points="237,1365 267,1365 298,1364 328,1364 359,1364 390,1364 420,1363 451,1363 481,1363 512,1363 543,1363 573,1363 604,1363 634,1362 665,1362 696,1362 726,1361 757,1361 787,1360 818,1360 849,1359"/>
                <TextEquiv>
                    <Unicode>á mi esposo no sé que le ha dado</Unicode>
                </TextEquiv>
            </TextLine>
            <TextLine id="r1l30" custom="readingOrder {index:29;}">
                <Coords points="235,1419 260,1419 285,1418 310,1418 336,1418 361,1418 386,1417 412,1417 437,1417 462,1417 487,1417 513,1417 538,1417 563,1417 589,1417 589,1386 563,1386 538,1386 513,1386 487,1386 462,1386 437,1386 412,1386 386,1386 361,1387 336,1387 310,1387 285,1387 260,1388 235,1388"/>
                <Baseline points="235,1409 260,1409 285,1408 310,1408 336,1408 361,1408 386,1407 412,1407 437,1407 462,1407 487,1407 513,1407 538,1407 563,1407 589,1407"/>
                <TextEquiv>
                    <Unicode>que está sin aliento.</Unicode>
                </TextEquiv>
            </TextLine>
            <TextLine id="r1l31" custom="readingOrder {index:30;}">
                <Coords points="233,1464 266,1463 299,1463 332,1462 365,1462 398,1462 431,1461 465,1461 498,1461 531,1461 564,1461 597,1460 630,1460 663,1460 697,1460 730,1460 763,1459 796,1459 829,1458 862,1458 896,1458 896,1428 862,1428 829,1428 796,1429 763,1429 730,1430 697,1430 663,1430 630,1430 597,1430 564,1431 531,1431 498,1431 465,1431 431,1431 398,1432 365,1432 332,1432 299,1433 266,1433 233,1434"/>
                <Baseline points="233,1454 266,1453 299,1453 332,1452 365,1452 398,1452 431,1451 465,1451 498,1451 531,1451 564,1451 597,1450 630,1450 663,1450 697,1450 730,1450 763,1449 796,1449 829,1448 862,1448 896,1448"/>
                <TextEquiv>
                    <Unicode>¡Ay Dios mio, si se me habrá muerto!</Unicode>
                </TextEquiv>
            </TextLine>
            <TextLine id="r1l32" custom="readingOrder {index:31;}">
                <Coords points="232,1505 258,1505 285,1505 312,1506 339,1506 365,1506 392,1506 419,1507 446,1507 472,1507 499,1506 526,1506 553,1505 580,1504 580,1474 553,1475 526,1476 499,1476 472,1477 446,1477 419,1477 392,1476 365,1476 339,1476 312,1476 285,1475 258,1475 232,1475"/>
                <Baseline points="232,1495 258,1495 285,1495 312,1496 339,1496 365,1496 392,1496 419,1497 446,1497 472,1497 499,1496 526,1496 553,1495 580,1494"/>
                <TextEquiv>
                    <Unicode>Al llanto acudieron</Unicode>
                </TextEquiv>
            </TextLine>
            <TextLine id="r1l33" custom="readingOrder {index:32;}">
                <Coords points="231,1553 260,1552 290,1551 319,1551 349,1551 378,1550 408,1550 437,1550 467,1550 496,1550 526,1550 555,1550 585,1550 614,1550 644,1550 673,1550 703,1549 732,1549 762,1548 791,1547 821,1546 821,1515 791,1516 762,1517 732,1518 703,1518 673,1519 644,1519 614,1519 585,1519 555,1519 526,1519 496,1519 467,1519 437,1519 408,1519 378,1519 349,1520 319,1520 290,1520 260,1521 231,1522"/>
                <Baseline points="231,1543 260,1542 290,1541 319,1541 349,1541 378,1540 408,1540 437,1540 467,1540 496,1540 526,1540 555,1540 585,1540 614,1540 644,1540 673,1540 703,1539 732,1539 762,1538 791,1537 821,1536"/>
                <TextEquiv>
                    <Unicode>y entre todas de palos la dieron</Unicode>
                </TextEquiv>
            </TextLine>
            <TextLine id="r1l34" custom="readingOrder {index:33;}">
                <Coords points="229,1602 255,1600 281,1597 307,1596 333,1595 359,1595 386,1595 412,1595 438,1595 464,1596 490,1596 516,1596 543,1596 543,1565 516,1565 490,1565 464,1565 438,1564 412,1564 386,1564 359,1564 333,1564 307,1565 281,1566 255,1569 229,1571"/>
                <Baseline points="229,1592 255,1590 281,1587 307,1586 333,1585 359,1585 386,1585 412,1585 438,1585 464,1586 490,1586 516,1586 543,1586"/>
                <TextEquiv>
                    <Unicode>y la maltrataron,</Unicode>
                </TextEquiv>
            </TextLine>
            <TextLine id="r1l35" custom="readingOrder {index:34;}">
                <Coords points="231,1644 261,1642 291,1642 321,1641 351,1640 382,1640 412,1639 442,1639 472,1639 502,1639 533,1638 563,1638 593,1638 623,1638 653,1638 684,1638 714,1638 744,1637 774,1637 804,1636 835,1636 835,1605 804,1605 774,1606 744,1606 714,1607 684,1607 653,1607 623,1607 593,1607 563,1607 533,1607 502,1608 472,1608 442,1608 412,1608 382,1609 351,1609 321,1610 291,1611 261,1611 231,1613"/>
                <Baseline points="231,1634 261,1632 291,1632 321,1631 351,1630 382,1630 412,1629 442,1629 472,1629 502,1629 533,1628 563,1628 593,1628 623,1628 653,1628 684,1628 714,1628 744,1627 774,1627 804,1626 835,1626"/>
                <TextEquiv>
                    <Unicode>y de mata maridos no la dejaron.</Unicode>
                </TextEquiv>
            </TextLine>
            <TextLine id="r1l36" custom="readingOrder {index:35;}">
                <Coords points="266,1684 292,1684 318,1684 344,1684 370,1684 397,1684 423,1684 449,1684 475,1684 501,1684 528,1684 554,1684 580,1684 606,1684 632,1683 659,1683 659,1652 632,1652 606,1653 580,1653 554,1653 528,1653 501,1653 475,1653 449,1653 423,1653 397,1653 370,1653 344,1653 318,1653 292,1653 266,1653"/>
                <Baseline points="266,1674 292,1674 318,1674 344,1674 370,1674 397,1674 423,1674 449,1674 475,1674 501,1674 528,1674 554,1674 580,1674 606,1674 632,1673 659,1673"/>
                <TextEquiv>
                    <Unicode>Los viudos y solteros</Unicode>
                </TextEquiv>
            </TextLine>
            <TextLine id="r1l37" custom="readingOrder {index:36;}">
                <Coords points="230,1727 255,1728 281,1728 307,1728 332,1728 358,1727 384,1727 409,1727 435,1727 461,1727 486,1728 512,1728 538,1728 538,1697 512,1697 486,1697 461,1696 435,1696 409,1696 384,1696 358,1696 332,1697 307,1697 281,1697 255,1697 230,1696"/>
                <Baseline points="230,1717 255,1718 281,1718 307,1718 332,1718 358,1717 384,1717 409,1717 435,1717 461,1717 486,1718 512,1718 538,1718"/>
                <TextEquiv>
                    <Unicode>todos la odiaban, </Unicode>
                </TextEquiv>
            </TextLine>
            <TextLine id="r1l38" custom="readingOrder {index:37;}">
                <Coords points="227,1772 253,1772 279,1772 305,1772 331,1772 358,1772 384,1772 410,1772 436,1772 463,1772 489,1772 515,1772 541,1772 567,1772 594,1772 620,1772 646,1772 672,1771 699,1771 699,1740 672,1740 646,1741 620,1741 594,1741 567,1741 541,1741 515,1741 489,1741 463,1741 436,1741 410,1741 384,1741 358,1741 331,1741 305,1741 279,1741 253,1741 227,1741"/>
                <Baseline points="227,1762 253,1762 279,1762 305,1762 331,1762 358,1762 384,1762 410,1762 436,1762 463,1762 489,1762 515,1762 541,1762 567,1762 594,1762 620,1762 646,1762 672,1761 699,1761"/>
                <TextEquiv>
                    <Unicode>tanto, que hasta los niños</Unicode>
                </TextEquiv>
            </TextLine>
            <TextLine id="r1l39" custom="readingOrder {index:38;}">
                <Coords points="234,1817 259,1818 285,1818 311,1818 336,1817 362,1817 388,1816 413,1816 439,1816 465,1817 491,1818 491,1787 465,1786 439,1785 413,1785 388,1785 362,1786 336,1786 311,1787 285,1787 259,1787 234,1786"/>
                <Baseline points="234,1807 259,1808 285,1808 311,1808 336,1807 362,1807 388,1806 413,1806 439,1806 465,1807 491,1808"/>
                <TextEquiv>
                    <Unicode>la apedreaban:</Unicode>
                </TextEquiv>
            </TextLine>
            <TextLine id="r1l40" custom="readingOrder {index:39;}">
                <Coords points="228,1861 253,1862 278,1862 304,1862 329,1862 355,1861 380,1861 405,1861 431,1861 456,1861 482,1861 507,1861 533,1862 533,1831 507,1830 482,1830 456,1830 431,1830 405,1830 380,1830 355,1830 329,1831 304,1831 278,1831 253,1831 228,1830"/>
                <Baseline points="228,1851 253,1852 278,1852 304,1852 329,1852 355,1851 380,1851 405,1851 431,1851 456,1851 482,1851 507,1851 533,1852"/>
                <TextEquiv>
                    <Unicode>mas la tia Girula,</Unicode>
                </TextEquiv>
            </TextLine>
            <TextLine id="r1l41" custom="readingOrder {index:40;}">
                <Coords points="232,1905 259,1905 287,1905 315,1905 343,1905 371,1905 398,1904 426,1904 454,1904 482,1904 510,1904 537,1904 565,1904 593,1904 621,1904 649,1904 676,1904 704,1904 732,1905 760,1905 788,1905 788,1874 760,1874 732,1874 704,1873 676,1873 649,1873 621,1873 593,1873 565,1873 537,1873 510,1873 482,1873 454,1873 426,1873 398,1873 371,1874 343,1874 315,1874 287,1874 259,1874 232,1874"/>
                <Baseline points="232,1895 259,1895 287,1895 315,1895 343,1895 371,1895 398,1894 426,1894 454,1894 482,1894 510,1894 537,1894 565,1894 593,1894 621,1894 649,1894 676,1894 704,1894 732,1895 760,1895 788,1895"/>
                <TextEquiv>
                    <Unicode>como va la picaban las pulgas,</Unicode>
                </TextEquiv>
            </TextLine>
            <TextLine id="r1l42" custom="readingOrder {index:41;}">
                <Coords points="231,1950 258,1949 285,1949 312,1948 339,1948 366,1948 394,1948 421,1948 448,1949 475,1949 502,1950 530,1951 530,1921 502,1920 475,1919 448,1919 421,1918 394,1918 366,1918 339,1918 312,1918 285,1919 258,1919 231,1920"/>
                <Baseline points="231,1940 258,1939 285,1939 312,1938 339,1938 366,1938 394,1938 421,1938 448,1939 475,1939 502,1940 530,1941"/>
                <TextEquiv>
                    <Unicode>trató de casarse,</Unicode>
                </TextEquiv>
            </TextLine>
            <TextLine id="r1l43" custom="readingOrder {index:42;}">
                <Coords points="233,1993 266,1994 299,1993 332,1993 365,1993 398,1993 431,1993 464,1993 497,1992 530,1992 563,1992 596,1992 629,1992 662,1991 695,1991 728,1991 761,1991 794,1992 827,1992 860,1992 893,1992 893,1962 860,1962 827,1962 794,1962 761,1961 728,1961 695,1961 662,1961 629,1962 596,1962 563,1962 530,1962 497,1962 464,1963 431,1963 398,1963 365,1963 332,1963 299,1963 266,1964 233,1963"/>
                <Baseline points="233,1983 266,1984 299,1983 332,1983 365,1983 398,1983 431,1983 464,1983 497,1982 530,1982 563,1982 596,1982 629,1982 662,1981 695,1981 728,1981 761,1981 794,1982 827,1982 860,1982 893,1982"/>
                <TextEquiv>
                    <Unicode>que era invierno y queria abrigarse,</Unicode>
                </TextEquiv>
            </TextLine>
            <TextLine id="r1l44" custom="readingOrder {index:43;}">
                <Coords points="231,2037 257,2037 283,2038 309,2038 335,2038 361,2038 387,2038 413,2037 440,2037 466,2037 492,2037 518,2036 544,2036 570,2036 596,2035 623,2035 623,2004 596,2004 570,2005 544,2005 518,2005 492,2006 466,2006 440,2006 413,2006 387,2007 361,2007 335,2007 309,2007 283,2007 257,2006 231,2006"/>
                <Baseline points="231,2027 257,2027 283,2028 309,2028 335,2028 361,2028 387,2028 413,2027 440,2027 466,2027 492,2027 518,2026 544,2026 570,2026 596,2025 623,2025"/>
                <TextEquiv>
                    <Unicode>aunque á sus maridos</Unicode>
                </TextEquiv>
            </TextLine>
            <TextLine id="r1l45" custom="readingOrder {index:44;}">
                <Coords points="228,2082 256,2082 284,2082 312,2082 340,2082 368,2081 396,2081 424,2081 452,2081 480,2080 508,2080 536,2080 564,2080 592,2080 620,2080 648,2080 676,2080 704,2081 732,2081 760,2081 788,2082 788,2051 760,2050 732,2050 704,2050 676,2049 648,2049 620,2049 592,2049 564,2049 536,2049 508,2049 480,2049 452,2050 424,2050 396,2050 368,2050 340,2051 312,2051 284,2051 256,2051 228,2051"/>
                <Baseline points="228,2072 256,2072 284,2072 312,2072 340,2072 368,2071 396,2071 424,2071 452,2071 480,2070 508,2070 536,2070 564,2070 592,2070 620,2070 648,2070 676,2070 704,2071 732,2071 760,2071 788,2072"/>
                <TextEquiv>
                    <Unicode>la taimada no les daba abrigo,</Unicode>
                </TextEquiv>
            </TextLine>
            <TextLine id="r1l46" custom="readingOrder {index:45;}">
                <Coords points="225,2127 251,2127 277,2126 303,2125 330,2125 356,2125 382,2125 409,2125 435,2125 461,2125 488,2125 514,2125 540,2124 567,2124 567,2093 540,2093 514,2094 488,2094 461,2094 435,2094 409,2094 382,2094 356,2094 330,2094 303,2094 277,2095 251,2096 225,2096"/>
                <Baseline points="225,2117 251,2117 277,2116 303,2115 330,2115 356,2115 382,2115 409,2115 435,2115 461,2115 488,2115 514,2115 540,2114 567,2114"/>
                <TextEquiv>
                    <Unicode>porque los mataba</Unicode>
                </TextEquiv>
            </TextLine>
            <TextLine id="r1l47" custom="readingOrder {index:46;}">
                <Coords points="232,2171 259,2170 287,2170 314,2170 342,2170 370,2170 397,2170 425,2170 452,2170 480,2170 508,2170 535,2170 563,2170 590,2170 618,2170 646,2170 673,2170 701,2170 728,2170 756,2170 784,2169 784,2138 756,2139 728,2139 701,2139 673,2139 646,2139 618,2139 590,2139 563,2139 535,2139 508,2139 480,2139 452,2139 425,2139 397,2139 370,2139 342,2139 314,2139 287,2139 259,2139 232,2140"/>
                <Baseline points="232,2161 259,2160 287,2160 314,2160 342,2160 370,2160 397,2160 425,2160 452,2160 480,2160 508,2160 535,2160 563,2160 590,2160 618,2160 646,2160 673,2160 701,2160 728,2160 756,2160 784,2159"/>
                <TextEquiv>
                    <Unicode>con sangria ó los envenenaba,</Unicode>
                </TextEquiv>
            </TextLine>
            <TextLine id="r1l48" custom="readingOrder {index:47;}">
                <Coords points="233,2216 258,2216 284,2216 309,2215 335,2215 361,2214 386,2213 412,2213 438,2213 463,2214 489,2215 515,2217 515,2186 489,2184 463,2183 438,2182 412,2182 386,2182 361,2183 335,2184 309,2184 284,2185 258,2185 233,2185"/>
                <Baseline points="233,2206 258,2206 284,2206 309,2205 335,2205 361,2204 386,2203 412,2203 438,2203 463,2204 489,2205 515,2207"/>
                <TextEquiv>
                    <Unicode>por ir variando,</Unicode>
                </TextEquiv>
            </TextLine>
            <TextLine id="r1l49" custom="readingOrder {index:48;}">
                <Coords points="225,2262 258,2261 292,2260 325,2260 359,2259 392,2259 426,2259 459,2259 493,2259 526,2259 560,2259 593,2259 627,2259 660,2259 694,2259 727,2259 761,2259 794,2258 828,2257 861,2257 895,2255 895,2225 861,2227 828,2227 794,2228 761,2229 727,2229 694,2229 660,2229 627,2229 593,2229 560,2229 526,2229 493,2229 459,2229 426,2229 392,2229 359,2229 325,2230 292,2230 258,2231 225,2232"/>
                <Baseline points="225,2252 258,2251 292,2250 325,2250 359,2249 392,2249 426,2249 459,2249 493,2249 526,2249 560,2249 593,2249 627,2249 660,2249 694,2249 727,2249 761,2249 794,2248 828,2247 861,2247 895,2245"/>
                <TextEquiv>
                    <Unicode>y á mas tambien fumaba de contra-</Unicode>
                </TextEquiv>
            </TextLine>
            <TextLine id="r1l50" custom="readingOrder {index:49;}">
                <Coords points="272,2303 298,2303 325,2302 352,2302 378,2302 405,2302 432,2303 459,2303 485,2303 512,2303 539,2304 565,2304 592,2305 619,2305 646,2306 646,2276 619,2275 592,2275 565,2274 539,2274 512,2273 485,2273 459,2273 432,2273 405,2272 378,2272 352,2272 325,2272 298,2273 272,2273"/>
                <Baseline points="272,2293 298,2293 325,2292 352,2292 378,2292 405,2292 432,2293 459,2293 485,2293 512,2293 539,2294 565,2294 592,2295 619,2295 646,2296"/>
                <TextEquiv>
                    <Unicode>Puso la tierna viuda (bando.</Unicode>
                </TextEquiv>
            </TextLine>
            <TextLine id="r1l52" custom="readingOrder {index:50;}">
                <Coords points="224,2350 250,2350 276,2350 303,2350 329,2349 355,2349 382,2349 408,2349 434,2349 461,2349 487,2349 513,2351 540,2352 540,2321 513,2320 487,2318 461,2318 434,2318 408,2318 382,2318 355,2318 329,2318 303,2319 276,2319 250,2319 224,2319"/>
                <Baseline points="224,2340 250,2340 276,2340 303,2340 329,2339 355,2339 382,2339 408,2339 434,2339 461,2339 487,2339 513,2341 540,2342"/>
                <TextEquiv>
                    <Unicode>la red en planta.</Unicode>
                </TextEquiv>
            </TextLine>
            <TextEquiv>
                <Unicode>2
le dió pasaporte:
que esto pasa en Valencia
como en la córte.
Aunque amaba al segundo
mas que al primero, 
lo mató por casarse
con el tercero;
y era un vagamundo,
que cansado de ir por el mundo
corriendo la tuna
y diciendo la buena-ventura,
tuvo la fortuna
de casarse con la tia Girula;
la cual, ya cansada
de sufrirle, le echó en la ensalada
no sé que polvito,
que le dejó mnerto
como un pollito.
Amanecido el dia,
la tia Girula,
se levantó llorando
como una bruja,
con ayes forzados
daba gritos muy descompasados.
Vecinas, decia,
acudid, calmad la pena mia,
que estoy en cuidado,
á mi esposo no sé que le ha dado
que está sin aliento.
¡Ay Dios mio, si se me habrá muerto!
Al llanto acudieron
y entre todas de palos la dieron
y la maltrataron,
y de mata maridos no la dejaron.
Los viudos y solteros
todos la odiaban, 
tanto, que hasta los niños
la apedreaban:
mas la tia Girula,
como va la picaban las pulgas,
trató de casarse,
que era invierno y queria abrigarse,
aunque á sus maridos
la taimada no les daba abrigo,
porque los mataba
con sangria ó los envenenaba,
por ir variando,
y á mas tambien fumaba de contra-
Puso la tierna viuda (bando.
la red en planta.</Unicode>
            </TextEquiv>
        </TextRegion>
        <TextRegion orientation="0.0" id="r2" custom="readingOrder {index:1;}">
            <Coords points="935,143 935,2346 1616,2346 1616,143"/>
            <TextLine id="r2l1" custom="readingOrder {index:0;}">
                <Coords points="945,185 970,181 996,179 1022,177 1047,176 1073,175 1099,175 1125,175 1150,175 1176,175 1202,175 1227,175 1253,175 1279,174 1305,173 1305,143 1279,144 1253,145 1227,145 1202,145 1176,145 1150,145 1125,145 1099,145 1073,145 1047,146 1022,147 996,149 970,151 945,155"/>
                <Baseline points="945,175 970,171 996,169 1022,167 1047,166 1073,165 1099,165 1125,165 1150,165 1176,165 1202,165 1227,165 1253,165 1279,164 1305,163"/>
                <TextEquiv>
                    <Unicode>y por fin un gitano</Unicode>
                </TextEquiv>
            </TextLine>
            <TextLine id="r2l2" custom="readingOrder {index:1;}">
                <Coords points="952,221 978,221 1004,220 1030,220 1056,220 1082,219 1108,219 1135,219 1161,219 1187,220 1213,220 1239,221 1265,222 1292,223 1292,193 1265,192 1239,191 1213,190 1187,190 1161,189 1135,189 1108,189 1082,189 1056,190 1030,190 1004,190 978,191 952,191"/>
                <Baseline points="952,211 978,211 1004,210 1030,210 1056,210 1082,209 1108,209 1135,209 1161,209 1187,210 1213,210 1239,211 1265,212 1292,213"/>
                <TextEquiv>
                    <Unicode>cayó en la trampa,</Unicode>
                </TextEquiv>
            </TextLine>
            <TextLine id="r2l3" custom="readingOrder {index:2;}">
                <Coords points="954,265 980,265 1007,265 1034,265 1060,264 1087,264 1114,264 1140,263 1167,263 1194,263 1220,263 1247,264 1274,264 1274,234 1247,234 1220,233 1194,233 1167,233 1140,233 1114,234 1087,234 1060,234 1034,235 1007,235 980,235 954,235"/>
                <Baseline points="954,255 980,255 1007,255 1034,255 1060,254 1087,254 1114,254 1140,253 1167,253 1194,253 1220,253 1247,254 1274,254"/>
                <TextEquiv>
                    <Unicode>el cual sin disputa</Unicode>
                </TextEquiv>
            </TextLine>
            <TextLine id="r2l4" custom="readingOrder {index:3;}">
                <Coords points="947,310 981,309 1016,309 1051,308 1085,308 1120,307 1155,307 1189,307 1224,308 1259,308 1293,308 1328,308 1363,309 1397,309 1432,309 1467,310 1501,310 1536,310 1571,310 1606,310 1606,280 1571,280 1536,280 1501,280 1467,280 1432,279 1397,279 1363,279 1328,278 1293,278 1259,278 1224,278 1189,277 1155,277 1120,277 1085,278 1051,278 1016,279 981,279 947,280"/>
                <Baseline points="947,300 981,299 1016,299 1051,298 1085,298 1120,297 1155,297 1189,297 1224,298 1259,298 1293,298 1328,298 1363,299 1397,299 1432,299 1467,300 1501,300 1536,300 1571,300 1606,300"/>
                <TextEquiv>
                    <Unicode>se encargó del huerto y de la fruta,</Unicode>
                </TextEquiv>
            </TextLine>
            <TextLine id="r2l5" custom="readingOrder {index:4;}">
                <Coords points="947,357 972,356 998,355 1024,354 1050,353 1076,352 1102,351 1127,351 1153,351 1179,351 1205,351 1231,351 1257,352 1257,322 1231,321 1205,321 1179,321 1153,321 1127,321 1102,321 1076,322 1050,323 1024,324 998,325 972,326 947,327"/>
                <Baseline points="947,347 972,346 998,345 1024,344 1050,343 1076,342 1102,341 1127,341 1153,341 1179,341 1205,341 1231,341 1257,342"/>
                <TextEquiv>
                    <Unicode>y á la novensada</Unicode>
                </TextEquiv>
            </TextLine>
            <TextLine id="r2l6" custom="readingOrder {index:5;}">
                <Coords points="952,398 979,398 1007,397 1035,397 1062,397 1090,396 1118,396 1145,396 1173,396 1201,396 1229,396 1256,396 1284,396 1312,396 1339,396 1367,396 1395,396 1422,397 1450,397 1478,397 1506,397 1506,367 1478,367 1450,367 1422,367 1395,366 1367,366 1339,366 1312,366 1284,366 1256,366 1229,366 1201,366 1173,366 1145,366 1118,366 1090,366 1062,367 1035,367 1007,367 979,368 952,368"/>
                <Baseline points="952,388 979,388 1007,387 1035,387 1062,387 1090,386 1118,386 1145,386 1173,386 1201,386 1229,386 1256,386 1284,386 1312,386 1339,386 1367,386 1395,386 1422,387 1450,387 1478,387 1506,387"/>
                <TextEquiv>
                    <Unicode>la zurraba muy bien la badana,</Unicode>
                </TextEquiv>
            </TextLine>
            <TextLine id="r2l7" custom="readingOrder {index:6;}">
                <Coords points="951,442 977,442 1004,442 1030,441 1057,441 1084,441 1110,440 1137,440 1164,440 1190,439 1217,439 1244,440 1244,410 1217,409 1190,409 1164,410 1137,410 1110,410 1084,411 1057,411 1030,411 1004,412 977,412 951,412"/>
                <Baseline points="951,432 977,432 1004,432 1030,431 1057,431 1084,431 1110,430 1137,430 1164,430 1190,429 1217,429 1244,430"/>
                <TextEquiv>
                    <Unicode>pero la andaluza</Unicode>
                </TextEquiv>
            </TextLine>
            <TextLine id="r2l8" custom="readingOrder {index:7;}">
                <Coords points="951,486 978,486 1006,486 1033,485 1061,485 1089,484 1116,484 1144,484 1171,484 1199,484 1227,484 1254,484 1282,484 1309,485 1337,485 1365,485 1392,486 1420,486 1447,487 1475,488 1503,489 1503,459 1475,458 1447,457 1420,456 1392,456 1365,455 1337,455 1309,455 1282,454 1254,454 1227,454 1199,454 1171,454 1144,454 1116,454 1089,454 1061,455 1033,455 1006,456 978,456 951,456"/>
                <Baseline points="951,476 978,476 1006,476 1033,475 1061,475 1089,474 1116,474 1144,474 1171,474 1199,474 1227,474 1254,474 1282,474 1309,475 1337,475 1365,475 1392,476 1420,476 1447,477 1475,478 1503,479"/>
                <TextEquiv>
                    <Unicode>al gitano le arrimó una purga,</Unicode>
                </TextEquiv>
            </TextLine>
            <TextLine id="r2l9" custom="readingOrder {index:8;}">
                <Coords points="948,532 974,531 1001,530 1027,529 1054,529 1081,528 1107,528 1134,527 1161,527 1187,527 1214,528 1241,529 1241,499 1214,498 1187,497 1161,497 1134,497 1107,498 1081,498 1054,499 1027,499 1001,500 974,501 948,502"/>
                <Baseline points="948,522 974,521 1001,520 1027,519 1054,519 1081,518 1107,518 1134,517 1161,517 1187,517 1214,518 1241,519"/>
                <TextEquiv>
                    <Unicode>sin ser boticario,</Unicode>
                </TextEquiv>
            </TextLine>
            <TextLine id="r2l10" custom="readingOrder {index:9;}">
                <Coords points="951,576 983,575 1016,574 1048,573 1081,573 1113,573 1146,572 1178,572 1211,572 1243,572 1276,572 1308,572 1341,572 1373,572 1406,572 1438,573 1471,573 1503,573 1536,574 1568,574 1601,574 1601,544 1568,544 1536,544 1503,543 1471,543 1438,543 1406,542 1373,542 1341,542 1308,542 1276,542 1243,542 1211,542 1178,542 1146,542 1113,543 1081,543 1048,543 1016,544 983,545 951,546"/>
                <Baseline points="951,566 983,565 1016,564 1048,563 1081,563 1113,563 1146,562 1178,562 1211,562 1243,562 1276,562 1308,562 1341,562 1373,562 1406,562 1438,563 1471,563 1503,563 1536,564 1568,564 1601,564"/>
                <TextEquiv>
                    <Unicode>que el pobrete se fué al otro barrio,</Unicode>
                </TextEquiv>
            </TextLine>
            <TextLine id="r2l11" custom="readingOrder {index:10;}">
                <Coords points="947,626 974,622 1001,619 1029,617 1056,617 1084,616 1111,616 1138,616 1166,616 1193,616 1221,615 1221,585 1193,586 1166,586 1138,586 1111,586 1084,586 1056,587 1029,587 1001,589 974,592 947,596"/>
                <Baseline points="947,616 974,612 1001,609 1029,607 1056,607 1084,606 1111,606 1138,606 1166,606 1193,606 1221,605"/>
                <TextEquiv>
                    <Unicode>y la tia Girula</Unicode>
                </TextEquiv>
            </TextLine>
            <TextLine id="r2l12" custom="readingOrder {index:11;}">
                <Coords points="949,664 974,664 1000,663 1025,663 1051,662 1076,662 1102,661 1127,661 1153,661 1179,660 1204,660 1230,660 1255,660 1281,660 1306,660 1332,660 1357,660 1383,660 1409,660 1409,630 1383,630 1357,630 1332,630 1306,630 1281,630 1255,630 1230,630 1204,630 1179,630 1153,631 1127,631 1102,631 1076,632 1051,632 1025,633 1000,633 974,634 949,634"/>
                <Baseline points="949,654 974,654 1000,653 1025,653 1051,652 1076,652 1102,651 1127,651 1153,651 1179,650 1204,650 1230,650 1255,650 1281,650 1306,650 1332,650 1357,650 1383,650 1409,650"/>
                <TextEquiv>
                    <Unicode>quedó viuda y mas fresca</Unicode>
                </TextEquiv>
            </TextLine>
            <TextLine id="r2l13" custom="readingOrder {index:12;}">
                <Coords points="952,708 978,707 1005,707 1032,706 1059,706 1086,705 1112,705 1139,704 1166,704 1193,704 1220,703 1247,703 1247,673 1220,673 1193,674 1166,674 1139,674 1112,675 1086,675 1059,676 1032,676 1005,677 978,677 952,678"/>
                <Baseline points="952,698 978,697 1005,697 1032,696 1059,696 1086,695 1112,695 1139,694 1166,694 1193,694 1220,693 1247,693"/>
                <TextEquiv>
                    <Unicode>que una lechuga</Unicode>
                </TextEquiv>
            </TextLine>
            <TextLine id="r2l14" custom="readingOrder {index:13;}">
                <Coords points="1008,750 1034,749 1060,749 1087,749 1113,749 1140,748 1166,748 1193,748 1219,748 1245,748 1272,748 1298,748 1325,749 1351,750 1378,751 1378,721 1351,720 1325,719 1298,718 1272,718 1245,718 1219,718 1193,718 1166,718 1140,718 1113,719 1087,719 1060,719 1034,719 1008,720"/>
                <Baseline points="1008,740 1034,739 1060,739 1087,739 1113,739 1140,738 1166,738 1193,738 1219,738 1245,738 1272,738 1298,738 1325,739 1351,740 1378,741"/>
                <TextEquiv>
                    <Unicode>Se casó últimamente</Unicode>
                </TextEquiv>
            </TextLine>
            <TextLine id="r2l15" custom="readingOrder {index:14;}">
                <Coords points="948,795 974,794 1001,794 1028,793 1055,793 1082,793 1108,793 1135,793 1162,793 1189,792 1216,792 1216,762 1189,762 1162,763 1135,763 1108,763 1082,763 1055,763 1028,763 1001,764 974,764 948,765"/>
                <Baseline points="948,785 974,784 1001,784 1028,783 1055,783 1082,783 1108,783 1135,783 1162,783 1189,782 1216,782"/>
                <TextEquiv>
                    <Unicode>con un soldado</Unicode>
                </TextEquiv>
            </TextLine>
            <TextLine id="r2l16" custom="readingOrder {index:15;}">
                <Coords points="942,839 968,838 994,838 1021,838 1047,837 1074,837 1100,837 1126,837 1153,836 1179,836 1206,836 1232,836 1258,836 1285,836 1311,836 1338,837 1338,807 1311,806 1285,806 1258,806 1232,806 1206,806 1179,806 1153,806 1126,807 1100,807 1074,807 1047,807 1021,808 994,808 968,808 942,809"/>
                <Baseline points="942,829 968,828 994,828 1021,828 1047,827 1074,827 1100,827 1126,827 1153,826 1179,826 1206,826 1232,826 1258,826 1285,826 1311,826 1338,827"/>
                <TextEquiv>
                    <Unicode>que le ajustó la cuenta</Unicode>
                </TextEquiv>
            </TextLine>
            <TextLine id="r2l17" custom="readingOrder {index:16;}">
                <Coords points="940,883 966,883 992,882 1019,882 1045,882 1071,881 1098,881 1124,881 1150,881 1177,881 1203,882 1229,883 1256,884 1256,854 1229,853 1203,852 1177,851 1150,851 1124,851 1098,851 1071,851 1045,852 1019,852 992,852 966,853 940,853"/>
                <Baseline points="940,873 966,873 992,872 1019,872 1045,872 1071,871 1098,871 1124,871 1150,871 1177,871 1203,872 1229,873 1256,874"/>
                <TextEquiv>
                    <Unicode>hasta un ochavo,</Unicode>
                </TextEquiv>
            </TextLine>
            <TextLine id="r2l18" custom="readingOrder {index:17;}">
                <Coords points="936,929 962,927 989,926 1016,925 1043,925 1070,925 1096,925 1123,925 1150,926 1177,926 1204,926 1231,925 1231,895 1204,896 1177,896 1150,896 1123,895 1096,895 1070,895 1043,895 1016,895 989,896 962,897 936,899"/>
                <Baseline points="936,919 962,917 989,916 1016,915 1043,915 1070,915 1096,915 1123,915 1150,916 1177,916 1204,916 1231,915"/>
                <TextEquiv>
                    <Unicode>porque ya sabia</Unicode>
                </TextEquiv>
            </TextLine>
            <TextLine id="r2l19" custom="readingOrder {index:18;}">
                <Coords points="944,969 972,969 1001,970 1029,970 1058,970 1087,970 1115,970 1144,969 1172,969 1201,969 1230,969 1258,969 1287,969 1315,970 1344,970 1373,970 1401,971 1430,971 1458,972 1487,973 1516,974 1516,944 1487,943 1458,942 1430,941 1401,941 1373,940 1344,940 1315,940 1287,939 1258,939 1230,939 1201,939 1172,939 1144,939 1115,940 1087,940 1058,940 1029,940 1001,940 972,939 944,939"/>
                <Baseline points="944,959 972,959 1001,960 1029,960 1058,960 1087,960 1115,960 1144,959 1172,959 1201,959 1230,959 1258,959 1287,959 1315,960 1344,960 1373,960 1401,961 1430,961 1458,962 1487,963 1516,964"/>
                <TextEquiv>
                    <Unicode>de las mañas que ella se valia,</Unicode>
                </TextEquiv>
            </TextLine>
            <TextLine id="r2l20" custom="readingOrder {index:19;}">
                <Coords points="940,1022 966,1019 992,1017 1018,1016 1044,1015 1071,1014 1097,1013 1123,1013 1149,1013 1176,1013 1202,1013 1228,1013 1254,1013 1281,1013 1281,983 1254,983 1228,983 1202,983 1176,983 1149,983 1123,983 1097,983 1071,984 1044,985 1018,986 992,987 966,989 940,992"/>
                <Baseline points="940,1012 966,1009 992,1007 1018,1006 1044,1005 1071,1004 1097,1003 1123,1003 1149,1003 1176,1003 1202,1003 1228,1003 1254,1003 1281,1003"/>
                <TextEquiv>
                    <Unicode>y estaba avisado,</Unicode>
                </TextEquiv>
            </TextLine>
            <TextLine id="r2l21" custom="readingOrder {index:20;}">
                <Coords points="947,1059 973,1059 1000,1059 1026,1059 1053,1059 1079,1059 1106,1059 1132,1058 1159,1058 1185,1058 1212,1058 1239,1058 1265,1058 1292,1058 1318,1058 1345,1058 1371,1058 1398,1059 1424,1059 1451,1059 1478,1060 1478,1030 1451,1029 1424,1029 1398,1029 1371,1028 1345,1028 1318,1028 1292,1028 1265,1028 1239,1028 1212,1028 1185,1028 1159,1028 1132,1028 1106,1029 1079,1029 1053,1029 1026,1029 1000,1029 973,1029 947,1029"/>
                <Baseline points="947,1049 973,1049 1000,1049 1026,1049 1053,1049 1079,1049 1106,1049 1132,1048 1159,1048 1185,1048 1212,1048 1239,1048 1265,1048 1292,1048 1318,1048 1345,1048 1371,1048 1398,1049 1424,1049 1451,1049 1478,1050"/>
                <TextEquiv>
                    <Unicode>y el decia: no me da cuidado</Unicode>
                </TextEquiv>
            </TextLine>
            <TextLine id="r2l22" custom="readingOrder {index:21;}">
                <Coords points="944,1103 970,1103 997,1103 1024,1103 1050,1103 1077,1103 1104,1103 1131,1103 1157,1103 1184,1102 1211,1102 1237,1102 1264,1102 1291,1102 1318,1102 1318,1072 1291,1072 1264,1072 1237,1072 1211,1072 1184,1072 1157,1073 1131,1073 1104,1073 1077,1073 1050,1073 1024,1073 997,1073 970,1073 944,1073"/>
                <Baseline points="944,1093 970,1093 997,1093 1024,1093 1050,1093 1077,1093 1104,1093 1131,1093 1157,1093 1184,1092 1211,1092 1237,1092 1264,1092 1291,1092 1318,1092"/>
                <TextEquiv>
                    <Unicode>á mi domar potros,</Unicode>
                </TextEquiv>
            </TextLine>
            <TextLine id="r2l23" custom="readingOrder {index:22;}">
                <Coords points="941,1148 971,1148 1001,1148 1031,1148 1061,1147 1091,1147 1121,1147 1152,1147 1182,1147 1212,1146 1242,1146 1272,1146 1302,1146 1332,1146 1363,1147 1393,1147 1423,1147 1453,1148 1483,1148 1513,1149 1544,1150 1544,1120 1513,1119 1483,1118 1453,1118 1423,1117 1393,1117 1363,1117 1332,1116 1302,1116 1272,1116 1242,1116 1212,1116 1182,1117 1152,1117 1121,1117 1091,1117 1061,1117 1031,1118 1001,1118 971,1118 941,1118"/>
                <Baseline points="941,1138 971,1138 1001,1138 1031,1138 1061,1137 1091,1137 1121,1137 1152,1137 1182,1137 1212,1136 1242,1136 1272,1136 1302,1136 1332,1136 1363,1137 1393,1137 1423,1137 1453,1138 1483,1138 1513,1139 1544,1140"/>
                <TextEquiv>
                    <Unicode>pagará lo que hizo con los otros:</Unicode>
                </TextEquiv>
            </TextLine>
            <TextLine id="r2l24" custom="readingOrder {index:23;}">
                <Coords points="949,1193 974,1193 1000,1192 1025,1192 1051,1192 1076,1192 1102,1192 1127,1191 1153,1191 1178,1191 1204,1190 1229,1189 1255,1188 1255,1158 1229,1159 1204,1160 1178,1161 1153,1161 1127,1161 1102,1162 1076,1162 1051,1162 1025,1162 1000,1162 974,1163 949,1163"/>
                <Baseline points="949,1183 974,1183 1000,1182 1025,1182 1051,1182 1076,1182 1102,1182 1127,1181 1153,1181 1178,1181 1204,1180 1229,1179 1255,1178"/>
                <TextEquiv>
                    <Unicode>la tarde primera</Unicode>
                </TextEquiv>
            </TextLine>
            <TextLine id="r2l25" custom="readingOrder {index:24;}">
                <Coords points="947,1237 975,1237 1003,1237 1031,1237 1059,1237 1087,1236 1115,1236 1143,1236 1171,1235 1199,1235 1227,1234 1255,1234 1283,1234 1311,1234 1339,1234 1367,1234 1395,1235 1423,1236 1451,1237 1479,1238 1507,1240 1507,1210 1479,1208 1451,1207 1423,1206 1395,1205 1367,1204 1339,1204 1311,1204 1283,1204 1255,1204 1227,1204 1199,1205 1171,1205 1143,1206 1115,1206 1087,1206 1059,1207 1031,1207 1003,1207 975,1207 947,1207"/>
                <Baseline points="947,1227 975,1227 1003,1227 1031,1227 1059,1227 1087,1226 1115,1226 1143,1226 1171,1225 1199,1225 1227,1224 1255,1224 1283,1224 1311,1224 1339,1224 1367,1224 1395,1225 1423,1226 1451,1227 1479,1228 1507,1230"/>
                <TextEquiv>
                    <Unicode>va y la saca á merendar fuera,</Unicode>
                </TextEquiv>
            </TextLine>
            <TextLine id="r2l26" custom="readingOrder {index:25;}">
                <Coords points="942,1279 967,1280 992,1281 1017,1281 1042,1281 1068,1281 1093,1281 1118,1280 1143,1280 1168,1279 1194,1279 1219,1278 1244,1278 1269,1278 1294,1278 1320,1278 1320,1248 1294,1248 1269,1248 1244,1248 1219,1248 1194,1249 1168,1249 1143,1250 1118,1250 1093,1251 1068,1251 1042,1251 1017,1251 992,1251 967,1250 942,1249"/>
                <Baseline points="942,1269 967,1270 992,1271 1017,1271 1042,1271 1068,1271 1093,1271 1118,1270 1143,1270 1168,1269 1194,1269 1219,1268 1244,1268 1269,1268 1294,1268 1320,1268"/>
                <TextEquiv>
                    <Unicode>monta en su burra,</Unicode>
                </TextEquiv>
            </TextLine>
            <TextLine id="r2l27" custom="readingOrder {index:26;}">
                <Coords points="939,1325 964,1325 990,1325 1015,1324 1041,1324 1066,1324 1092,1323 1117,1323 1143,1323 1168,1322 1194,1322 1219,1322 1245,1322 1270,1322 1296,1322 1321,1323 1347,1323 1373,1324 1373,1294 1347,1293 1321,1293 1296,1292 1270,1292 1245,1292 1219,1292 1194,1292 1168,1292 1143,1293 1117,1293 1092,1293 1066,1294 1041,1294 1015,1294 990,1295 964,1295 939,1295"/>
                <Baseline points="939,1315 964,1315 990,1315 1015,1314 1041,1314 1066,1314 1092,1313 1117,1313 1143,1313 1168,1312 1194,1312 1219,1312 1245,1312 1270,1312 1296,1312 1321,1313 1347,1313 1373,1314"/>
                <TextEquiv>
                    <Unicode>y en medio del camino</Unicode>
                </TextEquiv>
            </TextLine>
            <TextLine id="r2l28" custom="readingOrder {index:27;}">
                <Coords points="948,1370 973,1369 998,1369 1023,1369 1049,1368 1074,1368 1099,1368 1125,1367 1150,1367 1175,1367 1201,1367 1226,1367 1251,1367 1277,1367 1277,1337 1251,1337 1226,1337 1201,1337 1175,1337 1150,1337 1125,1337 1099,1338 1074,1338 1049,1338 1023,1339 998,1339 973,1339 948,1340"/>
                <Baseline points="948,1360 973,1359 998,1359 1023,1359 1049,1358 1074,1358 1099,1358 1125,1357 1150,1357 1175,1357 1201,1357 1226,1357 1251,1357 1277,1357"/>
                <TextEquiv>
                    <Unicode>le dio una zurra.</Unicode>
                </TextEquiv>
            </TextLine>
            <TextLine id="r2l29" custom="readingOrder {index:28;}">
                <Coords points="1007,1413 1032,1413 1058,1413 1083,1413 1109,1412 1134,1412 1160,1412 1185,1412 1211,1412 1236,1412 1262,1411 1287,1411 1313,1411 1338,1411 1364,1411 1390,1411 1390,1381 1364,1381 1338,1381 1313,1381 1287,1381 1262,1381 1236,1382 1211,1382 1185,1382 1160,1382 1134,1382 1109,1382 1083,1383 1058,1383 1032,1383 1007,1383"/>
                <Baseline points="1007,1403 1032,1403 1058,1403 1083,1403 1109,1402 1134,1402 1160,1402 1185,1402 1211,1402 1236,1402 1262,1401 1287,1401 1313,1401 1338,1401 1364,1401 1390,1401"/>
                <TextEquiv>
                    <Unicode>Llegó por fin al sitio</Unicode>
                </TextEquiv>
            </TextLine>
            <TextLine id="r2l30" custom="readingOrder {index:29;}">
                <Coords points="946,1455 973,1457 1000,1458 1027,1458 1054,1457 1082,1456 1109,1456 1136,1455 1163,1455 1190,1456 1218,1458 1218,1428 1190,1426 1163,1425 1136,1425 1109,1426 1082,1426 1054,1427 1027,1428 1000,1428 973,1427 946,1425"/>
                <Baseline points="946,1445 973,1447 1000,1448 1027,1448 1054,1447 1082,1446 1109,1446 1136,1445 1163,1445 1190,1446 1218,1448"/>
                <TextEquiv>
                    <Unicode>de la merienda,</Unicode>
                </TextEquiv>
            </TextLine>
            <TextLine id="r2l31" custom="readingOrder {index:30;}">
                <Coords points="943,1503 975,1503 1007,1503 1039,1502 1071,1502 1103,1502 1135,1501 1167,1501 1199,1501 1231,1500 1263,1500 1295,1500 1327,1500 1359,1500 1391,1500 1423,1500 1455,1500 1487,1501 1519,1502 1551,1502 1583,1503 1583,1473 1551,1472 1519,1472 1487,1471 1455,1470 1423,1470 1391,1470 1359,1470 1327,1470 1295,1470 1263,1470 1231,1470 1199,1471 1167,1471 1135,1471 1103,1472 1071,1472 1039,1472 1007,1473 975,1473 943,1473"/>
                <Baseline points="943,1493 975,1493 1007,1493 1039,1492 1071,1492 1103,1492 1135,1491 1167,1491 1199,1491 1231,1490 1263,1490 1295,1490 1327,1490 1359,1490 1391,1490 1423,1490 1455,1490 1487,1491 1519,1492 1551,1492 1583,1493"/>
                <TextEquiv>
                    <Unicode>y á la burra la dijo de esta manera:</Unicode>
                </TextEquiv>
            </TextLine>
            <TextLine id="r2l32" custom="readingOrder {index:31;}">
                <Coords points="943,1544 970,1545 997,1545 1024,1546 1051,1546 1078,1545 1106,1545 1133,1545 1160,1545 1187,1545 1214,1546 1242,1547 1242,1517 1214,1516 1187,1515 1160,1515 1133,1515 1106,1515 1078,1515 1051,1516 1024,1516 997,1515 970,1515 943,1514"/>
                <Baseline points="943,1534 970,1535 997,1535 1024,1536 1051,1536 1078,1535 1106,1535 1133,1535 1160,1535 1187,1535 1214,1536 1242,1537"/>
                <TextEquiv>
                    <Unicode>ves como te ato,</Unicode>
                </TextEquiv>
            </TextLine>
            <TextLine id="r2l33" custom="readingOrder {index:32;}">
                <Coords points="942,1589 973,1589 1004,1589 1036,1589 1067,1589 1099,1589 1130,1589 1161,1589 1193,1589 1224,1589 1256,1589 1287,1589 1318,1589 1350,1589 1381,1589 1413,1589 1444,1589 1475,1590 1507,1590 1538,1590 1570,1591 1570,1561 1538,1560 1507,1560 1475,1560 1444,1559 1413,1559 1381,1559 1350,1559 1318,1559 1287,1559 1256,1559 1224,1559 1193,1559 1161,1559 1130,1559 1099,1559 1067,1559 1036,1559 1004,1559 973,1559 942,1559"/>
                <Baseline points="942,1579 973,1579 1004,1579 1036,1579 1067,1579 1099,1579 1130,1579 1161,1579 1193,1579 1224,1579 1256,1579 1287,1579 1318,1579 1350,1579 1381,1579 1413,1579 1444,1579 1475,1580 1507,1580 1538,1580 1570,1581"/>
                <TextEquiv>
                    <Unicode>si del trigo que está ahi inmediato</Unicode>
                </TextEquiv>
            </TextLine>
            <TextLine id="r2l34" custom="readingOrder {index:33;}">
                <Coords points="940,1633 965,1634 990,1634 1015,1634 1040,1634 1066,1634 1091,1634 1116,1634 1141,1634 1167,1634 1192,1633 1217,1633 1242,1632 1268,1632 1268,1602 1242,1602 1217,1603 1192,1603 1167,1604 1141,1604 1116,1604 1091,1604 1066,1604 1040,1604 1015,1604 990,1604 965,1604 940,1603"/>
                <Baseline points="940,1623 965,1624 990,1624 1015,1624 1040,1624 1066,1624 1091,1624 1116,1624 1141,1624 1167,1624 1192,1623 1217,1623 1242,1622 1268,1622"/>
                <TextEquiv>
                    <Unicode>comes ni una caña</Unicode>
                </TextEquiv>
            </TextLine>
            <TextLine id="r2l35" custom="readingOrder {index:34;}">
                <Coords points="946,1677 973,1678 1001,1678 1029,1679 1057,1679 1085,1679 1113,1679 1140,1678 1168,1678 1196,1678 1224,1678 1252,1677 1280,1677 1308,1677 1335,1677 1363,1677 1391,1678 1419,1678 1447,1679 1475,1680 1503,1681 1503,1651 1475,1650 1447,1649 1419,1648 1391,1648 1363,1647 1335,1647 1308,1647 1280,1647 1252,1647 1224,1648 1196,1648 1168,1648 1140,1648 1113,1649 1085,1649 1057,1649 1029,1649 1001,1648 973,1648 946,1647"/>
                <Baseline points="946,1667 973,1668 1001,1668 1029,1669 1057,1669 1085,1669 1113,1669 1140,1668 1168,1668 1196,1668 1224,1668 1252,1667 1280,1667 1308,1667 1335,1667 1363,1667 1391,1668 1419,1668 1447,1669 1475,1670 1503,1671"/>
                <TextEquiv>
                    <Unicode>con la vida pagarás tu hazaña;</Unicode>
                </TextEquiv>
            </TextLine>
            <TextLine id="r2l36" custom="readingOrder {index:35;}">
                <Coords points="941,1725 966,1725 991,1724 1016,1724 1042,1723 1067,1723 1092,1723 1118,1722 1143,1722 1168,1722 1193,1722 1219,1721 1244,1720 1269,1720 1295,1719 1295,1689 1269,1690 1244,1690 1219,1691 1193,1692 1168,1692 1143,1692 1118,1692 1092,1693 1067,1693 1042,1693 1016,1694 991,1694 966,1695 941,1695"/>
                <Baseline points="941,1715 966,1715 991,1714 1016,1714 1042,1713 1067,1713 1092,1713 1118,1712 1143,1712 1168,1712 1193,1712 1219,1711 1244,1710 1269,1710 1295,1709"/>
                <TextEquiv>
                    <Unicode>¿burra, lo has oido?</Unicode>
                </TextEquiv>
            </TextLine>
            <TextLine id="r2l37" custom="readingOrder {index:36;}">
                <Coords points="944,1765 970,1766 996,1767 1022,1767 1048,1767 1074,1767 1100,1767 1126,1767 1152,1766 1178,1766 1205,1766 1231,1765 1257,1765 1283,1765 1309,1765 1335,1765 1361,1765 1387,1766 1413,1767 1439,1767 1466,1769 1466,1739 1439,1737 1413,1737 1387,1736 1361,1735 1335,1735 1309,1735 1283,1735 1257,1735 1231,1735 1205,1736 1178,1736 1152,1736 1126,1737 1100,1737 1074,1737 1048,1737 1022,1737 996,1737 970,1736 944,1735"/>
                <Baseline points="944,1755 970,1756 996,1757 1022,1757 1048,1757 1074,1757 1100,1757 1126,1757 1152,1756 1178,1756 1205,1756 1231,1755 1257,1755 1283,1755 1309,1755 1335,1755 1361,1755 1387,1756 1413,1757 1439,1757 1466,1759"/>
                <TextEquiv>
                    <Unicode>ves alerta, cuidado conmigo,</Unicode>
                </TextEquiv>
            </TextLine>
            <TextLine id="r2l38" custom="readingOrder {index:37;}">
                <Coords points="945,1811 971,1812 998,1812 1025,1811 1052,1811 1078,1811 1105,1811 1132,1810 1159,1810 1185,1810 1212,1810 1239,1809 1266,1810 1266,1780 1239,1779 1212,1780 1185,1780 1159,1780 1132,1780 1105,1781 1078,1781 1052,1781 1025,1781 998,1782 971,1782 945,1781"/>
                <Baseline points="945,1801 971,1802 998,1802 1025,1801 1052,1801 1078,1801 1105,1801 1132,1800 1159,1800 1185,1800 1212,1800 1239,1799 1266,1800"/>
                <TextEquiv>
                    <Unicode>la burra bromando</Unicode>
                </TextEquiv>
            </TextLine>
            <TextLine id="r2l39" custom="readingOrder {index:38;}">
                <Coords points="946,1855 978,1855 1011,1855 1044,1855 1077,1855 1110,1855 1142,1855 1175,1855 1208,1854 1241,1854 1274,1854 1306,1854 1339,1853 1372,1853 1405,1854 1437,1854 1470,1854 1503,1855 1536,1856 1569,1857 1602,1858 1602,1828 1569,1827 1536,1826 1503,1825 1470,1824 1437,1824 1405,1824 1372,1823 1339,1823 1306,1824 1274,1824 1241,1824 1208,1824 1175,1825 1142,1825 1110,1825 1077,1825 1044,1825 1011,1825 978,1825 946,1825"/>
                <Baseline points="946,1845 978,1845 1011,1845 1044,1845 1077,1845 1110,1845 1142,1845 1175,1845 1208,1844 1241,1844 1274,1844 1306,1844 1339,1843 1372,1843 1405,1844 1437,1844 1470,1844 1503,1845 1536,1846 1569,1847 1602,1848"/>
                <TextEquiv>
                    <Unicode>ciertamente no comprendió el bando,</Unicode>
                </TextEquiv>
            </TextLine>
            <TextLine id="r2l40" custom="readingOrder {index:39;}">
                <Coords points="947,1900 972,1900 998,1899 1024,1899 1050,1899 1075,1898 1101,1898 1127,1898 1153,1898 1179,1897 1204,1897 1230,1898 1256,1898 1282,1898 1308,1899 1308,1869 1282,1868 1256,1868 1230,1868 1204,1867 1179,1867 1153,1868 1127,1868 1101,1868 1075,1868 1050,1869 1024,1869 998,1869 972,1870 947,1870"/>
                <Baseline points="947,1890 972,1890 998,1889 1024,1889 1050,1889 1075,1888 1101,1888 1127,1888 1153,1888 1179,1887 1204,1887 1230,1888 1256,1888 1282,1888 1308,1889"/>
                <TextEquiv>
                    <Unicode>se fué á comer trigo,</Unicode>
                </TextEquiv>
            </TextLine>
            <TextLine id="r2l41" custom="readingOrder {index:40;}">
                <Coords points="937,1950 962,1949 987,1947 1012,1946 1037,1945 1063,1944 1088,1943 1113,1942 1138,1942 1163,1942 1189,1942 1214,1942 1239,1942 1264,1942 1289,1942 1315,1942 1340,1942 1365,1941 1390,1941 1415,1941 1441,1940 1441,1910 1415,1911 1390,1911 1365,1911 1340,1912 1315,1912 1289,1912 1264,1912 1239,1912 1214,1912 1189,1912 1163,1912 1138,1912 1113,1912 1088,1913 1063,1914 1037,1915 1012,1916 987,1917 962,1919 937,1920"/>
                <Baseline points="937,1940 962,1939 987,1937 1012,1936 1037,1935 1063,1934 1088,1933 1113,1932 1138,1932 1163,1932 1189,1932 1214,1932 1239,1932 1264,1932 1289,1932 1315,1932 1340,1932 1365,1931 1390,1931 1415,1931 1441,1930"/>
                <TextEquiv>
                    <Unicode>y el soldado muy enfuricido</Unicode>
                </TextEquiv>
            </TextLine>
            <TextLine id="r2l42" custom="readingOrder {index:41;}">
                <Coords points="947,1989 972,1990 997,1990 1022,1989 1047,1989 1073,1989 1098,1988 1123,1988 1148,1988 1173,1987 1199,1987 1224,1986 1249,1986 1274,1986 1299,1986 1325,1986 1325,1956 1299,1956 1274,1956 1249,1956 1224,1956 1199,1957 1173,1957 1148,1958 1123,1958 1098,1958 1073,1959 1047,1959 1022,1959 997,1960 972,1960 947,1959"/>
                <Baseline points="947,1979 972,1980 997,1980 1022,1979 1047,1979 1073,1979 1098,1978 1123,1978 1148,1978 1173,1977 1199,1977 1224,1976 1249,1976 1274,1976 1299,1976 1325,1976"/>
                <TextEquiv>
                    <Unicode>dió muerte á la burra</Unicode>
                </TextEquiv>
            </TextLine>
            <TextLine id="r2l43" custom="readingOrder {index:42;}">
                <Coords points="941,2036 974,2036 1007,2035 1040,2034 1074,2033 1107,2033 1140,2032 1174,2031 1207,2031 1240,2030 1274,2030 1307,2029 1340,2029 1373,2029 1407,2029 1440,2029 1473,2030 1507,2030 1540,2031 1573,2031 1607,2032 1607,2002 1573,2001 1540,2001 1507,2000 1473,2000 1440,1999 1407,1999 1373,1999 1340,1999 1307,1999 1274,2000 1240,2000 1207,2001 1174,2001 1140,2002 1107,2003 1074,2003 1040,2004 1007,2005 974,2006 941,2006"/>
                <Baseline points="941,2026 974,2026 1007,2025 1040,2024 1074,2023 1107,2023 1140,2022 1174,2021 1207,2021 1240,2020 1274,2020 1307,2019 1340,2019 1373,2019 1407,2019 1440,2019 1473,2020 1507,2020 1540,2021 1573,2021 1607,2022"/>
                <TextEquiv>
                    <Unicode>por ver si escarmentaba la tia Girula.</Unicode>
                </TextEquiv>
            </TextLine>
            <TextLine id="r2l44" custom="readingOrder {index:43;}">
                <Coords points="983,2077 1008,2077 1034,2078 1060,2078 1086,2078 1112,2078 1138,2078 1164,2077 1190,2077 1216,2077 1241,2076 1267,2076 1293,2076 1319,2076 1345,2076 1371,2076 1397,2076 1423,2076 1449,2076 1475,2077 1475,2047 1449,2046 1423,2046 1397,2046 1371,2046 1345,2046 1319,2046 1293,2046 1267,2046 1241,2046 1216,2047 1190,2047 1164,2047 1138,2048 1112,2048 1086,2048 1060,2048 1034,2048 1008,2047 983,2047"/>
                <Baseline points="983,2067 1008,2067 1034,2068 1060,2068 1086,2068 1112,2068 1138,2068 1164,2067 1190,2067 1216,2067 1241,2066 1267,2066 1293,2066 1319,2066 1345,2066 1371,2066 1397,2066 1423,2066 1449,2066 1475,2067"/>
                <TextEquiv>
                    <Unicode>Si no haces lo que mando,</Unicode>
                </TextEquiv>
            </TextLine>
            <TextLine id="r2l45" custom="readingOrder {index:44;}">
                <Coords points="935,2124 960,2124 986,2124 1012,2123 1037,2122 1063,2122 1089,2121 1114,2122 1140,2123 1166,2124 1166,2094 1140,2093 1114,2092 1089,2091 1063,2092 1037,2092 1012,2093 986,2094 960,2094 935,2094"/>
                <Baseline points="935,2114 960,2114 986,2114 1012,2113 1037,2112 1063,2112 1089,2111 1114,2112 1140,2113 1166,2114"/>
                <TextEquiv>
                    <Unicode>picara bruja,</Unicode>
                </TextEquiv>
            </TextLine>
            <TextLine id="r2l46" custom="readingOrder {index:45;}">
                <Coords points="939,2167 964,2167 989,2168 1014,2167 1039,2167 1064,2167 1089,2166 1114,2166 1139,2165 1165,2165 1190,2165 1215,2164 1240,2164 1265,2164 1290,2165 1315,2165 1340,2166 1366,2168 1366,2138 1340,2136 1315,2135 1290,2135 1265,2134 1240,2134 1215,2134 1190,2135 1165,2135 1139,2135 1114,2136 1089,2136 1064,2137 1039,2137 1014,2137 989,2138 964,2137 939,2137"/>
                <Baseline points="939,2157 964,2157 989,2158 1014,2157 1039,2157 1064,2157 1089,2156 1114,2156 1139,2155 1165,2155 1190,2155 1215,2154 1240,2154 1265,2154 1290,2155 1315,2155 1340,2156 1366,2158"/>
                <TextEquiv>
                    <Unicode>lo mismo haré contigo</Unicode>
                </TextEquiv>
            </TextLine>
            <TextLine id="r2l47" custom="readingOrder {index:46;}">
                <Coords points="939,2211 965,2212 991,2212 1017,2212 1043,2212 1069,2211 1095,2211 1121,2211 1147,2210 1173,2210 1199,2210 1225,2209 1251,2209 1251,2179 1225,2179 1199,2180 1173,2180 1147,2180 1121,2181 1095,2181 1069,2181 1043,2182 1017,2182 991,2182 965,2182 939,2181"/>
                <Baseline points="939,2201 965,2202 991,2202 1017,2202 1043,2202 1069,2201 1095,2201 1121,2201 1147,2200 1173,2200 1199,2200 1225,2199 1251,2199"/>
                <TextEquiv>
                    <Unicode>que con la burra:</Unicode>
                </TextEquiv>
            </TextLine>
            <TextLine id="r2l48" custom="readingOrder {index:47;}">
                <Coords points="952,2255 978,2256 1004,2256 1030,2256 1057,2256 1083,2255 1109,2254 1135,2254 1162,2254 1188,2253 1214,2254 1240,2254 1267,2256 1267,2226 1240,2224 1214,2224 1188,2223 1162,2224 1135,2224 1109,2224 1083,2225 1057,2226 1030,2226 1004,2226 978,2226 952,2225"/>
                <Baseline points="952,2245 978,2246 1004,2246 1030,2246 1057,2246 1083,2245 1109,2244 1135,2244 1162,2244 1188,2243 1214,2244 1240,2244 1267,2246"/>
                <TextEquiv>
                    <Unicode>oma ese aparejo,</Unicode>
                </TextEquiv>
            </TextLine>
            <TextLine id="r2l49" custom="readingOrder {index:48;}">
                <Coords points="946,2302 979,2301 1013,2301 1046,2300 1080,2300 1113,2300 1147,2300 1180,2300 1214,2300 1247,2300 1281,2300 1314,2300 1348,2300 1381,2300 1415,2300 1448,2300 1482,2300 1515,2300 1549,2300 1582,2299 1616,2299 1616,2269 1582,2269 1549,2270 1515,2270 1482,2270 1448,2270 1415,2270 1381,2270 1348,2270 1314,2270 1281,2270 1247,2270 1214,2270 1180,2270 1147,2270 1113,2270 1080,2270 1046,2270 1013,2271 979,2271 946,2272"/>
                <Baseline points="946,2292 979,2291 1013,2291 1046,2290 1080,2290 1113,2290 1147,2290 1180,2290 1214,2290 1247,2290 1281,2290 1314,2290 1348,2290 1381,2290 1415,2290 1448,2290 1482,2290 1515,2290 1549,2290 1582,2289 1616,2289"/>
                <TextEquiv>
                    <Unicode>que con él has de entrar en el pueblo,</Unicode>
                </TextEquiv>
            </TextLine>
            <TextLine id="r2l50" custom="readingOrder {index:49;}">
                <Coords points="939,2345 965,2346 992,2346 1019,2346 1046,2346 1073,2346 1100,2346 1126,2346 1153,2346 1180,2346 1207,2346 1234,2346 1261,2346 1261,2316 1234,2316 1207,2316 1180,2316 1153,2316 1126,2316 1100,2316 1073,2316 1046,2316 1019,2316 992,2316 965,2316 939,2315"/>
                <Baseline points="939,2335 965,2336 992,2336 1019,2336 1046,2336 1073,2336 1100,2336 1126,2336 1153,2336 1180,2336 1207,2336 1234,2336 1261,2336"/>
                <TextEquiv>
                    <Unicode>eso quiero aprisa,</Unicode>
                </TextEquiv>
            </TextLine>
            <TextEquiv>
                <Unicode>y por fin un gitano
cayó en la trampa,
el cual sin disputa
se encargó del huerto y de la fruta,
y á la novensada
la zurraba muy bien la badana,
pero la andaluza
al gitano le arrimó una purga,
sin ser boticario,
que el pobrete se fué al otro barrio,
y la tia Girula
quedó viuda y mas fresca
que una lechuga
Se casó últimamente
con un soldado
que le ajustó la cuenta
hasta un ochavo,
porque ya sabia
de las mañas que ella se valia,
y estaba avisado,
y el decia: no me da cuidado
á mi domar potros,
pagará lo que hizo con los otros:
la tarde primera
va y la saca á merendar fuera,
monta en su burra,
y en medio del camino
le dio una zurra.
Llegó por fin al sitio
de la merienda,
y á la burra la dijo de esta manera:
ves como te ato,
si del trigo que está ahi inmediato
comes ni una caña
con la vida pagarás tu hazaña;
¿burra, lo has oido?
ves alerta, cuidado conmigo,
la burra bromando
ciertamente no comprendió el bando,
se fué á comer trigo,
y el soldado muy enfuricido
dió muerte á la burra
por ver si escarmentaba la tia Girula.
Si no haces lo que mando,
picara bruja,
lo mismo haré contigo
que con la burra:
oma ese aparejo,
que con él has de entrar en el pueblo,
eso quiero aprisa,</Unicode>
            </TextEquiv>
        </TextRegion>
    </Page>
</PcGts>
