1793 2558
1200 381 1507 538 (Número 116.)
421 461 1415 625 JUAN LANAS.
316 1517 1510 1677 COPLAS MUY DEVERTIDAS
202 1680 1614 1727 de un hombre trabajador del campo, que viniendo de su trabajo halló á su
196 1726 1610 1773 muger cercana al parto, y la casa á oscuras. Refiérese la mala noche que
470 1772 1329 1810 pasó el pobre, y lo demás que verá el lector.
248 1989 752 2031 Una noche muy oscura
210 2037 627 2079 que llovia sin cesar,
212 2085 788 2131 vino del campo Juan Lanas,
203 2135 634 2174 cansado de trabajar.
200 2178 655 2224 Vió la casa á oscuras,
196 2228 642 2274 sin luz, sin pajuela,
201 2278 505 2319 aceite ni vela,
195 2330 653 2370 y el candil rodando,
924 1996 1564 2039 la muger en la cama llorando,
925 2045 1291 2085 de antaño la risa,
925 2093 1337 2131 de muy mala guisa
928 2144 1278 2179 y sin saber cosa
930 2192 1596 2229 con blandura la dijo á su esposa:
929 2238 1294 2276 deja pesadumbre,
921 2287 1385 2328 y enciende la lumbre
928 2338 1320 2375 que vengo mojado,
