1765 2512
157 272 655 322 y el estantino lo mesmo;
171 318 656 365 yo que me sentí quemao
167 366 659 415 prencipié por la posento
167 414 655 461 venga un cantoro dagua
167 460 697 512 porque yo mestoy muriedo
179 508 639 556 y me pillaron dos pages
169 556 681 605 ambos á dos geringueros
173 607 643 659 y prencipian á escargar
181 655 621 701 en este probe trasero
181 702 689 749 tantagua que por la boca
187 750 707 795 toito el cardo iba saliendo
194 797 673 845 yo les dije:en el instante
193 846 684 894 queispare en el mimento
195 896 637 940 os bautizo, temerosos
199 946 561 990 pararon el tiroteo,
199 991 695 1039 y subiéndame las bragas
194 1040 639 1085 encontreme mi trasero
191 1087 727 1134 mas fresco cunas lechugas
203 1136 681 1181 y di los agraecimientos;
199 1181 667 1230 empues vino otro page
199 1229 727 1278 con una cosa ó estrumento
201 1278 699 1329 que paecian onde llevan
199 1327 669 1374 agua tivia los Braberos
205 1377 599 1424 y me ize, veva osté
205 1419 843 1472 questo es cafre y es muy gueno
209 1469 745 1521 yo respondí, esto no cafre
207 1519 675 1570 que por via é mi pecho
209 1566 823 1613 questo os con lo que se pintan
212 1614 797 1661 las puertas de las conventos,
201 1663 685 1710 pero si quiere que veva
207 1710 768 1758 vaya y traigame un puchero
207 1758 663 1808 y no bien lo jube icho
210 1806 737 1853 cuando ya me lo trujeron
889 253 1408 294 y asta que le vi la postre
899 300 1379 342 no paré destar veviendo
896 350 1403 390 y me puse aquesta panza
893 396 1363 438 mas inchá cun pandero
899 445 1409 486 daquel caldo de castañas;
905 494 1423 540 y poniendome en pierecho
906 542 1380 582 encarandome á maama
909 590 1442 630 le di las gracias muy serio
909 639 1313 678 diciendole, señorica
914 685 1419 727 de mis mayores respeuto
909 733 1349 776 ispones desta presona
921 782 1446 825 por ca cualquier sarrilegio
913 831 1287 871 mallareis aparejao
919 877 1445 920 en siendo servicio guestro
921 926 1407 965 yo vivo allá en mi lugar
922 975 1394 1016 y pa su erce sola tengo
927 1023 1353 1064 igos de pala, billotas
928 1072 1365 1111 y tamien un Pollinejo
924 1119 1363 1160 ermano é mi gurrucha
934 1167 1377 1207 peo sobre to un cerdo
927 1212 1343 1255 ansina de su tamaño
927 1260 1552 1305 si lo quiere está á su impuesto
925 1312 1301 1351 ella no me ijo naa
927 1357 1451 1400 aunque mescuchó to esto
931 1409 1303 1451 y mencó la cabeza
935 1454 1375 1496 á usanza de caballero
933 1503 1447 1548 y yo arrastrando las patas
933 1555 1352 1590 me sali del aposento
943 1600 1445 1639 dando mil gracias á Dios
936 1649 1357 1688 de semejante suceso
938 1698 1333 1739 y ostes perdonarán
943 1745 1477 1790 por lo largo de mi cuento.
761 2022 1079 2062 FIN.
726 2237 1123 2284 CARMONA.—1858.
328 2282 1507 2347 Imp. de D. J. M. Moreno, calle Juan de la Cabra, núm. 4.
