<?xml version="1.0" encoding="UTF-8" standalone="yes"?>
<PcGts xmlns="http://schema.primaresearch.org/PAGE/gts/pagecontent/2013-07-15" xmlns:xsi="http://www.w3.org/2001/XMLSchema-instance" xsi:schemaLocation="http://schema.primaresearch.org/PAGE/gts/pagecontent/2013-07-15 http://schema.primaresearch.org/PAGE/gts/pagecontent/2013-07-15/pagecontent.xsd">
    <Metadata>
        <Creator>prov=University of Rostock/Institute of Mathematics/CITlab|PLANET AI GmbH/Gundram Leifert/gundram.leifert@planet-ai.de:name=Pliegos de Cordel (XIXe) - v3(htr_id=26984)::::v=2.6.7
prov=University of Rostock/Institute of Mathematics/CITlab|PLANET AI GmbH/Tobias Gruening/tobias.gruening@planet-ai.de:name=de.uros.citlab.module.baseline2polygon.B2PSeamMultiOriented:v=2.6.7
prov=University of Rostock/Institute of Mathematics/CITlab|PLANET AI GmbH/Tobias Gruening/tobias.gruening@planet-ai.de:name=/net_tf/LA73_249_0mod360.pb:de.uros.citlab.segmentation.CITlab_LA_ML:v=2.6.7
Transkribus</Creator>
        <Created>2020-10-21T15:26:49.783+02:00</Created>
        <LastChange>2020-10-22T14:38:18.712+02:00</LastChange>
        <TranskribusMetadata docId="523010" pageId="22257134" pageNr="42" tsid="46598276" status="DONE" userId="66244" imgUrl="https://files.transkribus.eu/Get?id=QBVCQTJSSYRWPRETOSQFIBHG&amp;fileType=view" xmlUrl="https://files.transkribus.eu/Get?id=UKTXCKSUOUKGQZVPOHSZUFRR" imageId="17335536"/>
    </Metadata>
    <Page imageFilename="Moreno_020_2.jpg" imageWidth="1765" imageHeight="2512">
        <ReadingOrder>
            <OrderedGroup id="ro_1606487418843" caption="Regions reading order">
                <RegionRefIndexed index="0" regionRef="r1"/>
                <RegionRefIndexed index="1" regionRef="r2"/>
                <RegionRefIndexed index="2" regionRef="r3"/>
            </OrderedGroup>
        </ReadingOrder>
        <TextRegion orientation="0.0" id="r1" custom="readingOrder {index:0;}">
            <Coords points="127,302 127,2323 773,2323 773,302"/>
            <TextLine id="r1l1" custom="readingOrder {index:0;}">
                <Coords points="132,340 158,339 184,339 210,339 236,338 262,338 288,338 314,337 340,337 366,337 392,337 418,336 444,336 470,336 496,336 522,336 548,336 574,336 600,336 626,336 653,336 653,302 626,302 600,302 574,302 548,302 522,302 496,302 470,302 444,302 418,302 392,303 366,303 340,303 314,303 288,304 262,304 236,304 210,305 184,305 158,305 132,306"/>
                <Baseline points="132,329 158,328 184,328 210,328 236,327 262,327 288,327 314,326 340,326 366,326 392,326 418,325 444,325 470,325 496,325 522,325 548,325 574,325 600,325 626,325 653,325"/>
                <TextEquiv>
                    <Unicode>de su amor dándole parte</Unicode>
                </TextEquiv>
            </TextLine>
            <TextLine id="r1l2" custom="readingOrder {index:1;}">
                <Coords points="135,393 160,391 186,389 212,388 238,387 263,386 289,385 315,385 341,384 367,384 392,384 418,384 444,384 470,384 496,384 521,384 547,384 573,383 599,383 625,383 625,352 599,352 573,352 547,353 521,353 496,353 470,353 444,353 418,353 392,353 367,353 341,353 315,354 289,354 263,355 238,356 212,357 186,358 160,360 135,362"/>
                <Baseline points="135,383 160,381 186,379 212,378 238,377 263,376 289,375 315,375 341,374 367,374 392,374 418,374 444,374 470,374 496,374 521,374 547,374 573,373 599,373 625,373"/>
                <TextEquiv>
                    <Unicode>y la dama muy discreta</Unicode>
                </TextEquiv>
            </TextLine>
            <TextLine id="r1l3" custom="readingOrder {index:2;}">
                <Coords points="137,435 163,435 189,435 215,435 241,434 268,434 294,434 320,434 346,433 373,433 399,433 425,433 451,432 477,432 504,432 530,432 556,432 582,432 609,431 609,400 582,401 556,401 530,401 504,401 477,401 451,401 425,402 399,402 373,402 346,402 320,403 294,403 268,403 241,403 215,404 189,404 163,404 137,404"/>
                <Baseline points="137,425 163,425 189,425 215,425 241,424 268,424 294,424 320,424 346,423 373,423 399,423 425,423 451,422 477,422 504,422 530,422 556,422 582,422 609,421"/>
                <TextEquiv>
                    <Unicode>con otro le corresponde</Unicode>
                </TextEquiv>
            </TextLine>
            <TextLine id="r1l4" custom="readingOrder {index:3;}">
                <Coords points="137,484 162,484 188,484 214,484 240,484 266,484 292,483 317,483 343,482 369,481 395,481 421,481 447,480 472,480 498,480 524,480 550,480 576,481 602,482 602,448 576,447 550,446 524,446 498,446 472,446 447,446 421,447 395,447 369,447 343,448 317,449 292,449 266,450 240,450 214,450 188,450 162,450 137,450"/>
                <Baseline points="137,473 162,473 188,473 214,473 240,473 266,473 292,472 317,472 343,471 369,470 395,470 421,470 447,469 472,469 498,469 524,469 550,469 576,470 602,471"/>
                <TextEquiv>
                    <Unicode>á su pretencion atenta,</Unicode>
                </TextEquiv>
            </TextLine>
            <TextLine id="r1l5" custom="readingOrder {index:4;}">
                <Coords points="140,533 165,532 191,532 216,532 242,532 267,531 293,531 318,531 344,531 369,530 395,530 421,530 446,530 472,530 497,530 523,529 548,529 574,529 599,529 625,529 651,529 651,495 625,495 599,495 574,495 548,495 523,495 497,496 472,496 446,496 421,496 395,496 369,496 344,497 318,497 293,497 267,497 242,498 216,498 191,498 165,498 140,499"/>
                <Baseline points="140,522 165,521 191,521 216,521 242,521 267,520 293,520 318,520 344,520 369,519 395,519 421,519 446,519 472,519 497,519 523,518 548,518 574,518 599,518 625,518 651,518"/>
                <TextEquiv>
                    <Unicode>diciendo señor don Pedro</Unicode>
                </TextEquiv>
            </TextLine>
            <TextLine id="r1l6" custom="readingOrder {index:5;}">
                <Coords points="130,580 157,581 184,581 211,581 238,580 265,580 292,580 319,580 346,580 373,579 400,579 427,579 454,578 481,578 508,578 535,578 562,578 589,578 616,579 643,579 671,580 671,546 643,545 616,545 589,544 562,544 535,544 508,544 481,544 454,544 427,545 400,545 373,545 346,546 319,546 292,546 265,546 238,546 211,547 184,547 157,547 130,546"/>
                <Baseline points="130,569 157,570 184,570 211,570 238,569 265,569 292,569 319,569 346,569 373,568 400,568 427,568 454,567 481,567 508,567 535,567 562,567 589,567 616,568 643,568 671,569"/>
                <TextEquiv>
                    <Unicode>yo estimo vuestras finezas,</Unicode>
                </TextEquiv>
            </TextLine>
            <TextLine id="r1l7" custom="readingOrder {index:6;}">
                <Coords points="133,631 160,631 187,630 214,629 241,629 268,628 295,628 323,627 350,627 377,627 404,627 431,627 458,626 485,626 513,626 540,626 567,626 594,626 621,626 648,627 676,627 676,593 648,593 621,592 594,592 567,592 540,592 513,592 485,592 458,592 431,593 404,593 377,593 350,593 323,593 295,594 268,594 241,595 214,595 187,596 160,597 133,597"/>
                <Baseline points="133,620 160,620 187,619 214,618 241,618 268,617 295,617 323,616 350,616 377,616 404,616 431,616 458,615 485,615 513,615 540,615 567,615 594,615 621,615 648,616 676,616"/>
                <TextEquiv>
                    <Unicode>ya sabeis como en mi casa</Unicode>
                </TextEquiv>
            </TextLine>
            <TextLine id="r1l8" custom="readingOrder {index:7;}">
                <Coords points="138,677 164,677 190,677 216,677 242,677 269,677 295,676 321,676 347,675 374,675 400,675 426,675 452,675 479,675 505,675 531,676 557,676 584,678 584,645 557,643 531,643 505,642 479,642 452,642 426,642 400,642 374,642 347,642 321,643 295,643 269,644 242,644 216,644 190,644 164,644 138,644"/>
                <Baseline points="138,666 164,666 190,666 216,666 242,666 269,666 295,665 321,665 347,664 374,664 400,664 426,664 452,664 479,664 505,664 531,665 557,665 584,667"/>
                <TextEquiv>
                    <Unicode>soy la unica heredera,</Unicode>
                </TextEquiv>
            </TextLine>
            <TextLine id="r1l9" custom="readingOrder {index:8;}">
                <Coords points="127,727 152,727 177,726 202,726 227,725 252,725 277,725 302,725 327,724 352,724 377,724 402,724 427,724 452,724 477,724 502,724 527,724 552,724 577,724 602,724 627,724 627,691 602,691 577,691 552,691 527,691 502,691 477,691 452,691 427,691 402,691 377,691 352,691 327,691 302,692 277,692 252,692 227,692 202,693 177,693 152,694 127,694"/>
                <Baseline points="127,716 152,716 177,715 202,715 227,714 252,714 277,714 302,714 327,713 352,713 377,713 402,713 427,713 452,713 477,713 502,713 527,713 552,713 577,713 602,713 627,713"/>
                <TextEquiv>
                    <Unicode>y hayo imposible, señor,</Unicode>
                </TextEquiv>
            </TextLine>
            <TextLine id="r1l10" custom="readingOrder {index:9;}">
                <Coords points="140,772 171,773 202,773 233,773 264,773 295,773 326,773 357,772 388,772 419,772 450,771 481,771 512,771 543,771 574,771 605,771 636,771 667,771 698,772 729,772 760,773 760,739 729,738 698,738 667,737 636,737 605,737 574,737 543,737 512,737 481,737 450,737 419,738 388,738 357,738 326,739 295,739 264,739 233,739 202,739 171,739 140,738"/>
                <Baseline points="140,761 171,762 202,762 233,762 264,762 295,762 326,762 357,761 388,761 419,761 450,760 481,760 512,760 543,760 574,760 605,760 636,760 667,760 698,761 729,761 760,762"/>
                <TextEquiv>
                    <Unicode>de que mis padres consiehtan,</Unicode>
                </TextEquiv>
            </TextLine>
            <TextLine id="r1l11" custom="readingOrder {index:10;}">
                <Coords points="139,824 165,823 192,822 218,822 245,821 272,821 298,821 325,821 351,820 378,820 405,820 431,820 458,820 484,820 511,820 538,820 564,820 591,820 617,820 644,820 671,820 671,787 644,787 617,787 591,787 564,787 538,787 511,787 484,787 458,787 431,787 405,787 378,787 351,787 325,788 298,788 272,788 245,788 218,789 192,789 165,790 139,791"/>
                <Baseline points="139,813 165,812 192,811 218,811 245,810 272,810 298,810 325,810 351,809 378,809 405,809 431,809 458,809 484,809 511,809 538,809 564,809 591,809 617,809 644,809 671,809"/>
                <TextEquiv>
                    <Unicode>que yo con usted me case</Unicode>
                </TextEquiv>
            </TextLine>
            <TextLine id="r1l12" custom="readingOrder {index:11;}">
                <Coords points="136,870 162,870 189,870 216,870 243,870 270,870 296,870 323,869 350,869 377,869 404,869 430,869 457,868 484,868 511,868 538,869 564,869 591,869 618,869 645,870 672,870 672,837 645,837 618,836 591,836 564,836 538,836 511,835 484,835 457,835 430,836 404,836 377,836 350,836 323,836 296,837 270,837 243,837 216,837 189,837 162,837 136,837"/>
                <Baseline points="136,859 162,859 189,859 216,859 243,859 270,859 296,859 323,858 350,858 377,858 404,858 430,858 457,857 484,857 511,857 538,858 564,858 591,858 618,858 645,859 672,859"/>
                <TextEquiv>
                    <Unicode>mas esta noche en la reja</Unicode>
                </TextEquiv>
            </TextLine>
            <TextLine id="r1l13" custom="readingOrder {index:12;}">
                <Coords points="136,919 162,919 188,918 214,918 240,918 266,918 292,918 319,917 345,917 371,917 397,917 423,917 449,917 476,917 502,917 528,917 554,917 580,917 606,917 633,916 633,882 606,883 580,883 554,883 528,883 502,883 476,883 449,883 423,883 397,883 371,883 345,883 319,883 292,884 266,884 240,884 214,884 188,884 162,885 136,885"/>
                <Baseline points="136,908 162,908 188,907 214,907 240,907 266,907 292,907 319,906 345,906 371,906 397,906 423,906 449,906 476,906 502,906 528,906 554,906 580,906 606,906 633,905"/>
                <TextEquiv>
                    <Unicode>de mi jardin os aguardo</Unicode>
                </TextEquiv>
            </TextLine>
            <TextLine id="r1l14" custom="readingOrder {index:13;}">
                <Coords points="136,966 162,967 189,967 215,967 242,967 269,966 295,966 322,966 348,966 375,966 402,965 428,965 455,965 481,965 508,965 535,964 561,964 588,964 614,965 641,965 668,965 668,931 641,931 614,931 588,930 561,930 535,930 508,931 481,931 455,931 428,931 402,931 375,932 348,932 322,932 295,932 269,932 242,933 215,933 189,933 162,933 136,932"/>
                <Baseline points="136,955 162,956 189,956 215,956 242,956 269,955 295,955 322,955 348,955 375,955 402,954 428,954 455,954 481,954 508,954 535,953 561,953 588,953 614,954 641,954 668,954"/>
                <TextEquiv>
                    <Unicode>á eso de las once y media.</Unicode>
                </TextEquiv>
            </TextLine>
            <TextLine id="r1l15" custom="readingOrder {index:14;}">
                <Coords points="142,1014 167,1014 192,1015 218,1015 243,1015 269,1015 294,1015 319,1015 345,1015 370,1014 396,1014 421,1013 446,1013 472,1013 497,1013 523,1012 548,1013 573,1013 599,1013 624,1014 650,1015 650,981 624,980 599,979 573,979 548,979 523,978 497,979 472,979 446,979 421,979 396,980 370,980 345,981 319,981 294,981 269,981 243,981 218,981 192,981 167,980 142,980"/>
                <Baseline points="142,1003 167,1003 192,1004 218,1004 243,1004 269,1004 294,1004 319,1004 345,1004 370,1003 396,1003 421,1002 446,1002 472,1002 497,1002 523,1001 548,1002 573,1002 599,1002 624,1003 650,1004"/>
                <TextEquiv>
                    <Unicode>Dios os guarde caballero,</Unicode>
                </TextEquiv>
            </TextLine>
            <TextLine id="r1l16" custom="readingOrder {index:15;}">
                <Coords points="144,1065 173,1065 203,1064 233,1064 263,1063 293,1063 323,1063 353,1062 383,1062 413,1062 443,1061 472,1061 502,1061 532,1061 562,1061 592,1061 622,1061 652,1062 682,1062 712,1063 742,1064 742,1030 712,1029 682,1028 652,1028 622,1027 592,1027 562,1027 532,1027 502,1027 472,1027 443,1027 413,1028 383,1028 353,1028 323,1029 293,1029 263,1029 233,1030 203,1030 173,1031 144,1031"/>
                <Baseline points="144,1054 173,1054 203,1053 233,1053 263,1052 293,1052 323,1052 353,1051 383,1051 413,1051 443,1050 472,1050 502,1050 532,1050 562,1050 592,1050 622,1050 652,1051 682,1051 712,1052 742,1053"/>
                <TextEquiv>
                    <Unicode>Quien mas te estima y venera,</Unicode>
                </TextEquiv>
            </TextLine>
            <TextLine id="r1l17" custom="readingOrder {index:16;}">
                <Coords points="148,1111 174,1111 200,1111 227,1110 253,1110 279,1110 306,1110 332,1109 359,1109 385,1109 411,1109 438,1109 464,1109 490,1110 517,1111 543,1112 570,1113 570,1082 543,1081 517,1080 490,1079 464,1078 438,1078 411,1078 385,1078 359,1078 332,1078 306,1079 279,1079 253,1079 227,1079 200,1080 174,1080 148,1080"/>
                <Baseline points="148,1101 174,1101 200,1101 227,1100 253,1100 279,1100 306,1100 332,1099 359,1099 385,1099 411,1099 438,1099 464,1099 490,1100 517,1101 543,1102 570,1103"/>
                <TextEquiv>
                    <Unicode>doña Josefa Ramirez,</Unicode>
                </TextEquiv>
            </TextLine>
            <TextLine id="r1l18" custom="readingOrder {index:17;}">
                <Coords points="139,1161 168,1161 197,1161 226,1160 255,1160 284,1160 313,1159 343,1159 372,1159 401,1159 430,1158 459,1158 488,1158 517,1158 547,1158 576,1158 605,1158 634,1158 663,1158 692,1158 722,1159 722,1126 692,1125 663,1125 634,1125 605,1125 576,1125 547,1125 517,1125 488,1125 459,1125 430,1125 401,1126 372,1126 343,1126 313,1126 284,1127 255,1127 226,1127 197,1128 168,1128 139,1128"/>
                <Baseline points="139,1150 168,1150 197,1150 226,1149 255,1149 284,1149 313,1148 343,1148 372,1148 401,1148 430,1147 459,1147 488,1147 517,1147 547,1147 576,1147 605,1147 634,1147 663,1147 692,1147 722,1148"/>
                <TextEquiv>
                    <Unicode>una humilde esclava vuestra.</Unicode>
                </TextEquiv>
            </TextLine>
            <TextLine id="r1l19" custom="readingOrder {index:18;}">
                <Coords points="143,1209 168,1209 194,1209 219,1209 245,1209 271,1209 296,1209 322,1208 348,1208 373,1207 399,1207 425,1207 450,1207 476,1206 502,1206 527,1206 553,1206 579,1207 604,1207 630,1208 656,1209 656,1175 630,1174 604,1173 579,1173 553,1172 527,1172 502,1172 476,1172 450,1173 425,1173 399,1173 373,1173 348,1174 322,1174 296,1175 271,1175 245,1175 219,1175 194,1175 168,1175 143,1175"/>
                <Baseline points="143,1198 168,1198 194,1198 219,1198 245,1198 271,1198 296,1198 322,1197 348,1197 373,1196 399,1196 425,1196 450,1196 476,1195 502,1195 527,1195 553,1195 579,1196 604,1196 630,1197 656,1198"/>
                <TextEquiv>
                    <Unicode>Con esto cerró el billete,</Unicode>
                </TextEquiv>
            </TextLine>
            <TextLine id="r1l20" custom="readingOrder {index:19;}">
                <Coords points="141,1261 167,1260 194,1259 220,1259 247,1258 274,1257 300,1257 327,1256 353,1256 380,1255 407,1255 433,1255 460,1255 486,1255 513,1255 540,1255 566,1255 593,1255 619,1255 646,1255 673,1256 673,1223 646,1222 619,1222 593,1222 566,1222 540,1222 513,1222 486,1222 460,1222 433,1222 407,1222 380,1222 353,1223 327,1223 300,1224 274,1224 247,1225 220,1226 194,1226 167,1227 141,1228"/>
                <Baseline points="141,1250 167,1249 194,1248 220,1248 247,1247 274,1246 300,1246 327,1245 353,1245 380,1244 407,1244 433,1244 460,1244 486,1244 513,1244 540,1244 566,1244 593,1244 619,1244 646,1244 673,1245"/>
                <TextEquiv>
                    <Unicode>y á un page con diligencia</Unicode>
                </TextEquiv>
            </TextLine>
            <TextLine id="r1l21" custom="readingOrder {index:20;}">
                <Coords points="146,1305 171,1306 197,1307 222,1307 248,1307 274,1307 299,1307 325,1306 350,1306 376,1306 402,1305 427,1305 453,1304 478,1304 504,1303 530,1303 555,1303 581,1303 606,1303 632,1304 658,1305 658,1272 632,1271 606,1270 581,1270 555,1270 530,1270 504,1270 478,1271 453,1271 427,1272 402,1272 376,1273 350,1273 325,1273 299,1274 274,1274 248,1274 222,1274 197,1274 171,1273 146,1272"/>
                <Baseline points="146,1294 171,1295 197,1296 222,1296 248,1296 274,1296 299,1296 325,1295 350,1295 376,1295 402,1294 427,1294 453,1293 478,1293 504,1292 530,1292 555,1292 581,1292 606,1292 632,1293 658,1294"/>
                <TextEquiv>
                    <Unicode>le mandó que le llevase:</Unicode>
                </TextEquiv>
            </TextLine>
            <TextLine id="r1l22" custom="readingOrder {index:21;}">
                <Coords points="147,1356 178,1356 209,1356 240,1355 272,1355 303,1355 334,1354 366,1354 397,1354 428,1353 460,1353 491,1353 522,1353 553,1353 585,1352 616,1352 647,1353 679,1353 710,1353 741,1353 773,1354 773,1320 741,1319 710,1319 679,1319 647,1319 616,1318 585,1318 553,1319 522,1319 491,1319 460,1319 428,1319 397,1320 366,1320 334,1320 303,1321 272,1321 240,1321 209,1322 178,1322 147,1322"/>
                <Baseline points="147,1345 178,1345 209,1345 240,1344 272,1344 303,1344 334,1343 366,1343 397,1343 428,1342 460,1342 491,1342 522,1342 553,1342 585,1341 616,1341 647,1342 679,1342 710,1342 741,1342 773,1343"/>
                <TextEquiv>
                    <Unicode>el cual fue con gran presteza,</Unicode>
                </TextEquiv>
            </TextLine>
            <TextLine id="r1l23" custom="readingOrder {index:22;}">
                <Coords points="149,1408 174,1406 199,1405 224,1404 249,1403 274,1402 299,1402 324,1402 349,1401 374,1401 399,1401 424,1401 449,1401 474,1401 499,1401 524,1401 549,1401 574,1400 599,1400 624,1399 650,1399 650,1366 624,1366 599,1367 574,1367 549,1368 524,1368 499,1368 474,1368 449,1368 424,1368 399,1368 374,1368 349,1368 324,1369 299,1369 274,1369 249,1370 224,1371 199,1372 174,1373 149,1375"/>
                <Baseline points="149,1397 174,1395 199,1394 224,1393 249,1392 274,1391 299,1391 324,1391 349,1390 374,1390 399,1390 424,1390 449,1390 474,1390 499,1390 524,1390 549,1390 574,1389 599,1389 624,1388 650,1388"/>
                <TextEquiv>
                    <Unicode>y á don Pedro se la dió</Unicode>
                </TextEquiv>
            </TextLine>
            <TextLine id="r1l24" custom="readingOrder {index:23;}">
                <Coords points="148,1453 174,1453 201,1453 228,1453 255,1452 281,1452 308,1452 335,1452 362,1452 388,1451 415,1451 442,1451 469,1450 495,1450 522,1450 549,1450 576,1450 602,1450 629,1449 656,1450 683,1450 683,1417 656,1417 629,1416 602,1417 576,1417 549,1417 522,1417 495,1417 469,1417 442,1418 415,1418 388,1418 362,1419 335,1419 308,1419 281,1419 255,1419 228,1420 201,1420 174,1420 148,1420"/>
                <Baseline points="148,1442 174,1442 201,1442 228,1442 255,1441 281,1441 308,1441 335,1441 362,1441 388,1440 415,1440 442,1440 469,1439 495,1439 522,1439 549,1439 576,1439 602,1439 629,1438 656,1439 683,1439"/>
                <TextEquiv>
                    <Unicode>en propia mano, y lo besa.</Unicode>
                </TextEquiv>
            </TextLine>
            <TextLine id="r1l25" custom="readingOrder {index:24;}">
                <Coords points="149,1500 174,1500 200,1500 226,1500 252,1500 278,1500 304,1500 329,1500 355,1499 381,1499 407,1499 433,1499 459,1498 484,1498 510,1498 536,1498 562,1497 588,1497 614,1497 614,1463 588,1463 562,1463 536,1464 510,1464 484,1464 459,1464 433,1465 407,1465 381,1465 355,1465 329,1466 304,1466 278,1466 252,1466 226,1466 200,1466 174,1466 149,1466"/>
                <Baseline points="149,1489 174,1489 200,1489 226,1489 252,1489 278,1489 304,1489 329,1489 355,1488 381,1488 407,1488 433,1488 459,1487 484,1487 510,1487 536,1487 562,1486 588,1486 614,1486"/>
                <TextEquiv>
                    <Unicode>Rompió la nema y leyó</Unicode>
                </TextEquiv>
            </TextLine>
            <TextLine id="r1l26" custom="readingOrder {index:25;}">
                <Coords points="148,1548 175,1549 203,1549 230,1549 258,1549 286,1548 313,1548 341,1548 368,1547 396,1547 424,1546 451,1546 479,1545 506,1545 534,1545 562,1546 589,1546 617,1547 644,1548 672,1549 700,1551 700,1517 672,1515 644,1514 617,1513 589,1512 562,1512 534,1511 506,1511 479,1511 451,1512 424,1512 396,1513 368,1513 341,1514 313,1514 286,1514 258,1515 230,1515 203,1515 175,1515 148,1514"/>
                <Baseline points="148,1537 175,1538 203,1538 230,1538 258,1538 286,1537 313,1537 341,1537 368,1536 396,1536 424,1535 451,1535 479,1534 506,1534 534,1534 562,1535 589,1535 617,1536 644,1537 672,1538 700,1540"/>
                <TextEquiv>
                    <Unicode>lo que ya espresado queda,</Unicode>
                </TextEquiv>
            </TextLine>
            <TextLine id="r1l27" custom="readingOrder {index:26;}">
                <Coords points="149,1596 174,1596 200,1597 226,1597 251,1597 277,1597 303,1597 328,1597 354,1596 380,1596 405,1596 431,1596 457,1595 482,1595 508,1595 534,1594 559,1594 585,1594 611,1594 611,1560 585,1560 559,1560 534,1560 508,1561 482,1561 457,1561 431,1562 405,1562 380,1562 354,1562 328,1563 303,1563 277,1563 251,1563 226,1563 200,1563 174,1562 149,1562"/>
                <Baseline points="149,1585 174,1585 200,1586 226,1586 251,1586 277,1586 303,1586 328,1586 354,1585 380,1585 405,1585 431,1585 457,1584 482,1584 508,1584 534,1583 559,1583 585,1583 611,1583"/>
                <TextEquiv>
                    <Unicode>deseando que la noche</Unicode>
                </TextEquiv>
            </TextLine>
            <TextLine id="r1l28" custom="readingOrder {index:27;}">
                <Coords points="145,1645 176,1645 207,1645 238,1644 269,1644 300,1644 331,1644 362,1643 393,1643 424,1643 455,1643 486,1643 517,1642 548,1642 579,1642 610,1642 641,1643 672,1643 703,1643 734,1644 765,1645 765,1611 734,1610 703,1609 672,1609 641,1609 610,1608 579,1608 548,1608 517,1608 486,1609 455,1609 424,1609 393,1609 362,1609 331,1610 300,1610 269,1610 238,1610 207,1611 176,1611 145,1611"/>
                <Baseline points="145,1634 176,1634 207,1634 238,1633 269,1633 300,1633 331,1633 362,1632 393,1632 424,1632 455,1632 486,1632 517,1631 548,1631 579,1631 610,1631 641,1632 672,1632 703,1632 734,1633 765,1634"/>
                <TextEquiv>
                    <Unicode>tendiese el manto de estrellas.</Unicode>
                </TextEquiv>
            </TextLine>
            <TextLine id="r1l29" custom="readingOrder {index:28;}">
                <Coords points="142,1692 167,1693 192,1693 217,1694 243,1694 268,1694 293,1693 319,1693 344,1692 369,1692 394,1692 420,1691 445,1691 470,1691 496,1691 521,1692 546,1692 572,1693 572,1659 546,1658 521,1658 496,1657 470,1657 445,1657 420,1657 394,1658 369,1658 344,1658 319,1659 293,1659 268,1660 243,1660 217,1660 192,1659 167,1659 142,1658"/>
                <Baseline points="142,1681 167,1682 192,1682 217,1683 243,1683 268,1683 293,1682 319,1682 344,1681 369,1681 394,1681 420,1680 445,1680 470,1680 496,1680 521,1681 546,1681 572,1682"/>
                <TextEquiv>
                    <Unicode>Llegó la citada hora,</Unicode>
                </TextEquiv>
            </TextLine>
            <TextLine id="r1l30" custom="readingOrder {index:29;}">
                <Coords points="147,1745 176,1744 205,1743 234,1742 263,1742 292,1741 321,1741 350,1740 379,1740 408,1740 437,1740 466,1739 495,1739 524,1740 553,1740 582,1740 611,1740 640,1741 669,1741 698,1742 727,1743 727,1710 698,1709 669,1708 640,1708 611,1707 582,1707 553,1707 524,1707 495,1706 466,1706 437,1707 408,1707 379,1707 350,1707 321,1708 292,1708 263,1709 234,1709 205,1710 176,1711 147,1712"/>
                <Baseline points="147,1734 176,1733 205,1732 234,1731 263,1731 292,1730 321,1730 350,1729 379,1729 408,1729 437,1729 466,1728 495,1728 524,1729 553,1729 582,1729 611,1729 640,1730 669,1730 698,1731 727,1732"/>
                <TextEquiv>
                    <Unicode>y pronto se halló en la reja;</Unicode>
                </TextEquiv>
            </TextLine>
            <TextLine id="r1l31" custom="readingOrder {index:30;}">
                <Coords points="143,1791 168,1791 194,1790 219,1790 245,1789 270,1789 296,1789 321,1789 347,1789 372,1788 398,1788 423,1788 449,1788 474,1788 500,1788 525,1788 551,1787 577,1787 577,1754 551,1754 525,1755 500,1755 474,1755 449,1755 423,1755 398,1755 372,1755 347,1756 321,1756 296,1756 270,1756 245,1756 219,1757 194,1757 168,1758 143,1758"/>
                <Baseline points="143,1780 168,1780 194,1779 219,1779 245,1778 270,1778 296,1778 321,1778 347,1778 372,1777 398,1777 423,1777 449,1777 474,1777 500,1777 525,1777 551,1776 577,1776"/>
                <TextEquiv>
                    <Unicode>hizo una seña y salió</Unicode>
                </TextEquiv>
            </TextLine>
            <TextLine id="r1l32" custom="readingOrder {index:31;}">
                <Coords points="154,1838 179,1838 204,1838 229,1838 254,1838 280,1838 305,1837 330,1837 355,1837 380,1837 406,1837 431,1836 456,1836 481,1836 506,1836 532,1836 557,1836 582,1836 607,1837 632,1837 658,1837 658,1803 632,1803 607,1803 582,1802 557,1802 532,1802 506,1802 481,1802 456,1802 431,1802 406,1803 380,1803 355,1803 330,1803 305,1803 280,1804 254,1804 229,1804 204,1804 179,1804 154,1804"/>
                <Baseline points="154,1827 179,1827 204,1827 229,1827 254,1827 280,1827 305,1826 330,1826 355,1826 380,1826 406,1826 431,1825 456,1825 481,1825 506,1825 532,1825 557,1825 582,1825 607,1826 632,1826 658,1826"/>
                <TextEquiv>
                    <Unicode>tan bizarra como honesta</Unicode>
                </TextEquiv>
            </TextLine>
            <TextLine id="r1l33" custom="readingOrder {index:32;}">
                <Coords points="152,1888 177,1887 202,1887 227,1887 253,1886 278,1886 303,1886 328,1885 354,1885 379,1885 404,1884 429,1884 455,1884 480,1884 505,1884 530,1884 556,1884 581,1885 606,1885 632,1886 632,1852 606,1851 581,1851 556,1850 530,1850 505,1850 480,1850 455,1850 429,1850 404,1850 379,1851 354,1851 328,1851 303,1852 278,1852 253,1852 227,1853 202,1853 177,1853 152,1854"/>
                <Baseline points="152,1877 177,1876 202,1876 227,1876 253,1875 278,1875 303,1875 328,1874 354,1874 379,1874 404,1873 429,1873 455,1873 480,1873 505,1873 530,1873 556,1873 581,1874 606,1874 632,1875"/>
                <TextEquiv>
                    <Unicode>la dama y se saludaron,</Unicode>
                </TextEquiv>
            </TextLine>
            <TextLine id="r1l34" custom="readingOrder {index:33;}">
                <Coords points="155,1941 180,1939 206,1938 232,1936 258,1935 283,1934 309,1933 335,1932 361,1932 387,1931 412,1931 438,1931 464,1931 490,1931 516,1932 541,1932 567,1932 593,1933 619,1933 645,1933 645,1902 619,1902 593,1902 567,1901 541,1901 516,1901 490,1900 464,1900 438,1900 412,1900 387,1900 361,1901 335,1901 309,1902 283,1903 258,1904 232,1905 206,1907 180,1908 155,1910"/>
                <Baseline points="155,1931 180,1929 206,1928 232,1926 258,1925 283,1924 309,1923 335,1922 361,1922 387,1921 412,1921 438,1921 464,1921 490,1921 516,1922 541,1922 567,1922 593,1923 619,1923 645,1923"/>
                <TextEquiv>
                    <Unicode>y por último conciertan,</Unicode>
                </TextEquiv>
            </TextLine>
            <TextLine id="r1l35" custom="readingOrder {index:34;}">
                <Coords points="155,1984 180,1984 206,1983 232,1983 258,1982 284,1982 310,1981 336,1981 362,1981 388,1980 413,1980 439,1980 465,1980 491,1980 517,1980 543,1980 569,1980 595,1980 621,1981 647,1981 647,1950 621,1950 595,1949 569,1949 543,1949 517,1949 491,1949 465,1949 439,1949 413,1949 388,1949 362,1950 336,1950 310,1950 284,1951 258,1951 232,1952 206,1952 180,1953 155,1953"/>
                <Baseline points="155,1974 180,1974 206,1973 232,1973 258,1972 284,1972 310,1971 336,1971 362,1971 388,1970 413,1970 439,1970 465,1970 491,1970 517,1970 543,1970 569,1970 595,1970 621,1971 647,1971"/>
                <TextEquiv>
                    <Unicode>que una noche la sacase.</Unicode>
                </TextEquiv>
            </TextLine>
            <TextLine id="r1l36" custom="readingOrder {index:35;}">
                <Coords points="151,2033 176,2033 201,2032 226,2032 251,2032 276,2031 301,2031 326,2030 351,2030 377,2030 402,2029 427,2029 452,2029 477,2029 502,2029 527,2029 552,2029 578,2030 578,1996 552,1995 527,1995 502,1995 477,1995 452,1995 427,1995 402,1995 377,1996 351,1996 326,1996 301,1997 276,1997 251,1998 226,1998 201,1998 176,1999 151,1999"/>
                <Baseline points="151,2022 176,2022 201,2021 226,2021 251,2021 276,2020 301,2020 326,2019 351,2019 377,2019 402,2018 427,2018 452,2018 477,2018 502,2018 527,2018 552,2018 578,2019"/>
                <TextEquiv>
                    <Unicode>En estas diferencias</Unicode>
                </TextEquiv>
            </TextLine>
            <TextLine id="r1l37" custom="readingOrder {index:36;}">
                <Coords points="151,2081 177,2081 203,2080 230,2080 256,2079 283,2079 309,2079 335,2078 362,2078 388,2078 415,2078 441,2078 467,2078 494,2078 520,2078 547,2078 573,2078 599,2078 626,2078 652,2077 679,2077 679,2043 652,2043 626,2044 599,2044 573,2044 547,2044 520,2044 494,2044 467,2044 441,2044 415,2044 388,2044 362,2044 335,2044 309,2045 283,2045 256,2045 230,2046 203,2046 177,2047 151,2047"/>
                <Baseline points="151,2070 177,2070 203,2069 230,2069 256,2068 283,2068 309,2068 335,2067 362,2067 388,2067 415,2067 441,2067 467,2067 494,2067 520,2067 547,2067 573,2067 599,2067 626,2067 652,2066 679,2066"/>
                <TextEquiv>
                    <Unicode>le acometen dos traidores</Unicode>
                </TextEquiv>
            </TextLine>
            <TextLine id="r1l38" custom="readingOrder {index:37;}">
                <Coords points="158,2129 184,2129 211,2128 237,2128 264,2127 290,2127 317,2127 343,2127 370,2127 396,2127 423,2127 450,2127 476,2127 503,2127 529,2127 556,2127 582,2127 609,2127 635,2127 662,2127 689,2126 689,2092 662,2093 635,2093 609,2093 582,2093 556,2093 529,2093 503,2093 476,2093 450,2093 423,2093 396,2093 370,2093 343,2093 317,2093 290,2093 264,2093 237,2094 211,2094 184,2095 158,2095"/>
                <Baseline points="158,2118 184,2118 211,2117 237,2117 264,2116 290,2116 317,2116 343,2116 370,2116 396,2116 423,2116 450,2116 476,2116 503,2116 529,2116 556,2116 582,2116 609,2116 635,2116 662,2116 689,2115"/>
                <TextEquiv>
                    <Unicode>á don Pedro con violencia;</Unicode>
                </TextEquiv>
            </TextLine>
            <TextLine id="r1l39" custom="readingOrder {index:38;}">
                <Coords points="160,2177 185,2177 210,2177 235,2176 261,2176 286,2176 311,2176 336,2175 362,2175 387,2175 412,2174 437,2174 463,2174 488,2174 513,2174 538,2174 564,2174 589,2174 614,2175 640,2175 640,2141 614,2141 589,2140 564,2140 538,2140 513,2140 488,2140 463,2140 437,2140 412,2140 387,2141 362,2141 336,2141 311,2142 286,2142 261,2142 235,2142 210,2143 185,2143 160,2143"/>
                <Baseline points="160,2166 185,2166 210,2166 235,2165 261,2165 286,2165 311,2165 336,2164 362,2164 387,2164 412,2163 437,2163 463,2163 488,2163 513,2163 538,2163 564,2163 589,2163 614,2164 640,2164"/>
                <TextEquiv>
                    <Unicode>dos estocadas le dieron</Unicode>
                </TextEquiv>
            </TextLine>
            <TextLine id="r1l40" custom="readingOrder {index:39;}">
                <Coords points="157,2229 184,2228 211,2226 239,2226 266,2225 294,2224 321,2224 348,2223 376,2223 403,2223 431,2223 458,2223 485,2223 513,2223 540,2224 568,2224 595,2224 622,2224 650,2224 677,2225 705,2225 705,2191 677,2191 650,2190 622,2190 595,2190 568,2190 540,2190 513,2189 485,2189 458,2189 431,2189 403,2189 376,2189 348,2189 321,2190 294,2190 266,2191 239,2192 211,2192 184,2194 157,2195"/>
                <Baseline points="157,2218 184,2217 211,2215 239,2215 266,2214 294,2213 321,2213 348,2212 376,2212 403,2212 431,2212 458,2212 485,2212 513,2212 540,2213 568,2213 595,2213 622,2213 650,2213 677,2214 705,2214"/>
                <TextEquiv>
                    <Unicode>por las espaldas tan récias,</Unicode>
                </TextEquiv>
            </TextLine>
            <TextLine id="r1l41" custom="readingOrder {index:40;}">
                <Coords points="162,2275 188,2274 214,2274 240,2274 266,2273 292,2273 318,2273 344,2273 370,2272 396,2272 422,2272 448,2272 474,2272 500,2272 526,2272 552,2272 578,2272 604,2272 630,2272 657,2272 657,2238 630,2238 604,2238 578,2238 552,2238 526,2238 500,2238 474,2238 448,2238 422,2238 396,2238 370,2238 344,2239 318,2239 292,2239 266,2239 240,2240 214,2240 188,2240 162,2241"/>
                <Baseline points="162,2264 188,2263 214,2263 240,2263 266,2262 292,2262 318,2262 344,2262 370,2261 396,2261 422,2261 448,2261 474,2261 500,2261 526,2261 552,2261 578,2261 604,2261 630,2261 657,2261"/>
                <TextEquiv>
                    <Unicode>que las heridas crueles</Unicode>
                </TextEquiv>
            </TextLine>
            <TextLine id="r1l42" custom="readingOrder {index:41;}">
                <Coords points="159,2322 187,2323 215,2323 243,2323 271,2323 299,2323 327,2323 355,2323 383,2323 411,2323 440,2323 468,2323 496,2323 524,2323 552,2323 580,2322 608,2322 636,2322 664,2322 692,2321 721,2321 721,2287 692,2287 664,2288 636,2288 608,2288 580,2288 552,2289 524,2289 496,2289 468,2289 440,2289 411,2289 383,2289 355,2289 327,2289 299,2289 271,2289 243,2289 215,2289 187,2289 159,2288"/>
                <Baseline points="159,2311 187,2312 215,2312 243,2312 271,2312 299,2312 327,2312 355,2312 383,2312 411,2312 440,2312 468,2312 496,2312 524,2312 552,2312 580,2311 608,2311 636,2311 664,2311 692,2310 721,2310"/>
                <TextEquiv>
                    <Unicode>hasta el pecho le penetran.</Unicode>
                </TextEquiv>
            </TextLine>
            <TextEquiv>
                <Unicode>de su amor dándole parte
y la dama muy discreta
con otro le corresponde
á su pretencion atenta,
diciendo señor don Pedro
yo estimo vuestras finezas,
ya sabeis como en mi casa
soy la unica heredera,
y hayo imposible, señor,
de que mis padres consiehtan,
que yo con usted me case
mas esta noche en la reja
de mi jardin os aguardo
á eso de las once y media.
Dios os guarde caballero,
Quien mas te estima y venera,
doña Josefa Ramirez,
una humilde esclava vuestra.
Con esto cerró el billete,
y á un page con diligencia
le mandó que le llevase:
el cual fue con gran presteza,
y á don Pedro se la dió
en propia mano, y lo besa.
Rompió la nema y leyó
lo que ya espresado queda,
deseando que la noche
tendiese el manto de estrellas.
Llegó la citada hora,
y pronto se halló en la reja;
hizo una seña y salió
tan bizarra como honesta
la dama y se saludaron,
y por último conciertan,
que una noche la sacase.
En estas diferencias
le acometen dos traidores
á don Pedro con violencia;
dos estocadas le dieron
por las espaldas tan récias,
que las heridas crueles
hasta el pecho le penetran.</Unicode>
            </TextEquiv>
        </TextRegion>
        <TextRegion orientation="0.0" id="r2" custom="readingOrder {index:1;}">
            <Coords points="824,173 824,323 840,323 840,173"/>
            <TextLine id="r2l1" custom="readingOrder {index:0;}">
                <Coords points="824,323 840,323 840,173 824,173"/>
                <Baseline points="824,273 840,273"/>
                <TextEquiv>
                    <Unicode>2</Unicode>
                </TextEquiv>
            </TextLine>
            <TextEquiv>
                <Unicode>2</Unicode>
            </TextEquiv>
        </TextRegion>
        <TextRegion orientation="0.0" id="r3" custom="readingOrder {index:2;}">
            <Coords points="857,298 857,2324 1537,2324 1537,298"/>
            <TextLine id="r3l1" custom="readingOrder {index:0;}">
                <Coords points="868,334 893,333 919,333 944,333 970,333 995,332 1021,332 1046,332 1072,332 1098,332 1123,332 1149,332 1174,332 1200,332 1225,332 1251,332 1276,332 1302,332 1328,332 1328,298 1302,298 1276,298 1251,298 1225,298 1200,298 1174,298 1149,298 1123,298 1098,298 1072,298 1046,298 1021,298 995,298 970,299 944,299 919,299 893,299 868,300"/>
                <Baseline points="868,323 893,322 919,322 944,322 970,322 995,321 1021,321 1046,321 1072,321 1098,321 1123,321 1149,321 1174,321 1200,321 1225,321 1251,321 1276,321 1302,321 1328,321"/>
                <TextEquiv>
                    <Unicode>Y como un leon herido</Unicode>
                </TextEquiv>
            </TextLine>
            <TextLine id="r3l2" custom="readingOrder {index:1;}">
                <Coords points="861,382 887,382 913,381 939,381 965,381 991,381 1017,381 1043,381 1069,381 1095,381 1122,381 1148,381 1174,381 1200,381 1226,381 1252,382 1278,382 1304,382 1330,382 1356,381 1383,381 1383,347 1356,347 1330,348 1304,348 1278,348 1252,348 1226,347 1200,347 1174,347 1148,347 1122,347 1095,347 1069,347 1043,347 1017,347 991,347 965,347 939,347 913,347 887,348 861,348"/>
                <Baseline points="861,371 887,371 913,370 939,370 965,370 991,370 1017,370 1043,370 1069,370 1095,370 1122,370 1148,370 1174,370 1200,370 1226,370 1252,371 1278,371 1304,371 1330,371 1356,370 1383,370"/>
                <TextEquiv>
                    <Unicode>sacó la espada, y con ella</Unicode>
                </TextEquiv>
            </TextLine>
            <TextLine id="r3l3" custom="readingOrder {index:2;}">
                <Coords points="868,430 893,430 918,429 944,429 969,429 994,428 1020,428 1045,428 1070,428 1096,428 1121,428 1146,428 1172,429 1197,429 1222,429 1248,430 1248,396 1222,395 1197,395 1172,395 1146,394 1121,394 1096,394 1070,394 1045,394 1020,394 994,394 969,395 944,395 918,395 893,396 868,396"/>
                <Baseline points="868,419 893,419 918,418 944,418 969,418 994,417 1020,417 1045,417 1070,417 1096,417 1121,417 1146,417 1172,418 1197,418 1222,418 1248,419"/>
                <TextEquiv>
                    <Unicode>á los dos acometió;</Unicode>
                </TextEquiv>
            </TextLine>
            <TextLine id="r3l4" custom="readingOrder {index:3;}">
                <Coords points="861,481 887,480 913,479 939,478 965,477 992,476 1018,476 1044,476 1070,476 1097,476 1123,476 1149,476 1175,476 1201,477 1228,477 1254,477 1280,477 1306,477 1333,477 1333,443 1306,443 1280,443 1254,443 1228,443 1201,443 1175,442 1149,442 1123,442 1097,442 1070,442 1044,442 1018,442 992,442 965,443 939,444 913,445 887,446 861,447"/>
                <Baseline points="861,470 887,469 913,468 939,467 965,466 992,465 1018,465 1044,465 1070,465 1097,465 1123,465 1149,465 1175,465 1201,466 1228,466 1254,466 1280,466 1306,466 1333,466"/>
                <TextEquiv>
                    <Unicode>pero poco le aprovecha,</Unicode>
                </TextEquiv>
            </TextLine>
            <TextLine id="r3l5" custom="readingOrder {index:4;}">
                <Coords points="857,530 885,528 914,527 943,526 972,526 1001,525 1030,525 1059,524 1088,524 1117,524 1146,524 1174,524 1203,524 1232,525 1261,525 1290,525 1319,525 1348,525 1377,525 1406,525 1435,525 1435,491 1406,491 1377,491 1348,491 1319,491 1290,491 1261,491 1232,491 1203,490 1174,490 1146,490 1117,490 1088,490 1059,490 1030,491 1001,491 972,492 943,492 914,493 885,494 857,496"/>
                <Baseline points="857,519 885,517 914,516 943,515 972,515 1001,514 1030,514 1059,513 1088,513 1117,513 1146,513 1174,513 1203,513 1232,514 1261,514 1290,514 1319,514 1348,514 1377,514 1406,514 1435,514"/>
                <TextEquiv>
                    <Unicode>que se escaparon huyendo,</Unicode>
                </TextEquiv>
            </TextLine>
            <TextLine id="r3l6" custom="readingOrder {index:5;}">
                <Coords points="863,578 893,576 923,575 953,573 983,572 1013,572 1043,571 1073,571 1103,571 1133,571 1163,571 1193,571 1223,571 1253,571 1283,572 1313,572 1343,573 1373,573 1403,573 1433,574 1463,574 1463,543 1433,543 1403,542 1373,542 1343,542 1313,541 1283,541 1253,540 1223,540 1193,540 1163,540 1133,540 1103,540 1073,540 1043,540 1013,541 983,541 953,542 923,544 893,545 863,547"/>
                <Baseline points="863,568 893,566 923,565 953,563 983,562 1013,562 1043,561 1073,561 1103,561 1133,561 1163,561 1193,561 1223,561 1253,561 1283,562 1313,562 1343,563 1373,563 1403,563 1433,564 1463,564"/>
                <TextEquiv>
                    <Unicode>y el triste jóven dió en tierra,</Unicode>
                </TextEquiv>
            </TextLine>
            <TextLine id="r3l7" custom="readingOrder {index:6;}">
                <Coords points="866,621 891,621 917,621 942,621 968,621 993,620 1019,620 1044,619 1070,619 1095,619 1121,619 1146,619 1172,619 1197,620 1223,621 1248,622 1274,625 1300,627 1300,597 1274,595 1248,592 1223,591 1197,590 1172,589 1146,589 1121,589 1095,589 1070,589 1044,589 1019,590 993,590 968,591 942,591 917,591 891,591 866,591"/>
                <Baseline points="866,611 891,611 917,611 942,611 968,611 993,610 1019,610 1044,609 1070,609 1095,609 1121,609 1146,609 1172,609 1197,610 1223,611 1248,612 1274,615 1300,617"/>
                <TextEquiv>
                    <Unicode>diciendo: difunto soy, </Unicode>
                </TextEquiv>
            </TextLine>
            <TextLine id="r3l8" custom="readingOrder {index:7;}">
                <Coords points="863,672 890,671 918,671 945,670 973,670 1001,669 1028,669 1056,669 1083,669 1111,669 1139,668 1166,668 1194,668 1221,669 1249,669 1277,669 1304,669 1332,669 1359,669 1387,669 1415,669 1415,638 1387,638 1359,638 1332,638 1304,638 1277,638 1249,638 1221,638 1194,637 1166,637 1139,637 1111,638 1083,638 1056,638 1028,638 1001,638 973,639 945,639 918,640 890,640 863,641"/>
                <Baseline points="863,662 890,661 918,661 945,660 973,660 1001,659 1028,659 1056,659 1083,659 1111,659 1139,658 1166,658 1194,658 1221,659 1249,659 1277,659 1304,659 1332,659 1359,659 1387,659 1415,659"/>
                <TextEquiv>
                    <Unicode>perdonarme amada prenda.</Unicode>
                </TextEquiv>
            </TextLine>
            <TextLine id="r3l9" custom="readingOrder {index:8;}">
                <Coords points="872,719 898,719 925,719 952,719 979,719 1006,719 1033,718 1060,718 1087,718 1114,718 1141,718 1167,717 1194,717 1221,717 1248,717 1275,717 1302,717 1329,718 1356,718 1383,719 1410,720 1410,686 1383,685 1356,684 1329,684 1302,683 1275,683 1248,683 1221,683 1194,683 1167,683 1141,684 1114,684 1087,684 1060,684 1033,684 1006,685 979,685 952,685 925,685 898,685 872,685"/>
                <Baseline points="872,708 898,708 925,708 952,708 979,708 1006,708 1033,707 1060,707 1087,707 1114,707 1141,707 1167,706 1194,706 1221,706 1248,706 1275,706 1302,706 1329,707 1356,707 1383,708 1410,709"/>
                <TextEquiv>
                    <Unicode>Esta voz que oyó la dama,</Unicode>
                </TextEquiv>
            </TextLine>
            <TextLine id="r3l10" custom="readingOrder {index:9;}">
                <Coords points="868,768 894,768 920,768 947,767 973,767 1000,767 1026,767 1052,766 1079,766 1105,766 1132,765 1158,765 1184,765 1211,765 1237,765 1264,766 1290,766 1316,767 1343,768 1369,769 1396,770 1396,736 1369,735 1343,734 1316,733 1290,732 1264,732 1237,731 1211,731 1184,731 1158,731 1132,731 1105,732 1079,732 1052,732 1026,733 1000,733 973,733 947,733 920,734 894,734 868,734"/>
                <Baseline points="868,757 894,757 920,757 947,756 973,756 1000,756 1026,756 1052,755 1079,755 1105,755 1132,754 1158,754 1184,754 1211,754 1237,754 1264,755 1290,755 1316,756 1343,757 1369,758 1396,759"/>
                <TextEquiv>
                    <Unicode>cayó amortecida en tierra;</Unicode>
                </TextEquiv>
            </TextLine>
            <TextLine id="r3l11" custom="readingOrder {index:10;}">
                <Coords points="858,818 883,817 909,816 935,816 960,815 986,815 1012,815 1037,814 1063,814 1089,814 1114,814 1140,814 1166,814 1191,814 1217,815 1243,815 1268,815 1294,815 1320,815 1346,815 1346,781 1320,781 1294,781 1268,781 1243,781 1217,781 1191,780 1166,780 1140,780 1114,780 1089,780 1063,780 1037,780 1012,781 986,781 960,781 935,782 909,782 883,783 858,784"/>
                <Baseline points="858,807 883,806 909,805 935,805 960,804 986,804 1012,804 1037,803 1063,803 1089,803 1114,803 1140,803 1166,803 1191,803 1217,804 1243,804 1268,804 1294,804 1320,804 1346,804"/>
                <TextEquiv>
                    <Unicode>y volviendo del letargo</Unicode>
                </TextEquiv>
            </TextLine>
            <TextLine id="r3l12" custom="readingOrder {index:11;}">
                <Coords points="870,864 895,864 920,864 945,863 970,863 995,863 1021,863 1046,862 1071,862 1096,862 1121,862 1146,862 1172,863 1197,863 1222,863 1247,864 1272,865 1298,865 1298,831 1272,831 1247,830 1222,829 1197,829 1172,829 1146,828 1121,828 1096,828 1071,828 1046,828 1021,829 995,829 970,829 945,829 920,830 895,830 870,830"/>
                <Baseline points="870,853 895,853 920,853 945,852 970,852 995,852 1021,852 1046,851 1071,851 1096,851 1121,851 1146,851 1172,852 1197,852 1222,852 1247,853 1272,854 1298,854"/>
                <TextEquiv>
                    <Unicode>decia de esta manera;</Unicode>
                </TextEquiv>
            </TextLine>
            <TextLine id="r3l13" custom="readingOrder {index:12;}">
                <Coords points="865,914 893,914 921,913 950,913 978,912 1007,912 1035,912 1063,912 1092,912 1120,912 1149,912 1177,912 1205,912 1234,912 1262,912 1291,912 1319,912 1347,912 1376,911 1404,911 1433,910 1433,876 1404,877 1376,877 1347,878 1319,878 1291,878 1262,878 1234,878 1205,878 1177,878 1149,878 1120,878 1092,878 1063,878 1035,878 1007,878 978,878 950,879 921,879 893,880 865,880"/>
                <Baseline points="865,903 893,903 921,902 950,902 978,901 1007,901 1035,901 1063,901 1092,901 1120,901 1149,901 1177,901 1205,901 1234,901 1262,901 1291,901 1319,901 1347,901 1376,900 1404,900 1433,899"/>
                <TextEquiv>
                    <Unicode>qué es esto que me sucede?</Unicode>
                </TextEquiv>
            </TextLine>
            <TextLine id="r3l14" custom="readingOrder {index:13;}">
                <Coords points="864,961 892,961 921,961 950,961 979,961 1008,960 1036,960 1065,960 1094,960 1123,960 1152,960 1180,960 1209,960 1238,960 1267,960 1296,960 1324,960 1353,960 1382,959 1411,959 1440,959 1440,925 1411,925 1382,925 1353,926 1324,926 1296,926 1267,926 1238,926 1209,926 1180,926 1152,926 1123,926 1094,926 1065,926 1036,926 1008,926 979,927 950,927 921,927 892,927 864,927"/>
                <Baseline points="864,950 892,950 921,950 950,950 979,950 1008,949 1036,949 1065,949 1094,949 1123,949 1152,949 1180,949 1209,949 1238,949 1267,949 1296,949 1324,949 1353,949 1382,948 1411,948 1440,948"/>
                <TextEquiv>
                    <Unicode>cielos que desgracia es esta?</Unicode>
                </TextEquiv>
            </TextLine>
            <TextLine id="r3l15" custom="readingOrder {index:14;}">
                <Coords points="867,1012 900,1011 934,1010 967,1009 1001,1009 1034,1009 1068,1009 1101,1009 1135,1009 1168,1009 1202,1009 1235,1009 1269,1009 1302,1010 1336,1010 1369,1009 1403,1009 1436,1009 1470,1008 1503,1007 1537,1006 1537,972 1503,973 1470,974 1436,975 1403,975 1369,975 1336,976 1302,976 1269,975 1235,975 1202,975 1168,975 1135,975 1101,975 1068,975 1034,975 1001,975 967,975 934,976 900,977 867,978"/>
                <Baseline points="867,1001 900,1000 934,999 967,998 1001,998 1034,998 1068,998 1101,998 1135,998 1168,998 1202,998 1235,998 1269,998 1302,999 1336,999 1369,998 1403,998 1436,998 1470,997 1503,996 1537,995"/>
                <TextEquiv>
                    <Unicode>qué he de hacer, hay de mi taiste,</Unicode>
                </TextEquiv>
            </TextLine>
            <TextLine id="r3l16" custom="readingOrder {index:15;}">
                <Coords points="868,1058 893,1058 918,1058 944,1059 969,1059 995,1059 1020,1059 1046,1058 1071,1058 1097,1058 1122,1058 1147,1058 1173,1058 1198,1058 1224,1057 1249,1057 1275,1057 1300,1058 1326,1058 1326,1024 1300,1024 1275,1023 1249,1023 1224,1023 1198,1024 1173,1024 1147,1024 1122,1024 1097,1024 1071,1024 1046,1024 1020,1025 995,1025 969,1025 944,1025 918,1024 893,1024 868,1024"/>
                <Baseline points="868,1047 893,1047 918,1047 944,1048 969,1048 995,1048 1020,1048 1046,1047 1071,1047 1097,1047 1122,1047 1147,1047 1173,1047 1198,1047 1224,1046 1249,1046 1275,1046 1300,1047 1326,1047"/>
                <TextEquiv>
                    <Unicode>ó fortuna tan adversa!</Unicode>
                </TextEquiv>
            </TextLine>
            <TextLine id="r3l17" custom="readingOrder {index:16;}">
                <Coords points="869,1107 895,1107 921,1107 948,1106 974,1106 1001,1106 1027,1106 1054,1106 1080,1106 1107,1106 1133,1106 1159,1106 1186,1106 1212,1106 1239,1107 1265,1107 1292,1107 1318,1107 1345,1107 1371,1108 1398,1108 1398,1074 1371,1074 1345,1073 1318,1073 1292,1073 1265,1073 1239,1073 1212,1072 1186,1072 1159,1072 1133,1072 1107,1072 1080,1072 1054,1072 1027,1072 1001,1072 974,1072 948,1072 921,1073 895,1073 869,1073"/>
                <Baseline points="869,1096 895,1096 921,1096 948,1095 974,1095 1001,1095 1027,1095 1054,1095 1080,1095 1107,1095 1133,1095 1159,1095 1186,1095 1212,1095 1239,1096 1265,1096 1292,1096 1318,1096 1345,1096 1371,1097 1398,1097"/>
                <TextEquiv>
                    <Unicode>á donde hallaré yo alivio;</Unicode>
                </TextEquiv>
            </TextLine>
            <TextLine id="r3l18" custom="readingOrder {index:17;}">
                <Coords points="874,1154 899,1154 925,1155 950,1155 976,1155 1002,1155 1027,1154 1053,1154 1079,1154 1104,1154 1130,1154 1156,1154 1181,1154 1207,1154 1233,1154 1258,1154 1284,1154 1310,1154 1335,1154 1361,1154 1387,1155 1387,1121 1361,1120 1335,1120 1310,1120 1284,1120 1258,1120 1233,1120 1207,1120 1181,1120 1156,1120 1130,1120 1104,1120 1079,1120 1053,1120 1027,1120 1002,1121 976,1121 950,1121 925,1121 899,1120 874,1120"/>
                <Baseline points="874,1143 899,1143 925,1144 950,1144 976,1144 1002,1144 1027,1143 1053,1143 1079,1143 1104,1143 1130,1143 1156,1143 1181,1143 1207,1143 1233,1143 1258,1143 1284,1143 1310,1143 1335,1143 1361,1143 1387,1144"/>
                <TextEquiv>
                    <Unicode>en tanto tropel de penas?</Unicode>
                </TextEquiv>
            </TextLine>
            <TextLine id="r3l19" custom="readingOrder {index:18;}">
                <Coords points="871,1203 896,1203 921,1203 946,1203 971,1203 996,1203 1021,1203 1047,1202 1072,1202 1097,1202 1122,1202 1147,1202 1172,1202 1197,1203 1223,1203 1248,1203 1273,1204 1298,1204 1323,1205 1348,1206 1374,1208 1374,1174 1348,1172 1323,1171 1298,1170 1273,1170 1248,1169 1223,1169 1197,1169 1172,1168 1147,1168 1122,1168 1097,1168 1072,1168 1047,1168 1021,1169 996,1169 971,1169 946,1169 921,1169 896,1169 871,1169"/>
                <Baseline points="871,1192 896,1192 921,1192 946,1192 971,1192 996,1192 1021,1192 1047,1191 1072,1191 1097,1191 1122,1191 1147,1191 1172,1191 1197,1192 1223,1192 1248,1192 1273,1193 1298,1193 1323,1194 1348,1195 1374,1197"/>
                <TextEquiv>
                    <Unicode>Ya no tendré yo sosiego,</Unicode>
                </TextEquiv>
            </TextLine>
            <TextLine id="r3l20" custom="readingOrder {index:19;}">
                <Coords points="867,1253 893,1252 919,1252 945,1252 971,1251 997,1251 1023,1251 1049,1251 1075,1251 1101,1250 1127,1250 1153,1250 1179,1250 1205,1250 1231,1251 1257,1251 1283,1251 1309,1251 1335,1252 1361,1253 1361,1220 1335,1219 1309,1218 1283,1218 1257,1218 1231,1218 1205,1217 1179,1217 1153,1217 1127,1217 1101,1217 1075,1218 1049,1218 1023,1218 997,1218 971,1218 945,1219 919,1219 893,1219 867,1220"/>
                <Baseline points="867,1242 893,1241 919,1241 945,1241 971,1240 997,1240 1023,1240 1049,1240 1075,1240 1101,1239 1127,1239 1153,1239 1179,1239 1205,1239 1231,1240 1257,1240 1283,1240 1309,1240 1335,1241 1361,1242"/>
                <TextEquiv>
                    <Unicode>hasta que de cierto sepa</Unicode>
                </TextEquiv>
            </TextLine>
            <TextLine id="r3l21" custom="readingOrder {index:20;}">
                <Coords points="877,1301 902,1301 928,1301 953,1301 979,1301 1004,1300 1030,1300 1055,1300 1081,1300 1106,1300 1132,1300 1157,1300 1183,1300 1208,1299 1234,1299 1259,1299 1285,1299 1310,1299 1336,1299 1361,1299 1387,1299 1387,1266 1361,1266 1336,1266 1310,1266 1285,1266 1259,1266 1234,1266 1208,1266 1183,1267 1157,1267 1132,1267 1106,1267 1081,1267 1055,1267 1030,1267 1004,1267 979,1268 953,1268 928,1268 902,1268 877,1268"/>
                <Baseline points="877,1290 902,1290 928,1290 953,1290 979,1290 1004,1289 1030,1289 1055,1289 1081,1289 1106,1289 1132,1289 1157,1289 1183,1289 1208,1288 1234,1288 1259,1288 1285,1288 1310,1288 1336,1288 1361,1288 1387,1288"/>
                <TextEquiv>
                    <Unicode>quien fueron los alevosos</Unicode>
                </TextEquiv>
            </TextLine>
            <TextLine id="r3l22" custom="readingOrder {index:21;}">
                <Coords points="872,1349 904,1349 937,1349 969,1348 1002,1348 1034,1348 1067,1348 1099,1348 1132,1348 1164,1348 1197,1348 1229,1348 1262,1348 1294,1348 1327,1348 1359,1348 1392,1348 1424,1348 1457,1348 1489,1348 1522,1348 1522,1314 1489,1314 1457,1314 1424,1314 1392,1314 1359,1314 1327,1314 1294,1314 1262,1314 1229,1314 1197,1314 1164,1314 1132,1314 1099,1314 1067,1314 1034,1314 1002,1314 969,1314 937,1315 904,1315 872,1315"/>
                <Baseline points="872,1338 904,1338 937,1338 969,1337 1002,1337 1034,1337 1067,1337 1099,1337 1132,1337 1164,1337 1197,1337 1229,1337 1262,1337 1294,1337 1327,1337 1359,1337 1392,1337 1424,1337 1457,1337 1489,1337 1522,1337"/>
                <TextEquiv>
                    <Unicode>que con tan grande inclemencia</Unicode>
                </TextEquiv>
            </TextLine>
            <TextLine id="r3l23" custom="readingOrder {index:22;}">
                <Coords points="875,1397 904,1397 933,1397 963,1396 992,1396 1022,1396 1051,1396 1080,1396 1110,1396 1139,1396 1169,1396 1198,1396 1228,1396 1257,1396 1286,1396 1316,1396 1345,1397 1375,1397 1404,1397 1434,1397 1434,1363 1404,1363 1375,1363 1345,1363 1316,1362 1286,1362 1257,1362 1228,1362 1198,1362 1169,1362 1139,1362 1110,1362 1080,1362 1051,1362 1022,1362 992,1362 963,1362 933,1363 904,1363 875,1363"/>
                <Baseline points="875,1386 904,1386 933,1386 963,1385 992,1385 1022,1385 1051,1385 1080,1385 1110,1385 1139,1385 1169,1385 1198,1385 1228,1385 1257,1385 1286,1385 1316,1385 1345,1386 1375,1386 1404,1386 1434,1386"/>
                <TextEquiv>
                    <Unicode>á don Pedro dieron muerte.</Unicode>
                </TextEquiv>
            </TextLine>
            <TextLine id="r3l24" custom="readingOrder {index:23;}">
                <Coords points="875,1445 902,1445 930,1445 958,1445 986,1445 1013,1445 1041,1445 1069,1445 1097,1445 1124,1445 1152,1444 1180,1444 1208,1444 1235,1444 1263,1444 1291,1444 1319,1444 1346,1444 1374,1445 1402,1445 1430,1446 1430,1412 1402,1411 1374,1411 1346,1410 1319,1410 1291,1410 1263,1410 1235,1410 1208,1410 1180,1410 1152,1410 1124,1411 1097,1411 1069,1411 1041,1411 1013,1411 986,1411 958,1411 930,1411 902,1411 875,1411"/>
                <Baseline points="875,1434 902,1434 930,1434 958,1434 986,1434 1013,1434 1041,1434 1069,1434 1097,1434 1124,1434 1152,1433 1180,1433 1208,1433 1235,1433 1263,1433 1291,1433 1319,1433 1346,1433 1374,1434 1402,1434 1430,1435"/>
                <TextEquiv>
                    <Unicode>Toda en lágrimas deshecha</Unicode>
                </TextEquiv>
            </TextLine>
            <TextLine id="r3l25" custom="readingOrder {index:24;}">
                <Coords points="883,1493 908,1494 933,1494 959,1494 984,1493 1010,1493 1035,1493 1061,1493 1086,1493 1112,1493 1137,1493 1162,1493 1188,1492 1213,1492 1239,1492 1264,1493 1290,1493 1315,1493 1341,1493 1366,1493 1392,1494 1392,1460 1366,1459 1341,1459 1315,1459 1290,1459 1264,1459 1239,1458 1213,1458 1188,1458 1162,1459 1137,1459 1112,1459 1086,1459 1061,1459 1035,1459 1010,1459 984,1459 959,1460 933,1460 908,1460 883,1459"/>
                <Baseline points="883,1482 908,1483 933,1483 959,1483 984,1482 1010,1482 1035,1482 1061,1482 1086,1482 1112,1482 1137,1482 1162,1482 1188,1481 1213,1481 1239,1481 1264,1482 1290,1482 1315,1482 1341,1482 1366,1482 1392,1483"/>
                <TextEquiv>
                    <Unicode>jura que se ha de vengar</Unicode>
                </TextEquiv>
            </TextLine>
            <TextLine id="r3l26" custom="readingOrder {index:25;}">
                <Coords points="875,1541 900,1541 926,1542 951,1542 977,1542 1002,1542 1028,1542 1054,1542 1079,1541 1105,1541 1130,1541 1156,1541 1181,1541 1207,1541 1233,1541 1258,1541 1284,1541 1309,1541 1335,1542 1361,1543 1361,1509 1335,1508 1309,1507 1284,1507 1258,1507 1233,1507 1207,1507 1181,1507 1156,1507 1130,1507 1105,1507 1079,1507 1054,1508 1028,1508 1002,1508 977,1508 951,1508 926,1508 900,1507 875,1507"/>
                <Baseline points="875,1530 900,1530 926,1531 951,1531 977,1531 1002,1531 1028,1531 1054,1531 1079,1530 1105,1530 1130,1530 1156,1530 1181,1530 1207,1530 1233,1530 1258,1530 1284,1530 1309,1530 1335,1531 1361,1532"/>
                <TextEquiv>
                    <Unicode>á pesar de las estrellas.</Unicode>
                </TextEquiv>
            </TextLine>
            <TextLine id="r3l27" custom="readingOrder {index:26;}">
                <Coords points="882,1590 908,1591 934,1590 960,1590 986,1590 1013,1590 1039,1590 1065,1590 1091,1589 1117,1589 1144,1589 1170,1589 1196,1589 1222,1589 1248,1589 1275,1589 1301,1590 1327,1591 1353,1592 1380,1593 1380,1559 1353,1558 1327,1557 1301,1556 1275,1555 1248,1555 1222,1555 1196,1555 1170,1555 1144,1555 1117,1555 1091,1555 1065,1556 1039,1556 1013,1556 986,1556 960,1556 934,1556 908,1557 882,1556"/>
                <Baseline points="882,1579 908,1580 934,1579 960,1579 986,1579 1013,1579 1039,1579 1065,1579 1091,1578 1117,1578 1144,1578 1170,1578 1196,1578 1222,1578 1248,1578 1275,1578 1301,1579 1327,1580 1353,1581 1380,1582"/>
                <TextEquiv>
                    <Unicode>Se retiró á su aposento,</Unicode>
                </TextEquiv>
            </TextLine>
            <TextLine id="r3l28" custom="readingOrder {index:27;}">
                <Coords points="880,1639 905,1639 931,1639 957,1639 983,1639 1009,1638 1035,1638 1061,1638 1087,1638 1113,1637 1139,1637 1165,1637 1191,1637 1217,1637 1243,1638 1269,1638 1295,1639 1321,1639 1347,1641 1347,1607 1321,1605 1295,1605 1269,1604 1243,1604 1217,1603 1191,1603 1165,1603 1139,1603 1113,1603 1087,1604 1061,1604 1035,1604 1009,1604 983,1605 957,1605 931,1605 905,1605 880,1605"/>
                <Baseline points="880,1628 905,1628 931,1628 957,1628 983,1628 1009,1627 1035,1627 1061,1627 1087,1627 1113,1626 1139,1626 1165,1626 1191,1626 1217,1626 1243,1627 1269,1627 1295,1628 1321,1628 1347,1630"/>
                <TextEquiv>
                    <Unicode>como una leona fiera;</Unicode>
                </TextEquiv>
            </TextLine>
            <TextLine id="r3l29" custom="readingOrder {index:28;}">
                <Coords points="880,1686 905,1686 931,1687 957,1687 983,1687 1009,1687 1035,1687 1061,1687 1087,1687 1113,1686 1138,1686 1164,1686 1190,1686 1216,1686 1242,1686 1268,1686 1294,1687 1320,1688 1346,1689 1372,1690 1372,1656 1346,1655 1320,1654 1294,1653 1268,1652 1242,1652 1216,1652 1190,1652 1164,1652 1138,1652 1113,1652 1087,1653 1061,1653 1035,1653 1009,1653 983,1653 957,1653 931,1653 905,1652 880,1652"/>
                <Baseline points="880,1675 905,1675 931,1676 957,1676 983,1676 1009,1676 1035,1676 1061,1676 1087,1676 1113,1675 1138,1675 1164,1675 1190,1675 1216,1675 1242,1675 1268,1675 1294,1676 1320,1677 1346,1678 1372,1679"/>
                <TextEquiv>
                    <Unicode>se despoja de sus ropas,</Unicode>
                </TextEquiv>
            </TextLine>
            <TextLine id="r3l30" custom="readingOrder {index:29;}">
                <Coords points="877,1735 902,1735 927,1736 952,1736 978,1736 1003,1736 1028,1736 1053,1735 1079,1735 1104,1735 1129,1734 1154,1734 1180,1734 1205,1734 1230,1734 1255,1734 1281,1734 1306,1735 1331,1736 1356,1738 1382,1739 1382,1705 1356,1704 1331,1702 1306,1701 1281,1700 1255,1700 1230,1700 1205,1700 1180,1700 1154,1700 1129,1700 1104,1701 1079,1701 1053,1701 1028,1702 1003,1702 978,1702 952,1702 927,1702 902,1701 877,1701"/>
                <Baseline points="877,1724 902,1724 927,1725 952,1725 978,1725 1003,1725 1028,1725 1053,1724 1079,1724 1104,1724 1129,1723 1154,1723 1180,1723 1205,1723 1230,1723 1255,1723 1281,1723 1306,1724 1331,1725 1356,1727 1382,1728"/>
                <TextEquiv>
                    <Unicode>tomando capa y montera,</Unicode>
                </TextEquiv>
            </TextLine>
            <TextLine id="r3l31" custom="readingOrder {index:30;}">
                <Coords points="876,1784 901,1785 927,1784 953,1784 979,1784 1005,1784 1031,1783 1057,1783 1083,1782 1109,1782 1134,1782 1160,1782 1186,1782 1212,1782 1238,1782 1264,1783 1290,1784 1316,1785 1342,1786 1342,1752 1316,1751 1290,1750 1264,1749 1238,1748 1212,1748 1186,1748 1160,1748 1134,1748 1109,1748 1083,1748 1057,1749 1031,1749 1005,1750 979,1750 953,1750 927,1750 901,1751 876,1750"/>
                <Baseline points="876,1773 901,1774 927,1773 953,1773 979,1773 1005,1773 1031,1772 1057,1772 1083,1771 1109,1771 1134,1771 1160,1771 1186,1771 1212,1771 1238,1771 1264,1772 1290,1773 1316,1774 1342,1775"/>
                <TextEquiv>
                    <Unicode>un rico coleto de ante,</Unicode>
                </TextEquiv>
            </TextLine>
            <TextLine id="r3l32" custom="readingOrder {index:31;}">
                <Coords points="871,1833 896,1834 921,1834 946,1833 971,1833 996,1833 1021,1833 1046,1833 1071,1832 1096,1832 1121,1832 1146,1831 1171,1831 1196,1831 1221,1831 1246,1831 1271,1831 1296,1832 1321,1832 1346,1833 1372,1834 1372,1800 1346,1799 1321,1798 1296,1798 1271,1797 1246,1797 1221,1797 1196,1797 1171,1797 1146,1797 1121,1798 1096,1798 1071,1798 1046,1799 1021,1799 996,1799 971,1799 946,1799 921,1800 896,1800 871,1799"/>
                <Baseline points="871,1822 896,1823 921,1823 946,1822 971,1822 996,1822 1021,1822 1046,1822 1071,1821 1096,1821 1121,1821 1146,1820 1171,1820 1196,1820 1221,1820 1246,1820 1271,1820 1296,1821 1321,1821 1346,1822 1372,1823"/>
                <TextEquiv>
                    <Unicode>calzon y media de seda,</Unicode>
                </TextEquiv>
            </TextLine>
            <TextLine id="r3l33" custom="readingOrder {index:32;}">
                <Coords points="880,1882 905,1882 930,1882 955,1881 981,1881 1006,1881 1031,1881 1057,1880 1082,1880 1107,1880 1133,1879 1158,1879 1183,1879 1208,1879 1234,1879 1259,1879 1284,1880 1310,1880 1335,1881 1360,1881 1386,1882 1386,1848 1360,1847 1335,1847 1310,1846 1284,1846 1259,1845 1234,1845 1208,1845 1183,1845 1158,1845 1133,1845 1107,1846 1082,1846 1057,1846 1031,1847 1006,1847 981,1847 955,1847 930,1848 905,1848 880,1848"/>
                <Baseline points="880,1871 905,1871 930,1871 955,1870 981,1870 1006,1870 1031,1870 1057,1869 1082,1869 1107,1869 1133,1868 1158,1868 1183,1868 1208,1868 1234,1868 1259,1868 1284,1869 1310,1869 1335,1870 1360,1870 1386,1871"/>
                <TextEquiv>
                    <Unicode>una charpa de pistolas,</Unicode>
                </TextEquiv>
            </TextLine>
            <TextLine id="r3l34" custom="readingOrder {index:33;}">
                <Coords points="883,1930 911,1930 940,1930 969,1929 998,1929 1027,1929 1056,1929 1085,1929 1114,1928 1143,1928 1172,1928 1200,1928 1229,1928 1258,1928 1287,1928 1316,1928 1345,1928 1374,1928 1403,1928 1432,1928 1461,1928 1461,1894 1432,1894 1403,1894 1374,1894 1345,1894 1316,1894 1287,1894 1258,1894 1229,1894 1200,1894 1172,1894 1143,1894 1114,1894 1085,1895 1056,1895 1027,1895 998,1895 969,1895 940,1896 911,1896 883,1896"/>
                <Baseline points="883,1919 911,1919 940,1919 969,1918 998,1918 1027,1918 1056,1918 1085,1918 1114,1917 1143,1917 1172,1917 1200,1917 1229,1917 1258,1917 1287,1917 1316,1917 1345,1917 1374,1917 1403,1917 1432,1917 1461,1917"/>
                <TextEquiv>
                    <Unicode>tambien su espada y rodela:</Unicode>
                </TextEquiv>
            </TextLine>
            <TextLine id="r3l35" custom="readingOrder {index:34;}">
                <Coords points="874,1979 904,1979 934,1979 965,1978 995,1978 1026,1978 1056,1977 1087,1977 1117,1977 1148,1977 1178,1976 1209,1976 1239,1976 1270,1976 1300,1976 1331,1976 1361,1976 1392,1976 1422,1977 1453,1977 1453,1943 1422,1943 1392,1942 1361,1942 1331,1942 1300,1942 1270,1942 1239,1942 1209,1942 1178,1942 1148,1943 1117,1943 1087,1943 1056,1943 1026,1944 995,1944 965,1944 934,1945 904,1945 874,1945"/>
                <Baseline points="874,1968 904,1968 934,1968 965,1967 995,1967 1026,1967 1056,1966 1087,1966 1117,1966 1148,1966 1178,1965 1209,1965 1239,1965 1270,1965 1300,1965 1331,1965 1361,1965 1392,1965 1422,1966 1453,1966"/>
                <TextEquiv>
                    <Unicode>y un trabuco que pendiente</Unicode>
                </TextEquiv>
            </TextLine>
            <TextLine id="r3l36" custom="readingOrder {index:35;}">
                <Coords points="883,2026 908,2026 934,2027 960,2027 985,2027 1011,2027 1037,2027 1062,2026 1088,2026 1114,2026 1139,2025 1165,2025 1191,2025 1216,2024 1242,2024 1268,2024 1293,2025 1319,2025 1345,2026 1345,1992 1319,1991 1293,1991 1268,1990 1242,1990 1216,1990 1191,1991 1165,1991 1139,1991 1114,1992 1088,1992 1062,1992 1037,1993 1011,1993 985,1993 960,1993 934,1993 908,1992 883,1992"/>
                <Baseline points="883,2015 908,2015 934,2016 960,2016 985,2016 1011,2016 1037,2016 1062,2015 1088,2015 1114,2015 1139,2014 1165,2014 1191,2014 1216,2013 1242,2013 1268,2013 1293,2014 1319,2014 1345,2015"/>
                <TextEquiv>
                    <Unicode>de su cintura lo lleva.</Unicode>
                </TextEquiv>
            </TextLine>
            <TextLine id="r3l37" custom="readingOrder {index:36;}">
                <Coords points="880,2077 909,2077 938,2077 967,2076 997,2076 1026,2076 1055,2076 1085,2075 1114,2075 1143,2074 1173,2074 1202,2074 1231,2073 1260,2073 1290,2073 1319,2073 1348,2073 1378,2073 1407,2074 1436,2074 1466,2075 1466,2041 1436,2040 1407,2040 1378,2039 1348,2039 1319,2039 1290,2039 1260,2039 1231,2039 1202,2040 1173,2040 1143,2040 1114,2041 1085,2041 1055,2042 1026,2042 997,2042 967,2042 938,2043 909,2043 880,2043"/>
                <Baseline points="880,2066 909,2066 938,2066 967,2065 997,2065 1026,2065 1055,2065 1085,2064 1114,2064 1143,2063 1173,2063 1202,2063 1231,2062 1260,2062 1290,2062 1319,2062 1348,2062 1378,2062 1407,2063 1436,2063 1466,2064"/>
                <TextEquiv>
                    <Unicode>Luego partió á un contador.</Unicode>
                </TextEquiv>
            </TextLine>
            <TextLine id="r3l38" custom="readingOrder {index:37;}">
                <Coords points="883,2128 908,2126 934,2125 959,2124 985,2123 1010,2123 1036,2123 1061,2122 1087,2123 1112,2123 1138,2123 1163,2123 1189,2123 1214,2123 1240,2123 1265,2123 1291,2123 1317,2122 1317,2089 1291,2090 1265,2090 1240,2090 1214,2090 1189,2090 1163,2090 1138,2090 1112,2090 1087,2090 1061,2089 1036,2090 1010,2090 985,2090 959,2091 934,2092 908,2093 883,2095"/>
                <Baseline points="883,2117 908,2115 934,2114 959,2113 985,2112 1010,2112 1036,2112 1061,2111 1087,2112 1112,2112 1138,2112 1163,2112 1189,2112 1214,2112 1240,2112 1265,2112 1291,2112 1317,2111"/>
                <TextEquiv>
                    <Unicode>y sacó de una gabeta</Unicode>
                </TextEquiv>
            </TextLine>
            <TextLine id="r3l39" custom="readingOrder {index:38;}">
                <Coords points="879,2174 905,2173 932,2173 958,2172 985,2172 1012,2171 1038,2171 1065,2171 1091,2170 1118,2170 1145,2170 1171,2170 1198,2170 1224,2170 1251,2170 1278,2170 1304,2170 1331,2170 1357,2169 1384,2169 1411,2169 1411,2136 1384,2136 1357,2136 1331,2137 1304,2137 1278,2137 1251,2137 1224,2137 1198,2137 1171,2137 1145,2137 1118,2137 1091,2137 1065,2138 1038,2138 1012,2138 985,2139 958,2139 932,2140 905,2140 879,2141"/>
                <Baseline points="879,2163 905,2162 932,2162 958,2161 985,2161 1012,2160 1038,2160 1065,2160 1091,2159 1118,2159 1145,2159 1171,2159 1198,2159 1224,2159 1251,2159 1278,2159 1304,2159 1331,2159 1357,2158 1384,2158 1411,2158"/>
                <TextEquiv>
                    <Unicode>hasta doscientos doblones</Unicode>
                </TextEquiv>
            </TextLine>
            <TextLine id="r3l40" custom="readingOrder {index:39;}">
                <Coords points="879,2225 907,2223 935,2222 963,2221 991,2220 1019,2220 1047,2219 1075,2219 1103,2219 1131,2219 1160,2218 1188,2218 1216,2218 1244,2218 1272,2218 1300,2219 1328,2219 1356,2219 1384,2219 1412,2219 1441,2219 1441,2186 1412,2186 1384,2186 1356,2186 1328,2186 1300,2186 1272,2185 1244,2185 1216,2185 1188,2185 1160,2185 1131,2186 1103,2186 1075,2186 1047,2186 1019,2187 991,2187 963,2188 935,2189 907,2190 879,2192"/>
                <Baseline points="879,2214 907,2212 935,2211 963,2210 991,2209 1019,2209 1047,2208 1075,2208 1103,2208 1131,2208 1160,2207 1188,2207 1216,2207 1244,2207 1272,2207 1300,2208 1328,2208 1356,2208 1384,2208 1412,2208 1441,2208"/>
                <TextEquiv>
                    <Unicode>y se ausento de Valencia.</Unicode>
                </TextEquiv>
            </TextLine>
            <TextLine id="r3l41" custom="readingOrder {index:40;}">
                <Coords points="883,2270 912,2270 942,2270 972,2269 1002,2269 1032,2269 1061,2268 1091,2268 1121,2268 1151,2268 1181,2267 1210,2267 1240,2267 1270,2267 1300,2267 1330,2267 1359,2267 1389,2267 1419,2267 1449,2268 1479,2268 1479,2235 1449,2235 1419,2234 1389,2234 1359,2234 1330,2234 1300,2234 1270,2234 1240,2234 1210,2234 1181,2234 1151,2235 1121,2235 1091,2235 1061,2235 1032,2236 1002,2236 972,2236 942,2237 912,2237 883,2237"/>
                <Baseline points="883,2259 912,2259 942,2259 972,2258 1002,2258 1032,2258 1061,2257 1091,2257 1121,2257 1151,2257 1181,2256 1210,2256 1240,2256 1270,2256 1300,2256 1330,2256 1359,2256 1389,2256 1419,2256 1449,2257 1479,2257"/>
                <TextEquiv>
                    <Unicode>Entre unos montes se oculta;</Unicode>
                </TextEquiv>
            </TextLine>
            <TextLine id="r3l42" custom="readingOrder {index:41;}">
                <Coords points="878,2324 905,2323 932,2321 960,2320 987,2320 1015,2319 1042,2318 1069,2318 1097,2317 1124,2317 1152,2317 1179,2317 1206,2317 1234,2317 1261,2317 1289,2317 1316,2317 1343,2317 1371,2317 1398,2318 1426,2318 1426,2284 1398,2284 1371,2283 1343,2283 1316,2283 1289,2283 1261,2283 1234,2283 1206,2283 1179,2283 1152,2283 1124,2283 1097,2283 1069,2284 1042,2284 1015,2285 987,2286 960,2286 932,2287 905,2289 878,2290"/>
                <Baseline points="878,2313 905,2312 932,2310 960,2309 987,2309 1015,2308 1042,2307 1069,2307 1097,2306 1124,2306 1152,2306 1179,2306 1206,2306 1234,2306 1261,2306 1289,2306 1316,2306 1343,2306 1371,2306 1398,2307 1426,2307"/>
                <TextEquiv>
                    <Unicode>y de noche dando vueltas,</Unicode>
                </TextEquiv>
            </TextLine>
            <TextEquiv>
                <Unicode>Y como un leon herido
sacó la espada, y con ella
á los dos acometió;
pero poco le aprovecha,
que se escaparon huyendo,
y el triste jóven dió en tierra,
diciendo: difunto soy, 
perdonarme amada prenda.
Esta voz que oyó la dama,
cayó amortecida en tierra;
y volviendo del letargo
decia de esta manera;
qué es esto que me sucede?
cielos que desgracia es esta?
qué he de hacer, hay de mi taiste,
ó fortuna tan adversa!
á donde hallaré yo alivio;
en tanto tropel de penas?
Ya no tendré yo sosiego,
hasta que de cierto sepa
quien fueron los alevosos
que con tan grande inclemencia
á don Pedro dieron muerte.
Toda en lágrimas deshecha
jura que se ha de vengar
á pesar de las estrellas.
Se retiró á su aposento,
como una leona fiera;
se despoja de sus ropas,
tomando capa y montera,
un rico coleto de ante,
calzon y media de seda,
una charpa de pistolas,
tambien su espada y rodela:
y un trabuco que pendiente
de su cintura lo lleva.
Luego partió á un contador.
y sacó de una gabeta
hasta doscientos doblones
y se ausento de Valencia.
Entre unos montes se oculta;
y de noche dando vueltas,</Unicode>
            </TextEquiv>
        </TextRegion>
    </Page>
</PcGts>
