1765 2512
148 266 630 303 muchas veces el callar,
147 315 775 351 que el que no habla no yerra!
145 363 673 398 Bien sastifecha del caso
143 412 587 447 se quedó Doña Josefa
141 460 535 495 y apenas amaneció
143 508 595 543 hizo vivas diligencias
141 557 663 593 por descubrirlos, y al fin
141 606 674 640 en la playa los encuentra.
144 652 678 689 Cuando los tuvo presentes
143 702 653 737 les dice de esta manera:
148 750 638 786 me conoceis, caballeros?
146 798 620 834 sabed soy Doña Josefa
143 846 719 882 aquella á quien agraviasteis
142 895 654 932 en la ciudad de Valencia;
139 943 704 979 vengo á tomar la venganza
146 993 664 1030 por D. Pedro Valenzuela,
152 1041 807 1076 que habiendo muerto mi amante
141 1089 723 1125 poco importa que yo muera.
148 1138 694 1176 Sacan los tres las espadas,
146 1186 640 1223 á la batalla se aprestan,
137 1234 607 1270 y á dos idas y venidas
144 1283 608 1318 le alcanzó Doña Josefa
146 1330 633 1366 al Valiente D. Leonardo
144 1379 620 1417 una estocada tan recia,
152 1428 672 1466 que lo pasó por el pecho,
143 1476 796 1512 dando con su cuerpo en tierra.
146 1524 650 1561 Esto que vió D. Gaspar.
142 1573 628 1609 cerró con Doña Josefa;
143 1621 621 1656 mas poco le aprovechó
140 1670 761 1705 porque ella con gran destreza
148 1718 606 1754 le quitó de la cintura
143 1767 630 1801 una almarada y con ella
140 1814 608 1853 lo pasó por el costado,
139 1863 702 1901 y ambos difuntos los deja.
130 1911 592 1949 Se alborotó la ciudad,
141 1962 693 1997 y acudió con gran presteza
145 2011 587 2046 el señor gobernador.
840 129 870 283 4
869 255 1325 296 para llevársela presa.
874 306 1359 342 Mas ella con arrogancia
875 353 1350 389 dijo: sepa Vuescelencia
874 401 1456 439 que mi espada á nadie teme,
872 450 1408 487 aunque un ejército venga,
873 498 1414 535 dijo; y chocando con ellos,
874 546 1444 584 á uno emprende y atro deja;
873 594 1324 631 tres ministros le mató
869 643 1439 682 y en medio de esta refriega
872 692 1441 729 se le ha quebrado la espada,
867 742 1389 781 y echó mano con presteza
875 790 1294 825 al trabuco que tenía;
871 837 1448 874 y á barrer la calle empieza.
872 885 1366 921 Tan buena traza se daba
874 934 1336 971 á disparar que se lleva
871 983 1348 1019 dos ó tres de cada tiro
871 1032 1329 1070 y la calle le franquean
867 1082 1399 1116 con que llegó á refugiarse
868 1128 1412 1165 dentro mismo de la iglesia
865 1176 1328 1214 del Seráfico Francisco,
863 1225 1402 1261 en donde á curarse queda
868 1273 1378 1309 dos balazos, pues llevaba
865 1321 1451 1359 muy mal herida una pierna.
867 1370 1398 1407 Buena ya de su accidente,
867 1419 1399 1456 pidió á los padres licencia
867 1467 1351 1505 para salir del convento,
871 1516 1319 1552 suplicando le trajeran
871 1563 1289 1600 el caballo que tenia
874 1612 1358 1649 en un meson allí cerca.
873 1660 1377 1698 Sin ser, de nadie sentida
872 1710 1330 1747 se salió de Cartagena.
871 1758 1408 1795 Y ahora Pedro de Fuentes
863 1807 1356 1845 á aquesta plana primera
868 1856 1395 1894 da fin, y en otra segunda
867 1904 1318 1942 dará noticias enteras,
864 1954 1346 1993 en lo que vino á parar
857 2004 1371 2045 la hermosa Doña Josefa.
