<?xml version="1.0" encoding="UTF-8" standalone="yes"?>
<PcGts xmlns="http://schema.primaresearch.org/PAGE/gts/pagecontent/2013-07-15" xmlns:xsi="http://www.w3.org/2001/XMLSchema-instance" xsi:schemaLocation="http://schema.primaresearch.org/PAGE/gts/pagecontent/2013-07-15 http://schema.primaresearch.org/PAGE/gts/pagecontent/2013-07-15/pagecontent.xsd">
    <Metadata>
        <Creator>prov=University of Rostock/Institute of Mathematics/CITlab|PLANET AI GmbH/Gundram Leifert/gundram.leifert@planet-ai.de:name=Pliegos de Cordel (XIXe) - v3(htr_id=26984)::::v=2.6.7
prov=University of Rostock/Institute of Mathematics/CITlab|PLANET AI GmbH/Tobias Gruening/tobias.gruening@planet-ai.de:name=de.uros.citlab.module.baseline2polygon.B2PSeamMultiOriented:v=2.6.7
prov=University of Rostock/Institute of Mathematics/CITlab|PLANET AI GmbH/Tobias Gruening/tobias.gruening@planet-ai.de:name=/net_tf/LA73_249_0mod360.pb:de.uros.citlab.segmentation.CITlab_LA_ML:v=2.6.7
Transkribus</Creator>
        <Created>2020-10-21T15:26:49.814+02:00</Created>
        <LastChange>2020-10-22T14:38:47.458+02:00</LastChange>
        <TranskribusMetadata docId="523010" pageId="22257135" pageNr="43" tsid="46598329" status="DONE" userId="66244" imgUrl="https://files.transkribus.eu/Get?id=UBKXHIIMJMGEMSUVMKXWAYQD&amp;fileType=view" xmlUrl="https://files.transkribus.eu/Get?id=KQIESMKTLWHXOGEIPBGJIWHZ" imageId="17335537"/>
    </Metadata>
    <Page imageFilename="Moreno_020_3.jpg" imageWidth="1737" imageHeight="2508">
        <ReadingOrder>
            <OrderedGroup id="ro_1606487418913" caption="Regions reading order">
                <RegionRefIndexed index="0" regionRef="r1"/>
                <RegionRefIndexed index="1" regionRef="r2"/>
                <RegionRefIndexed index="2" regionRef="r3"/>
            </OrderedGroup>
        </ReadingOrder>
        <TextRegion orientation="0.0" id="r1" custom="readingOrder {index:0;}">
            <Coords points="227,233 227,2258 928,2258 928,233"/>
            <TextLine id="r1l1" custom="readingOrder {index:0;}">
                <Coords points="232,273 257,273 283,273 309,272 335,272 361,271 387,271 413,270 439,270 465,269 491,269 517,268 543,268 569,267 595,267 621,267 647,267 673,267 699,267 725,267 725,233 699,233 673,233 647,233 621,233 595,233 569,233 543,234 517,234 491,235 465,235 439,236 413,236 387,237 361,237 335,238 309,238 283,239 257,239 232,239"/>
                <Baseline points="232,262 257,262 283,262 309,261 335,261 361,260 387,260 413,259 439,259 465,258 491,258 517,257 543,257 569,256 595,256 621,256 647,256 673,256 699,256 725,256"/>
                <TextEquiv>
                    <Unicode>iba á las casas de juego,</Unicode>
                </TextEquiv>
            </TextLine>
            <TextLine id="r1l2" custom="readingOrder {index:1;}">
                <Coords points="231,320 257,320 283,320 310,320 336,320 362,319 389,319 415,318 441,318 468,317 494,316 520,316 547,315 573,315 599,315 626,315 652,315 678,315 705,316 705,282 678,281 652,281 626,281 599,281 573,281 547,281 520,282 494,282 468,283 441,284 415,284 389,285 362,285 336,286 310,286 283,286 257,286 231,286"/>
                <Baseline points="231,309 257,309 283,309 310,309 336,309 362,308 389,308 415,307 441,307 468,306 494,305 520,305 547,304 573,304 599,304 626,304 652,304 678,304 705,305"/>
                <TextEquiv>
                    <Unicode>donde todo se conversa.</Unicode>
                </TextEquiv>
            </TextLine>
            <TextLine id="r1l3" custom="readingOrder {index:2;}">
                <Coords points="227,368 253,369 280,369 307,369 333,368 360,368 387,368 413,367 440,366 467,366 494,365 520,365 547,364 574,363 600,363 627,363 654,363 680,363 707,363 734,364 761,365 761,331 734,330 707,329 680,329 654,329 627,329 600,329 574,329 547,330 520,331 494,331 467,332 440,332 413,333 387,334 360,334 333,334 307,335 280,335 253,335 227,334"/>
                <Baseline points="227,357 253,358 280,358 307,358 333,357 360,357 387,357 413,356 440,355 467,355 494,354 520,354 547,353 574,352 600,352 627,352 654,352 680,352 707,352 734,353 761,354"/>
                <TextEquiv>
                    <Unicode>Jugando estaba una noche,</Unicode>
                </TextEquiv>
            </TextLine>
            <TextLine id="r1l4" custom="readingOrder {index:3;}">
                <Coords points="232,417 258,417 284,417 310,416 336,416 362,416 388,415 415,415 441,414 467,414 493,413 519,413 545,413 572,412 598,412 624,412 650,412 676,412 702,412 729,413 729,379 702,378 676,378 650,378 624,378 598,378 572,378 545,379 519,379 493,379 467,380 441,380 415,381 388,381 362,382 336,382 310,382 284,383 258,383 232,383"/>
                <Baseline points="232,406 258,406 284,406 310,405 336,405 362,405 388,404 415,404 441,403 467,403 493,402 519,402 545,402 572,401 598,401 624,401 650,401 676,401 702,401 729,402"/>
                <TextEquiv>
                    <Unicode>y otros señores con ella,</Unicode>
                </TextEquiv>
            </TextLine>
            <TextLine id="r1l5" custom="readingOrder {index:4;}">
                <Coords points="227,467 257,466 287,466 317,465 347,465 378,464 408,464 438,463 468,462 498,462 529,461 559,460 589,460 619,460 649,460 680,459 710,460 740,460 770,460 800,461 831,461 831,427 800,427 770,426 740,426 710,426 680,425 649,426 619,426 589,426 559,426 529,427 498,428 468,428 438,429 408,430 378,430 347,431 317,431 287,432 257,432 227,433"/>
                <Baseline points="227,456 257,455 287,455 317,454 347,454 378,453 408,453 438,452 468,451 498,451 529,450 559,449 589,449 619,449 649,449 680,448 710,449 740,449 770,449 800,450 831,450"/>
                <TextEquiv>
                    <Unicode>sin saber con quien hablaban,</Unicode>
                </TextEquiv>
            </TextLine>
            <TextLine id="r1l6" custom="readingOrder {index:5;}">
                <Coords points="233,514 258,514 283,514 308,514 333,513 358,513 383,512 408,512 433,511 458,511 483,511 508,510 533,510 558,509 583,509 608,509 633,508 658,508 683,508 708,508 734,509 734,475 708,474 683,474 658,474 633,474 608,475 583,475 558,475 533,476 508,476 483,477 458,477 433,477 408,478 383,478 358,479 333,479 308,480 283,480 258,480 233,480"/>
                <Baseline points="233,503 258,503 283,503 308,503 333,502 358,502 383,501 408,501 433,500 458,500 483,500 508,499 533,499 558,498 583,498 608,498 633,497 658,497 683,497 708,497 734,498"/>
                <TextEquiv>
                    <Unicode>del caso le dieron cuenta.</Unicode>
                </TextEquiv>
            </TextLine>
            <TextLine id="r1l7" custom="readingOrder {index:6;}">
                <Coords points="239,562 267,562 295,562 323,561 351,561 379,561 407,561 435,560 463,560 491,560 520,559 548,559 576,558 604,558 632,558 660,557 688,557 716,557 744,557 772,556 801,556 801,522 772,522 744,523 716,523 688,523 660,523 632,524 604,524 576,524 548,525 520,525 491,526 463,526 435,526 407,527 379,527 351,527 323,527 295,528 267,528 239,528"/>
                <Baseline points="239,551 267,551 295,551 323,550 351,550 379,550 407,550 435,549 463,549 491,549 520,548 548,548 576,547 604,547 632,547 660,546 688,546 716,546 744,546 772,545 801,545"/>
                <TextEquiv>
                    <Unicode>Dicen: con que D, Leonardo</Unicode>
                </TextEquiv>
            </TextLine>
            <TextLine id="r1l8" custom="readingOrder {index:7;}">
                <Coords points="233,614 258,613 284,612 309,612 335,611 361,610 386,610 412,609 438,609 463,608 489,608 515,607 540,607 566,607 592,606 617,606 643,606 669,606 694,606 720,606 746,606 746,572 720,572 694,572 669,572 643,572 617,572 592,572 566,573 540,573 515,573 489,574 463,574 438,575 412,575 386,576 361,576 335,577 309,578 284,578 258,579 233,580"/>
                <Baseline points="233,603 258,602 284,601 309,601 335,600 361,599 386,599 412,598 438,598 463,597 489,597 515,596 540,596 566,596 592,595 617,595 643,595 669,595 694,595 720,595 746,595"/>
                <TextEquiv>
                    <Unicode>y D. Gespar de Contreras</Unicode>
                </TextEquiv>
            </TextLine>
            <TextLine id="r1l9" custom="readingOrder {index:8;}">
                <Coords points="234,661 259,660 285,659 310,658 336,658 361,657 387,657 412,657 438,657 463,657 489,656 514,656 540,656 565,656 591,655 616,654 642,653 668,653 668,619 642,619 616,620 591,621 565,622 540,622 514,622 489,622 463,623 438,623 412,623 387,623 361,623 336,624 310,624 285,625 259,626 234,627"/>
                <Baseline points="234,650 259,649 285,648 310,647 336,647 361,646 387,646 412,646 438,646 463,646 489,645 514,645 540,645 565,645 591,644 616,643 642,642 668,642"/>
                <TextEquiv>
                    <Unicode>salieron ya con sigilo</Unicode>
                </TextEquiv>
            </TextLine>
            <TextLine id="r1l10" custom="readingOrder {index:9;}">
                <Coords points="238,708 264,707 290,707 316,706 342,706 368,705 394,705 421,705 447,704 473,704 499,704 525,703 551,703 578,703 604,703 630,703 656,703 682,702 708,702 735,702 735,668 708,668 682,668 656,669 630,669 604,669 578,669 551,669 525,669 499,670 473,670 447,670 421,671 394,671 368,671 342,672 316,672 290,673 264,673 238,674"/>
                <Baseline points="238,697 264,696 290,696 316,695 342,695 368,694 394,694 421,694 447,693 473,693 499,693 525,692 551,692 578,692 604,692 630,692 656,692 682,691 708,691 735,691"/>
                <TextEquiv>
                    <Unicode>de la ciudad de Valencia?</Unicode>
                </TextEquiv>
            </TextLine>
            <TextLine id="r1l11" custom="readingOrder {index:10;}">
                <Coords points="235,756 260,756 286,756 312,756 337,755 363,755 389,754 414,754 440,753 466,753 491,752 517,752 543,752 568,751 594,751 620,751 645,751 671,751 697,751 697,717 671,717 645,717 620,717 594,717 568,717 543,718 517,718 491,718 466,719 440,719 414,720 389,720 363,721 337,721 312,722 286,722 260,722 235,722"/>
                <Baseline points="235,745 260,745 286,745 312,745 337,744 363,744 389,743 414,743 440,742 466,742 491,741 517,741 543,741 568,740 594,740 620,740 645,740 671,740 697,740"/>
                <TextEquiv>
                    <Unicode>Doña Josefa responde,</Unicode>
                </TextEquiv>
            </TextLine>
            <TextLine id="r1l13" custom="readingOrder {index:11;}">
                <Coords points="250,804 275,804 300,804 325,804 350,804 375,803 400,803 425,803 450,802 475,802 501,801 526,801 551,801 576,800 601,800 626,799 651,799 676,799 701,798 727,798 727,764 701,764 676,765 651,765 626,765 601,766 576,766 551,767 526,767 501,767 475,768 450,768 425,769 400,769 375,769 350,770 325,770 300,770 275,770 250,770"/>
                <Baseline points="250,793 275,793 300,793 325,793 350,793 375,792 400,792 425,792 450,791 475,791 501,790 526,790 551,790 576,789 601,789 626,788 651,788 676,788 701,787 727,787"/>
                <TextEquiv>
                    <Unicode>pues que ocasion les molesta</Unicode>
                </TextEquiv>
            </TextLine>
            <TextLine id="r1l14" custom="readingOrder {index:12;}">
                <Coords points="244,853 269,853 294,852 319,852 344,852 370,851 395,851 420,851 445,850 470,850 496,850 521,849 546,849 571,849 596,848 622,848 647,848 672,848 697,848 723,848 723,814 697,814 672,814 647,814 622,814 596,814 571,815 546,815 521,815 496,816 470,816 445,816 420,817 395,817 370,817 344,818 319,818 294,818 269,819 244,819"/>
                <Baseline points="244,842 269,842 294,841 319,841 344,841 370,840 395,840 420,840 445,839 470,839 496,839 521,838 546,838 571,838 596,837 622,837 647,837 672,837 697,837 723,837"/>
                <TextEquiv>
                    <Unicode>á esos nobles caballeros</Unicode>
                </TextEquiv>
            </TextLine>
            <TextLine id="r1l15" custom="readingOrder {index:13;}">
                <Coords points="250,901 275,901 301,901 326,901 352,900 377,900 403,900 428,899 454,899 480,899 505,898 531,898 556,898 582,897 607,897 633,897 658,897 684,897 710,897 710,864 684,864 658,864 633,864 607,864 582,864 556,865 531,865 505,865 480,866 454,866 428,866 403,867 377,867 352,867 326,868 301,868 275,868 250,868"/>
                <Baseline points="250,890 275,890 301,890 326,890 352,889 377,889 403,889 428,888 454,888 480,888 505,887 531,887 556,887 582,886 607,886 633,886 658,886 684,886 710,886"/>
                <TextEquiv>
                    <Unicode>para salir de su tierra?</Unicode>
                </TextEquiv>
            </TextLine>
            <TextLine id="r1l16" custom="readingOrder {index:14;}">
                <Coords points="250,951 275,950 300,949 325,949 350,948 376,948 401,947 426,947 451,947 476,947 502,946 527,946 552,946 577,946 602,945 628,945 653,944 678,944 703,943 729,942 729,909 703,910 678,911 653,911 628,912 602,912 577,913 552,913 527,913 502,913 476,914 451,914 426,914 401,914 376,915 350,915 325,916 300,916 275,917 250,918"/>
                <Baseline points="250,940 275,939 300,938 325,938 350,937 376,937 401,936 426,936 451,936 476,936 502,935 527,935 552,935 577,935 602,934 628,934 653,933 678,933 703,932 729,931"/>
                <TextEquiv>
                    <Unicode>quizás irán algun pleito</Unicode>
                </TextEquiv>
            </TextLine>
            <TextLine id="r1l17" custom="readingOrder {index:15;}">
                <Coords points="241,996 270,996 300,996 330,996 360,996 390,996 419,995 449,995 479,995 509,995 539,994 568,994 598,994 628,993 658,993 688,993 717,993 747,992 777,992 807,992 837,992 837,959 807,959 777,959 747,959 717,960 688,960 658,960 628,960 598,961 568,961 539,961 509,962 479,962 449,962 419,962 390,963 360,963 330,963 300,963 270,963 241,963"/>
                <Baseline points="241,985 270,985 300,985 330,985 360,985 390,985 419,984 449,984 479,984 509,984 539,983 568,983 598,983 628,982 658,982 688,982 717,982 747,981 777,981 807,981 837,981"/>
                <TextEquiv>
                    <Unicode>de algunas de sus haciendas,</Unicode>
                </TextEquiv>
            </TextLine>
            <TextLine id="r1l18" custom="readingOrder {index:16;}">
                <Coords points="249,1044 278,1044 308,1044 337,1044 367,1044 396,1044 426,1044 455,1044 485,1043 514,1042 544,1042 574,1042 603,1041 633,1041 662,1041 692,1041 721,1041 751,1041 780,1041 810,1042 840,1043 840,1009 810,1008 780,1007 751,1007 721,1007 692,1007 662,1007 633,1007 603,1007 574,1008 544,1008 514,1008 485,1009 455,1010 426,1010 396,1010 367,1010 337,1010 308,1010 278,1010 249,1010"/>
                <Baseline points="249,1033 278,1033 308,1033 337,1033 367,1033 396,1033 426,1033 455,1033 485,1032 514,1031 544,1031 574,1031 603,1030 633,1030 662,1030 692,1030 721,1030 751,1030 780,1030 810,1031 840,1032"/>
                <TextEquiv>
                    <Unicode>que quien tiene mayorazgos,</Unicode>
                </TextEquiv>
            </TextLine>
            <TextLine id="r1l19" custom="readingOrder {index:17;}">
                <Coords points="247,1094 273,1094 299,1094 325,1093 351,1092 378,1092 404,1092 430,1091 456,1091 482,1091 509,1090 535,1090 561,1090 587,1090 613,1090 640,1090 666,1090 692,1090 718,1090 744,1090 771,1090 771,1056 744,1056 718,1056 692,1056 666,1056 640,1056 613,1056 587,1056 561,1056 535,1056 509,1056 482,1057 456,1057 430,1057 404,1058 378,1058 351,1058 325,1059 299,1060 273,1060 247,1060"/>
                <Baseline points="247,1083 273,1083 299,1083 325,1082 351,1081 378,1081 404,1081 430,1080 456,1080 482,1080 509,1079 535,1079 561,1079 587,1079 613,1079 640,1079 666,1079 692,1079 718,1079 744,1079 771,1079"/>
                <TextEquiv>
                    <Unicode>nunca les faltan quimeras.</Unicode>
                </TextEquiv>
            </TextLine>
            <TextLine id="r1l20" custom="readingOrder {index:18;}">
                <Coords points="249,1142 284,1142 320,1141 356,1141 391,1140 427,1140 463,1140 499,1140 534,1139 570,1139 606,1139 642,1138 677,1138 713,1138 749,1137 785,1137 820,1137 856,1136 892,1136 928,1135 928,1102 892,1103 856,1103 820,1104 785,1104 749,1104 713,1105 677,1105 642,1105 606,1106 570,1106 534,1106 499,1107 463,1107 427,1107 391,1107 356,1108 320,1108 284,1109 249,1109"/>
                <Baseline points="249,1131 284,1131 320,1130 356,1130 391,1129 427,1129 463,1129 499,1129 534,1128 570,1128 606,1128 642,1127 677,1127 713,1127 749,1126 785,1126 820,1126 856,1125 892,1125 928,1124"/>
                <TextEquiv>
                    <Unicode>No es mal pleito el que les siguen</Unicode>
                </TextEquiv>
            </TextLine>
            <TextLine id="r1l21" custom="readingOrder {index:19;}">
                <Coords points="260,1191 287,1190 315,1189 342,1189 370,1188 398,1188 425,1188 453,1188 480,1188 508,1188 536,1188 563,1187 591,1187 618,1187 646,1187 674,1186 701,1186 729,1185 756,1184 784,1183 812,1182 812,1149 784,1150 756,1151 729,1152 701,1153 674,1153 646,1154 618,1154 591,1154 563,1154 536,1155 508,1155 480,1155 453,1155 425,1155 398,1155 370,1155 342,1156 315,1156 287,1157 260,1158"/>
                <Baseline points="260,1180 287,1179 315,1178 342,1178 370,1177 398,1177 425,1177 453,1177 480,1177 508,1177 536,1177 563,1176 591,1176 618,1176 646,1176 674,1175 701,1175 729,1174 756,1173 784,1172 812,1171"/>
                <TextEquiv>
                    <Unicode>dieron ellos por respuesta)</Unicode>
                </TextEquiv>
            </TextLine>
            <TextLine id="r1l22" custom="readingOrder {index:20;}">
                <Coords points="250,1239 283,1239 316,1238 349,1238 383,1237 416,1237 449,1237 482,1236 516,1236 549,1236 582,1236 615,1235 649,1235 682,1235 715,1235 748,1234 782,1234 815,1234 848,1233 881,1233 915,1232 915,1198 881,1199 848,1199 815,1200 782,1200 748,1200 715,1201 682,1201 649,1201 615,1201 582,1202 549,1202 516,1202 482,1202 449,1203 416,1203 383,1203 349,1204 316,1204 283,1205 250,1205"/>
                <Baseline points="250,1228 283,1228 316,1227 349,1227 383,1226 416,1226 449,1226 482,1225 516,1225 549,1225 582,1225 615,1224 649,1224 682,1224 715,1224 748,1223 782,1223 815,1223 848,1222 881,1222 915,1221"/>
                <TextEquiv>
                    <Unicode>pues son los que dieron muerte</Unicode>
                </TextEquiv>
            </TextLine>
            <TextLine id="r1l23" custom="readingOrder {index:21;}">
                <Coords points="249,1287 274,1287 299,1286 324,1286 349,1286 374,1286 399,1285 424,1285 449,1285 474,1284 500,1284 525,1284 550,1284 575,1284 600,1284 625,1284 650,1284 675,1285 700,1286 726,1286 726,1253 700,1253 675,1252 650,1251 625,1251 600,1251 575,1251 550,1251 525,1251 500,1251 474,1251 449,1252 424,1252 399,1252 374,1253 349,1253 324,1253 299,1253 274,1254 249,1254"/>
                <Baseline points="249,1276 274,1276 299,1275 324,1275 349,1275 374,1275 399,1274 424,1274 449,1274 474,1273 500,1273 525,1273 550,1273 575,1273 600,1273 625,1273 650,1273 675,1274 700,1275 726,1275"/>
                <TextEquiv>
                    <Unicode>á D. Pedro Valenzuela.</Unicode>
                </TextEquiv>
            </TextLine>
            <TextLine id="r1l24" custom="readingOrder {index:22;}">
                <Coords points="249,1334 274,1333 300,1333 326,1333 352,1332 378,1332 404,1332 430,1332 456,1332 481,1332 507,1332 533,1333 559,1333 585,1333 611,1333 637,1333 663,1332 689,1332 689,1299 663,1299 637,1300 611,1300 585,1300 559,1300 533,1300 507,1299 481,1299 456,1299 430,1299 404,1299 378,1299 352,1299 326,1300 300,1300 274,1300 249,1301"/>
                <Baseline points="249,1323 274,1322 300,1322 326,1322 352,1321 378,1321 404,1321 430,1321 456,1321 481,1321 507,1321 533,1322 559,1322 585,1322 611,1322 637,1322 663,1321 689,1321"/>
                <TextEquiv>
                    <Unicode>Disimulando su enojo,</Unicode>
                </TextEquiv>
            </TextLine>
            <TextLine id="r1l25" custom="readingOrder {index:23;}">
                <Coords points="252,1384 280,1383 308,1382 337,1382 365,1381 393,1381 422,1381 450,1381 478,1381 507,1381 535,1381 563,1381 592,1380 620,1380 648,1380 677,1380 705,1380 733,1380 762,1379 790,1379 819,1378 819,1344 790,1345 762,1345 733,1346 705,1346 677,1346 648,1346 620,1346 592,1346 563,1347 535,1347 507,1347 478,1347 450,1347 422,1347 393,1347 365,1347 337,1348 308,1348 280,1349 252,1350"/>
                <Baseline points="252,1373 280,1372 308,1371 337,1371 365,1370 393,1370 422,1370 450,1370 478,1370 507,1370 535,1370 563,1370 592,1369 620,1369 648,1369 677,1369 705,1369 733,1369 762,1368 790,1368 819,1367"/>
                <TextEquiv>
                    <Unicode>respondió con gran reserva:</Unicode>
                </TextEquiv>
            </TextLine>
            <TextLine id="r1l26" custom="readingOrder {index:24;}">
                <Coords points="251,1431 277,1431 303,1432 330,1432 356,1432 383,1431 409,1431 436,1431 462,1430 489,1430 515,1429 541,1429 568,1429 594,1428 621,1428 647,1428 674,1428 700,1428 727,1428 753,1429 780,1430 780,1396 753,1395 727,1394 700,1394 674,1394 647,1394 621,1394 594,1394 568,1395 541,1395 515,1395 489,1396 462,1396 436,1397 409,1397 383,1397 356,1398 330,1398 303,1398 277,1397 251,1397"/>
                <Baseline points="251,1420 277,1420 303,1421 330,1421 356,1421 383,1420 409,1420 436,1420 462,1419 489,1419 515,1418 541,1418 568,1418 594,1417 621,1417 647,1417 674,1417 700,1417 727,1417 753,1418 780,1419"/>
                <TextEquiv>
                    <Unicode>mucha fuerza se me hace,</Unicode>
                </TextEquiv>
            </TextLine>
            <TextLine id="r1l27" custom="readingOrder {index:25;}">
                <Coords points="247,1482 275,1481 303,1480 331,1480 359,1479 387,1479 415,1479 443,1478 471,1478 499,1478 528,1477 556,1477 584,1477 612,1477 640,1477 668,1477 696,1477 724,1477 752,1477 780,1477 809,1477 809,1443 780,1443 752,1443 724,1443 696,1443 668,1443 640,1443 612,1443 584,1443 556,1443 528,1443 499,1444 471,1444 443,1444 415,1445 387,1445 359,1445 331,1446 303,1446 275,1447 247,1448"/>
                <Baseline points="247,1471 275,1470 303,1469 331,1469 359,1468 387,1468 415,1468 443,1467 471,1467 499,1467 528,1466 556,1466 584,1466 612,1466 640,1466 668,1466 696,1466 724,1466 752,1466 780,1466 809,1466"/>
                <TextEquiv>
                    <Unicode>mas no es posible que crea,</Unicode>
                </TextEquiv>
            </TextLine>
            <TextLine id="r1l28" custom="readingOrder {index:26;}">
                <Coords points="248,1529 275,1529 302,1529 330,1529 357,1528 384,1528 412,1528 439,1527 466,1527 494,1527 521,1526 548,1526 576,1526 603,1525 630,1525 658,1525 685,1525 712,1525 740,1525 767,1525 795,1525 795,1491 767,1491 740,1491 712,1491 685,1491 658,1491 630,1491 603,1491 576,1492 548,1492 521,1492 494,1493 466,1493 439,1493 412,1494 384,1494 357,1494 330,1495 302,1495 275,1495 248,1495"/>
                <Baseline points="248,1518 275,1518 302,1518 330,1518 357,1517 384,1517 412,1517 439,1516 466,1516 494,1516 521,1515 548,1515 576,1515 603,1514 630,1514 658,1514 685,1514 712,1514 740,1514 767,1514 795,1514"/>
                <TextEquiv>
                    <Unicode>que esos nobles caballeros</Unicode>
                </TextEquiv>
            </TextLine>
            <TextLine id="r1l29" custom="readingOrder {index:27;}">
                <Coords points="256,1579 282,1578 308,1578 334,1577 360,1577 386,1576 412,1576 438,1576 464,1576 490,1575 516,1575 542,1575 568,1575 594,1575 620,1574 646,1574 672,1574 698,1574 724,1574 750,1573 776,1573 776,1539 750,1539 724,1540 698,1540 672,1540 646,1540 620,1540 594,1541 568,1541 542,1541 516,1541 490,1541 464,1542 438,1542 412,1542 386,1542 360,1543 334,1543 308,1544 282,1544 256,1545"/>
                <Baseline points="256,1568 282,1567 308,1567 334,1566 360,1566 386,1565 412,1565 438,1565 464,1565 490,1564 516,1564 542,1564 568,1564 594,1564 620,1563 646,1563 672,1563 698,1563 724,1563 750,1562 776,1562"/>
                <TextEquiv>
                    <Unicode>hiciesen accion como esa:</Unicode>
                </TextEquiv>
            </TextLine>
            <TextLine id="r1l30" custom="readingOrder {index:28;}">
                <Coords points="255,1626 281,1626 307,1625 333,1625 359,1625 385,1625 411,1624 437,1624 463,1624 489,1624 515,1624 541,1623 567,1623 593,1623 619,1623 645,1623 671,1623 697,1622 723,1622 749,1622 775,1623 775,1589 749,1588 723,1588 697,1588 671,1589 645,1589 619,1589 593,1589 567,1589 541,1589 515,1590 489,1590 463,1590 437,1590 411,1590 385,1591 359,1591 333,1591 307,1591 281,1592 255,1592"/>
                <Baseline points="255,1615 281,1615 307,1614 333,1614 359,1614 385,1614 411,1613 437,1613 463,1613 489,1613 515,1613 541,1612 567,1612 593,1612 619,1612 645,1612 671,1612 697,1611 723,1611 749,1611 775,1612"/>
                <TextEquiv>
                    <Unicode>y eso no se puede hablar,</Unicode>
                </TextEquiv>
            </TextLine>
            <TextLine id="r1l31" custom="readingOrder {index:29;}">
                <Coords points="255,1674 284,1674 314,1674 344,1674 374,1673 403,1673 433,1673 463,1673 493,1672 522,1672 552,1671 582,1671 612,1671 641,1670 671,1670 701,1670 731,1670 760,1669 790,1669 820,1669 850,1669 850,1635 820,1635 790,1635 760,1635 731,1636 701,1636 671,1636 641,1636 612,1637 582,1637 552,1637 522,1638 493,1638 463,1639 433,1639 403,1639 374,1639 344,1640 314,1640 284,1640 255,1640"/>
                <Baseline points="255,1663 284,1663 314,1663 344,1663 374,1662 403,1662 433,1662 463,1662 493,1661 522,1661 552,1660 582,1660 612,1660 641,1659 671,1659 701,1659 731,1659 760,1658 790,1658 820,1658 850,1658"/>
                <TextEquiv>
                    <Unicode>si no es por cosa muy cierto</Unicode>
                </TextEquiv>
            </TextLine>
            <TextLine id="r1l32" custom="readingOrder {index:30;}">
                <Coords points="254,1723 282,1722 311,1722 340,1722 369,1722 398,1721 427,1721 455,1721 484,1721 513,1720 542,1720 571,1720 600,1720 629,1720 657,1720 686,1719 715,1719 744,1719 773,1719 802,1718 831,1718 831,1684 802,1684 773,1685 744,1685 715,1685 686,1685 657,1686 629,1686 600,1686 571,1686 542,1686 513,1686 484,1687 455,1687 427,1687 398,1687 369,1688 340,1688 311,1688 282,1688 254,1689"/>
                <Baseline points="254,1712 282,1711 311,1711 340,1711 369,1711 398,1710 427,1710 455,1710 484,1710 513,1709 542,1709 571,1709 600,1709 629,1709 657,1709 686,1708 715,1708 744,1708 773,1708 802,1707 831,1707"/>
                <TextEquiv>
                    <Unicode>Sabed que es mucha verdad</Unicode>
                </TextEquiv>
            </TextLine>
            <TextLine id="r1l33" custom="readingOrder {index:31;}">
                <Coords points="255,1771 283,1771 311,1771 339,1771 367,1771 395,1770 423,1770 451,1770 479,1770 507,1769 536,1769 564,1769 592,1769 620,1768 648,1768 676,1768 704,1768 732,1768 760,1768 788,1768 817,1768 817,1734 788,1734 760,1734 732,1734 704,1734 676,1734 648,1734 620,1734 592,1735 564,1735 536,1735 507,1735 479,1736 451,1736 423,1736 395,1736 367,1737 339,1737 311,1737 283,1737 255,1737"/>
                <Baseline points="255,1760 283,1760 311,1760 339,1760 367,1760 395,1759 423,1759 451,1759 479,1759 507,1758 536,1758 564,1758 592,1758 620,1757 648,1757 676,1757 704,1757 732,1757 760,1757 788,1757 817,1757"/>
                <TextEquiv>
                    <Unicode>lo que os digo, si no fuera,</Unicode>
                </TextEquiv>
            </TextLine>
            <TextLine id="r1l34" custom="readingOrder {index:32;}">
                <Coords points="259,1820 287,1820 316,1820 345,1820 373,1819 402,1819 431,1819 459,1819 488,1818 517,1818 546,1817 574,1817 603,1817 632,1816 660,1816 689,1816 718,1815 746,1815 775,1815 804,1815 833,1815 833,1781 804,1781 775,1781 746,1781 718,1781 689,1782 660,1782 632,1782 603,1783 574,1783 546,1783 517,1784 488,1784 459,1785 431,1785 402,1785 373,1785 345,1786 316,1786 287,1786 259,1786"/>
                <Baseline points="259,1809 287,1809 316,1809 345,1809 373,1808 402,1808 431,1808 459,1808 488,1807 517,1807 546,1806 574,1806 603,1806 632,1805 660,1805 689,1805 718,1804 746,1804 775,1804 804,1804 833,1804"/>
                <TextEquiv>
                    <Unicode>nada me importa el decirlo.</Unicode>
                </TextEquiv>
            </TextLine>
            <TextLine id="r1l35" custom="readingOrder {index:33;}">
                <Coords points="260,1867 286,1868 312,1868 338,1868 364,1868 390,1868 416,1867 443,1867 469,1867 495,1866 521,1866 547,1866 573,1865 599,1864 626,1864 652,1863 678,1863 704,1863 730,1862 756,1862 783,1862 783,1828 756,1828 730,1828 704,1829 678,1829 652,1829 626,1830 599,1830 573,1831 547,1832 521,1832 495,1832 469,1833 443,1833 416,1833 390,1834 364,1834 338,1834 312,1834 286,1834 260,1833"/>
                <Baseline points="260,1856 286,1857 312,1857 338,1857 364,1857 390,1857 416,1856 443,1856 469,1856 495,1855 521,1855 547,1855 573,1854 599,1853 626,1853 652,1852 678,1852 704,1852 730,1851 756,1851 783,1851"/>
                <TextEquiv>
                    <Unicode>Y á donde el viaje llevan?</Unicode>
                </TextEquiv>
            </TextLine>
            <TextLine id="r1l36" custom="readingOrder {index:34;}">
                <Coords points="258,1916 288,1916 318,1916 348,1915 379,1915 409,1915 439,1915 469,1914 500,1914 530,1914 560,1914 590,1913 621,1913 651,1913 681,1912 711,1912 742,1912 772,1912 802,1912 832,1911 863,1911 863,1877 832,1877 802,1878 772,1878 742,1878 711,1878 681,1878 651,1879 621,1879 590,1879 560,1880 530,1880 500,1880 469,1880 439,1881 409,1881 379,1881 348,1881 318,1882 288,1882 258,1882"/>
                <Baseline points="258,1905 288,1905 318,1905 348,1904 379,1904 409,1904 439,1904 469,1903 500,1903 530,1903 560,1903 590,1902 621,1902 651,1902 681,1901 711,1901 742,1901 772,1901 802,1901 832,1900 863,1900"/>
                <TextEquiv>
                    <Unicode>Y ellos mismos le informaron</Unicode>
                </TextEquiv>
            </TextLine>
            <TextLine id="r1l37" custom="readingOrder {index:35;}">
                <Coords points="264,1965 291,1965 318,1965 345,1965 373,1965 400,1965 427,1965 455,1964 482,1964 509,1964 537,1963 564,1963 591,1962 619,1962 646,1962 673,1961 701,1961 728,1961 755,1961 783,1961 783,1927 755,1927 728,1927 701,1927 673,1927 646,1928 619,1928 591,1928 564,1929 537,1929 509,1930 482,1930 455,1930 427,1931 400,1931 373,1931 345,1931 318,1931 291,1931 264,1931"/>
                <Baseline points="264,1954 291,1954 318,1954 345,1954 373,1954 400,1954 427,1954 455,1953 482,1953 509,1953 537,1952 564,1952 591,1951 619,1951 646,1951 673,1950 701,1950 728,1950 755,1950 783,1950"/>
                <TextEquiv>
                    <Unicode>que iban hacia Cartagena.</Unicode>
                </TextEquiv>
            </TextLine>
            <TextLine id="r1l38" custom="readingOrder {index:36;}">
                <Coords points="267,2013 292,2013 318,2013 343,2012 369,2012 395,2012 420,2012 446,2012 471,2012 497,2012 523,2012 548,2012 574,2012 599,2012 625,2012 651,2011 676,2011 702,2010 727,2010 753,2009 779,2008 779,1974 753,1975 727,1976 702,1976 676,1977 651,1977 625,1978 599,1978 574,1978 548,1978 523,1978 497,1978 471,1978 446,1978 420,1978 395,1978 369,1978 343,1978 318,1979 292,1979 267,1979"/>
                <Baseline points="267,2002 292,2002 318,2002 343,2001 369,2001 395,2001 420,2001 446,2001 471,2001 497,2001 523,2001 548,2001 574,2001 599,2001 625,2001 651,2000 676,2000 702,1999 727,1999 753,1998 779,1997"/>
                <TextEquiv>
                    <Unicode>Salió del juego, diciendo:</Unicode>
                </TextEquiv>
            </TextLine>
            <TextLine id="r1l39" custom="readingOrder {index:37;}">
                <Coords points="258,2060 286,2060 314,2061 343,2061 371,2061 400,2062 428,2061 456,2061 485,2061 513,2061 542,2060 570,2060 598,2060 627,2059 655,2059 684,2059 712,2059 740,2058 769,2058 797,2058 826,2059 826,2025 797,2024 769,2024 740,2024 712,2025 684,2025 655,2025 627,2025 598,2026 570,2026 542,2026 513,2027 485,2027 456,2027 428,2027 400,2028 371,2027 343,2027 314,2027 286,2026 258,2026"/>
                <Baseline points="258,2049 286,2049 314,2050 343,2050 371,2050 400,2051 428,2050 456,2050 485,2050 513,2050 542,2049 570,2049 598,2049 627,2048 655,2048 684,2048 712,2048 740,2047 769,2047 797,2047 826,2048"/>
                <TextEquiv>
                    <Unicode>buena suerte á estado esta,</Unicode>
                </TextEquiv>
            </TextLine>
            <TextLine id="r1l40" custom="readingOrder {index:38;}">
                <Coords points="260,2109 285,2109 310,2110 335,2110 361,2110 386,2110 411,2110 436,2110 462,2109 487,2109 512,2108 537,2108 563,2107 588,2107 613,2107 638,2107 664,2107 689,2107 714,2108 739,2109 765,2110 765,2076 739,2075 714,2074 689,2073 664,2073 638,2073 613,2073 588,2073 563,2073 537,2074 512,2074 487,2075 462,2075 436,2076 411,2076 386,2076 361,2076 335,2076 310,2076 285,2075 260,2075"/>
                <Baseline points="260,2098 285,2098 310,2099 335,2099 361,2099 386,2099 411,2099 436,2099 462,2098 487,2098 512,2097 537,2097 563,2096 588,2096 613,2096 638,2096 664,2096 689,2096 714,2097 739,2098 765,2099"/>
                <TextEquiv>
                    <Unicode>ya tendrá mi pena alivio,</Unicode>
                </TextEquiv>
            </TextLine>
            <TextLine id="r1l41" custom="readingOrder {index:39;}">
                <Coords points="258,2159 283,2158 309,2158 334,2158 360,2158 385,2158 411,2158 436,2158 462,2157 488,2157 513,2157 539,2157 564,2157 590,2157 615,2157 641,2156 666,2156 692,2156 718,2156 718,2122 692,2122 666,2122 641,2122 615,2123 590,2123 564,2123 539,2123 513,2123 488,2123 462,2123 436,2124 411,2124 385,2124 360,2124 334,2124 309,2124 283,2124 258,2125"/>
                <Baseline points="258,2148 283,2147 309,2147 334,2147 360,2147 385,2147 411,2147 436,2147 462,2146 488,2146 513,2146 539,2146 564,2146 590,2146 615,2146 641,2145 666,2145 692,2145 718,2145"/>
                <TextEquiv>
                    <Unicode>si se me logra la idea.</Unicode>
                </TextEquiv>
            </TextLine>
            <TextLine id="r1l42" custom="readingOrder {index:40;}">
                <Coords points="267,2205 294,2206 321,2206 348,2207 375,2207 402,2207 429,2207 457,2206 484,2206 511,2206 538,2206 565,2205 592,2205 619,2205 647,2205 674,2205 701,2205 728,2205 755,2206 782,2206 810,2207 810,2173 782,2172 755,2172 728,2171 701,2171 674,2171 647,2171 619,2171 592,2171 565,2171 538,2172 511,2172 484,2172 457,2172 429,2173 402,2173 375,2173 348,2173 321,2172 294,2172 267,2171"/>
                <Baseline points="267,2194 294,2195 321,2195 348,2196 375,2196 402,2196 429,2196 457,2195 484,2195 511,2195 538,2195 565,2194 592,2194 619,2194 647,2194 674,2194 701,2194 728,2194 755,2195 782,2195 810,2196"/>
                <TextEquiv>
                    <Unicode>Y montando en un caballo,</Unicode>
                </TextEquiv>
            </TextLine>
            <TextLine id="r1l43" custom="readingOrder {index:41;}">
                <Coords points="261,2257 287,2257 314,2258 341,2258 368,2258 395,2258 421,2258 448,2258 475,2258 502,2258 529,2257 555,2257 582,2257 609,2256 636,2256 663,2256 689,2256 716,2256 743,2256 770,2256 797,2256 797,2220 770,2220 743,2220 716,2220 689,2220 663,2220 636,2220 609,2220 582,2221 555,2221 529,2221 502,2222 475,2222 448,2222 421,2222 395,2222 368,2222 341,2222 314,2222 287,2221 261,2221"/>
                <Baseline points="261,2245 287,2245 314,2246 341,2246 368,2246 395,2246 421,2246 448,2246 475,2246 502,2246 529,2245 555,2245 582,2245 609,2244 636,2244 663,2244 689,2244 716,2244 743,2244 770,2244 797,2244"/>
                <TextEquiv>
                    <Unicode>que al céfiro puso rienda,</Unicode>
                </TextEquiv>
            </TextLine>
            <TextEquiv>
                <Unicode>iba á las casas de juego,&#xD;
donde todo se conversa.&#xD;
Jugando estaba una noche,&#xD;
y otros señores con ella,&#xD;
sin saber con quien hablaban,&#xD;
del caso le dieron cuenta.&#xD;
Dicen: con que D, Leonardo&#xD;
y D. Gespar de Contreras&#xD;
salieron ya con sigilo&#xD;
de la ciudad de Valencia?&#xD;
Doña Josefa responde,&#xD;
pues que ocasion les molesta&#xD;
á esos nobles caballeros&#xD;
para salir de su tierra?&#xD;
quizás irán algun pleito&#xD;
de algunas de sus haciendas,&#xD;
que quien tiene mayorazgos,&#xD;
nunca les faltan quimeras.&#xD;
No es mal pleito el que les siguen&#xD;
dieron ellos por respuesta)&#xD;
pues son los que dieron muerte&#xD;
á D. Pedro Valenzuela.&#xD;
Disimulando su enojo,&#xD;
respondió con gran reserva:&#xD;
mucha fuerza se me hace,&#xD;
mas no es posible que crea,&#xD;
que esos nobles caballeros&#xD;
hiciesen accion como esa:&#xD;
y eso no se puede hablar,&#xD;
si no es por cosa muy cierto&#xD;
Sabed que es mucha verdad&#xD;
lo que os digo, si no fuera,&#xD;
nada me importa el decirlo.&#xD;
Y á donde el viaje llevan?&#xD;
Y ellos mismos le informaron&#xD;
que iban hacia Cartagena.&#xD;
Salió del juego, diciendo:&#xD;
buena suerte á estado esta,&#xD;
ya tendrá mi pena alivio,&#xD;
si se me logra la idea.&#xD;
Y montando en un caballo,&#xD;
que al céfiro puso rienda,</Unicode>
            </TextEquiv>
        </TextRegion>
        <TextRegion orientation="0.0" id="r2" custom="readingOrder {index:1;}">
            <Coords points="919,95 919,249 961,249 961,95"/>
            <TextLine id="r2l1" custom="readingOrder {index:0;}">
                <Coords points="919,249 961,245 961,95 919,99"/>
                <Baseline points="919,199 961,195"/>
                <TextEquiv>
                    <Unicode>3.</Unicode>
                </TextEquiv>
            </TextLine>
            <TextEquiv>
                <Unicode>3.</Unicode>
            </TextEquiv>
        </TextRegion>
        <TextRegion orientation="0.0" id="r3" custom="readingOrder {index:2;}">
            <Coords points="957,221 957,2249 1662,2249 1662,221"/>
            <TextLine id="r3l1" custom="readingOrder {index:0;}">
                <Coords points="957,261 983,261 1009,261 1035,260 1061,260 1088,259 1114,259 1140,259 1166,259 1193,258 1219,258 1245,258 1271,257 1298,257 1324,257 1350,256 1376,256 1403,255 1403,221 1376,222 1350,222 1324,223 1298,223 1271,223 1245,224 1219,224 1193,224 1166,225 1140,225 1114,225 1088,225 1061,226 1035,226 1009,227 983,227 957,227"/>
                <Baseline points="957,250 983,250 1009,250 1035,249 1061,249 1088,248 1114,248 1140,248 1166,248 1193,247 1219,247 1245,247 1271,246 1298,246 1324,246 1350,245 1376,245 1403,244"/>
                <TextEquiv>
                    <Unicode>á Cartagena marchaba</Unicode>
                </TextEquiv>
            </TextLine>
            <TextLine id="r3l2" custom="readingOrder {index:1;}">
                <Coords points="960,310 987,310 1014,310 1041,310 1068,310 1095,309 1122,309 1149,309 1176,308 1203,307 1231,307 1258,307 1285,306 1312,306 1339,305 1366,305 1393,304 1420,304 1447,304 1474,304 1502,304 1502,270 1474,270 1447,270 1420,270 1393,270 1366,271 1339,271 1312,272 1285,272 1258,273 1231,273 1203,273 1176,274 1149,275 1122,275 1095,275 1068,276 1041,276 1014,276 987,276 960,276"/>
                <Baseline points="960,299 987,299 1014,299 1041,299 1068,299 1095,298 1122,298 1149,298 1176,297 1203,296 1231,296 1258,296 1285,295 1312,295 1339,294 1366,294 1393,293 1420,293 1447,293 1474,293 1502,293"/>
                <TextEquiv>
                    <Unicode>con muy pronta diligencia.</Unicode>
                </TextEquiv>
            </TextLine>
            <TextLine id="r3l3" custom="readingOrder {index:2;}">
                <Coords points="962,359 987,358 1012,358 1037,357 1062,357 1088,356 1113,356 1138,356 1163,355 1188,355 1214,355 1239,355 1264,355 1289,354 1314,354 1340,354 1365,354 1390,353 1415,353 1441,353 1441,319 1415,319 1390,319 1365,320 1340,320 1314,320 1289,320 1264,321 1239,321 1214,321 1188,321 1163,321 1138,322 1113,322 1088,322 1062,323 1037,323 1012,324 987,324 962,325"/>
                <Baseline points="962,348 987,347 1012,347 1037,346 1062,346 1088,345 1113,345 1138,345 1163,344 1188,344 1214,344 1239,344 1264,344 1289,343 1314,343 1340,343 1365,343 1390,342 1415,342 1441,342"/>
                <TextEquiv>
                    <Unicode>Llegó por fin una tarde</Unicode>
                </TextEquiv>
            </TextLine>
            <TextLine id="r3l4" custom="readingOrder {index:3;}">
                <Coords points="961,406 987,406 1013,406 1040,406 1066,405 1093,405 1119,405 1145,404 1172,404 1198,403 1225,403 1251,402 1277,402 1304,402 1330,402 1357,402 1383,402 1409,402 1436,402 1462,402 1489,403 1489,369 1462,368 1436,368 1409,368 1383,368 1357,368 1330,368 1304,368 1277,368 1251,368 1225,369 1198,369 1172,370 1145,370 1119,371 1093,371 1066,371 1040,372 1013,372 987,372 961,372"/>
                <Baseline points="961,395 987,395 1013,395 1040,395 1066,394 1093,394 1119,394 1145,393 1172,393 1198,392 1225,392 1251,391 1277,391 1304,391 1330,391 1357,391 1383,391 1409,391 1436,391 1462,391 1489,392"/>
                <TextEquiv>
                    <Unicode>á eso de las dos y media,</Unicode>
                </TextEquiv>
            </TextLine>
            <TextLine id="r3l5" custom="readingOrder {index:4;}">
                <Coords points="965,457 990,456 1015,455 1040,455 1065,454 1090,453 1115,453 1140,452 1165,452 1190,452 1216,451 1241,451 1266,450 1291,450 1316,450 1341,450 1366,450 1391,450 1416,451 1441,451 1467,451 1467,418 1441,418 1416,418 1391,417 1366,417 1341,417 1316,417 1291,417 1266,417 1241,418 1216,418 1190,419 1165,419 1140,419 1115,420 1090,420 1065,421 1040,422 1015,422 990,423 965,424"/>
                <Baseline points="965,446 990,445 1015,444 1040,444 1065,443 1090,442 1115,442 1140,441 1165,441 1190,441 1216,440 1241,440 1266,439 1291,439 1316,439 1341,439 1366,439 1391,439 1416,440 1441,440 1467,440"/>
                <TextEquiv>
                    <Unicode>y en un meson se acojió,</Unicode>
                </TextEquiv>
            </TextLine>
            <TextLine id="r3l6" custom="readingOrder {index:5;}">
                <Coords points="963,503 989,503 1015,503 1041,502 1067,502 1093,501 1119,501 1145,501 1171,500 1197,500 1223,499 1249,499 1275,499 1301,499 1327,498 1353,499 1379,499 1405,499 1405,466 1379,466 1353,466 1327,465 1301,466 1275,466 1249,466 1223,466 1197,467 1171,467 1145,468 1119,468 1093,468 1067,469 1041,469 1015,470 989,470 963,470"/>
                <Baseline points="963,492 989,492 1015,492 1041,491 1067,491 1093,490 1119,490 1145,490 1171,489 1197,489 1223,488 1249,488 1275,488 1301,488 1327,487 1353,488 1379,488 1405,488"/>
                <TextEquiv>
                    <Unicode>y dijo á la mesonera;</Unicode>
                </TextEquiv>
            </TextLine>
            <TextLine id="r3l7" custom="readingOrder {index:6;}">
                <Coords points="958,552 984,551 1010,551 1036,551 1062,550 1088,550 1115,549 1141,549 1167,549 1193,549 1219,548 1245,548 1272,548 1298,547 1324,547 1350,547 1376,547 1402,546 1429,546 1429,512 1402,512 1376,513 1350,513 1324,513 1298,513 1272,514 1245,514 1219,514 1193,515 1167,515 1141,515 1115,515 1088,516 1062,516 1036,517 1010,517 984,517 958,518"/>
                <Baseline points="958,541 984,540 1010,540 1036,540 1062,539 1088,539 1115,538 1141,538 1167,538 1193,538 1219,537 1245,537 1272,537 1298,536 1324,536 1350,536 1376,536 1402,535 1429,535"/>
                <TextEquiv>
                    <Unicode>cuideme de ese caballo</Unicode>
                </TextEquiv>
            </TextLine>
            <TextLine id="r3l8" custom="readingOrder {index:7;}">
                <Coords points="972,600 999,600 1027,599 1054,599 1082,599 1109,598 1137,598 1164,598 1192,597 1219,597 1247,597 1274,596 1302,596 1329,596 1357,595 1384,595 1412,595 1439,595 1467,595 1494,595 1522,595 1522,562 1494,562 1467,562 1439,562 1412,562 1384,562 1357,562 1329,563 1302,563 1274,563 1247,564 1219,564 1192,564 1164,565 1137,565 1109,565 1082,566 1054,566 1027,566 999,567 972,567"/>
                <Baseline points="972,589 999,589 1027,588 1054,588 1082,588 1109,587 1137,587 1164,587 1192,586 1219,586 1247,586 1274,585 1302,585 1329,585 1357,584 1384,584 1412,584 1439,584 1467,584 1494,584 1522,584"/>
                <TextEquiv>
                    <Unicode>que yo presto doy la vuelta:</Unicode>
                </TextEquiv>
            </TextLine>
            <TextLine id="r3l9" custom="readingOrder {index:8;}">
                <Coords points="970,646 995,646 1020,647 1045,647 1070,647 1095,647 1121,647 1146,647 1171,646 1196,646 1221,645 1246,645 1272,644 1297,644 1322,644 1347,643 1372,642 1398,642 1398,609 1372,609 1347,610 1322,611 1297,611 1272,611 1246,612 1221,612 1196,613 1171,613 1146,614 1121,614 1095,614 1070,614 1045,614 1020,614 995,613 970,613"/>
                <Baseline points="970,635 995,635 1020,636 1045,636 1070,636 1095,636 1121,636 1146,636 1171,635 1196,635 1221,634 1246,634 1272,633 1297,633 1322,633 1347,632 1372,631 1398,631"/>
                <TextEquiv>
                    <Unicode>y sin desarmarse, fué</Unicode>
                </TextEquiv>
            </TextLine>
            <TextLine id="r3l10" custom="readingOrder {index:9;}">
                <Coords points="966,695 993,695 1021,695 1048,695 1076,695 1103,695 1131,695 1158,695 1186,694 1213,694 1241,694 1268,693 1296,693 1323,693 1351,693 1378,692 1406,692 1433,692 1461,691 1488,691 1516,691 1516,657 1488,657 1461,657 1433,658 1406,658 1378,658 1351,659 1323,659 1296,659 1268,659 1241,660 1213,660 1186,660 1158,661 1131,661 1103,661 1076,661 1048,661 1021,661 993,661 966,661"/>
                <Baseline points="966,684 993,684 1021,684 1048,684 1076,684 1103,684 1131,684 1158,684 1186,683 1213,683 1241,683 1268,682 1296,682 1323,682 1351,682 1378,681 1406,681 1433,681 1461,680 1488,680 1516,680"/>
                <TextEquiv>
                    <Unicode>á la playa por si encuentra</Unicode>
                </TextEquiv>
            </TextLine>
            <TextLine id="r3l11" custom="readingOrder {index:10;}">
                <Coords points="967,743 992,743 1018,743 1043,743 1069,743 1094,743 1120,743 1145,743 1171,743 1196,743 1222,743 1248,742 1273,742 1299,742 1324,742 1350,742 1375,741 1401,741 1426,741 1452,741 1478,741 1478,707 1452,707 1426,707 1401,707 1375,707 1350,708 1324,708 1299,708 1273,708 1248,708 1222,709 1196,709 1171,709 1145,709 1120,709 1094,709 1069,709 1043,709 1018,709 992,709 967,709"/>
                <Baseline points="967,732 992,732 1018,732 1043,732 1069,732 1094,732 1120,732 1145,732 1171,732 1196,732 1222,732 1248,731 1273,731 1299,731 1324,731 1350,731 1375,730 1401,730 1426,730 1452,730 1478,730"/>
                <TextEquiv>
                    <Unicode>á alguno de sus paisanos,</Unicode>
                </TextEquiv>
            </TextLine>
            <TextLine id="r3l12" custom="readingOrder {index:11;}">
                <Coords points="968,793 993,793 1019,792 1044,792 1070,792 1096,792 1121,791 1147,791 1173,791 1198,791 1224,790 1250,790 1275,790 1301,790 1327,789 1352,789 1378,789 1404,789 1429,789 1455,788 1481,788 1481,754 1455,754 1429,755 1404,755 1378,755 1352,755 1327,755 1301,756 1275,756 1250,756 1224,756 1198,757 1173,757 1147,757 1121,757 1096,758 1070,758 1044,758 1019,758 993,759 968,759"/>
                <Baseline points="968,782 993,782 1019,781 1044,781 1070,781 1096,781 1121,780 1147,780 1173,780 1198,780 1224,779 1250,779 1275,779 1301,779 1327,778 1352,778 1378,778 1404,778 1429,778 1455,777 1481,777"/>
                <TextEquiv>
                    <Unicode>que el verles tanto desea.</Unicode>
                </TextEquiv>
            </TextLine>
            <TextLine id="r3l13" custom="readingOrder {index:12;}">
                <Coords points="965,840 990,840 1016,840 1042,840 1068,840 1094,840 1120,840 1146,839 1172,839 1198,839 1224,838 1250,838 1276,838 1302,838 1328,838 1354,838 1380,838 1406,838 1432,838 1432,804 1406,804 1380,804 1354,804 1328,804 1302,804 1276,804 1250,804 1224,804 1198,805 1172,805 1146,805 1120,806 1094,806 1068,806 1042,806 1016,806 990,806 965,806"/>
                <Baseline points="965,829 990,829 1016,829 1042,829 1068,829 1094,829 1120,829 1146,828 1172,828 1198,828 1224,827 1250,827 1276,827 1302,827 1328,827 1354,827 1380,827 1406,827 1432,827"/>
                <TextEquiv>
                    <Unicode>No los pudo descubrir,</Unicode>
                </TextEquiv>
            </TextLine>
            <TextLine id="r3l14" custom="readingOrder {index:13;}">
                <Coords points="967,890 998,890 1029,890 1061,890 1092,890 1123,889 1155,889 1186,888 1217,888 1249,887 1280,887 1311,886 1343,886 1374,886 1405,886 1437,886 1468,886 1499,886 1531,887 1562,888 1594,889 1594,855 1562,854 1531,853 1499,852 1468,852 1437,852 1405,852 1374,852 1343,852 1311,852 1280,853 1249,853 1217,854 1186,854 1155,855 1123,855 1092,856 1061,856 1029,856 998,856 967,856"/>
                <Baseline points="967,879 998,879 1029,879 1061,879 1092,879 1123,878 1155,878 1186,877 1217,877 1249,876 1280,876 1311,875 1343,875 1374,875 1405,875 1437,875 1468,875 1499,875 1531,876 1562,877 1594,878"/>
                <TextEquiv>
                    <Unicode>y hácia el meson dió la vuelta,</Unicode>
                </TextEquiv>
            </TextLine>
            <TextLine id="r3l15" custom="readingOrder {index:14;}">
                <Coords points="971,936 996,937 1021,937 1046,938 1071,938 1096,937 1122,937 1147,937 1172,937 1197,936 1222,936 1247,936 1273,936 1298,936 1323,936 1348,936 1373,936 1398,937 1424,938 1424,904 1398,903 1373,902 1348,902 1323,902 1298,902 1273,902 1247,902 1222,902 1197,902 1172,903 1147,903 1122,903 1096,903 1071,904 1046,904 1021,903 996,903 971,902"/>
                <Baseline points="971,925 996,926 1021,926 1046,927 1071,927 1096,926 1122,926 1147,926 1172,926 1197,925 1222,925 1247,925 1273,925 1298,925 1323,925 1348,925 1373,925 1398,926 1424,927"/>
                <TextEquiv>
                    <Unicode>y á la patrona le dijo,</Unicode>
                </TextEquiv>
            </TextLine>
            <TextLine id="r3l16" custom="readingOrder {index:15;}">
                <Coords points="971,987 996,987 1022,987 1047,986 1073,986 1099,986 1124,985 1150,985 1176,985 1201,985 1227,984 1253,984 1278,984 1304,984 1330,984 1355,984 1381,984 1407,984 1407,950 1381,950 1355,950 1330,950 1304,950 1278,950 1253,950 1227,950 1201,951 1176,951 1150,951 1124,951 1099,952 1073,952 1047,952 1022,953 996,953 971,953"/>
                <Baseline points="971,976 996,976 1022,976 1047,975 1073,975 1099,975 1124,974 1150,974 1176,974 1201,974 1227,973 1253,973 1278,973 1304,973 1330,973 1355,973 1381,973 1407,973"/>
                <TextEquiv>
                    <Unicode>le previniese la cena,</Unicode>
                </TextEquiv>
            </TextLine>
            <TextLine id="r3l17" custom="readingOrder {index:16;}">
                <Coords points="975,1034 1000,1035 1025,1035 1050,1035 1075,1036 1100,1035 1125,1035 1151,1035 1176,1035 1201,1034 1226,1034 1251,1033 1276,1033 1301,1032 1327,1032 1352,1032 1377,1032 1402,1032 1427,1032 1452,1032 1478,1033 1478,999 1452,998 1427,998 1402,998 1377,998 1352,998 1327,998 1301,998 1276,999 1251,999 1226,1000 1201,1000 1176,1001 1151,1001 1125,1001 1100,1001 1075,1002 1050,1001 1025,1001 1000,1001 975,1000"/>
                <Baseline points="975,1023 1000,1024 1025,1024 1050,1024 1075,1025 1100,1024 1125,1024 1151,1024 1176,1024 1201,1023 1226,1023 1251,1022 1276,1022 1301,1021 1327,1021 1352,1021 1377,1021 1402,1021 1427,1021 1452,1021 1478,1022"/>
                <TextEquiv>
                    <Unicode>y que le hiciese la cama</Unicode>
                </TextEquiv>
            </TextLine>
            <TextLine id="r3l18" custom="readingOrder {index:17;}">
                <Coords points="975,1084 1000,1084 1026,1084 1052,1084 1078,1083 1104,1083 1130,1083 1156,1083 1182,1082 1208,1082 1233,1082 1259,1081 1285,1081 1311,1081 1337,1081 1363,1081 1389,1081 1415,1081 1441,1082 1467,1082 1467,1048 1441,1048 1415,1047 1389,1047 1363,1047 1337,1047 1311,1047 1285,1047 1259,1047 1233,1048 1208,1048 1182,1048 1156,1049 1130,1049 1104,1049 1078,1049 1052,1050 1026,1050 1000,1050 975,1050"/>
                <Baseline points="975,1073 1000,1073 1026,1073 1052,1073 1078,1072 1104,1072 1130,1072 1156,1072 1182,1071 1208,1071 1233,1071 1259,1070 1285,1070 1311,1070 1337,1070 1363,1070 1389,1070 1415,1070 1441,1071 1467,1071"/>
                <TextEquiv>
                    <Unicode>en una cuadra que tenga</Unicode>
                </TextEquiv>
            </TextLine>
            <TextLine id="r3l19" custom="readingOrder {index:18;}">
                <Coords points="977,1132 1002,1132 1027,1133 1052,1133 1077,1133 1102,1133 1127,1132 1152,1132 1177,1132 1203,1132 1228,1131 1253,1131 1278,1130 1303,1130 1328,1130 1353,1130 1378,1130 1403,1130 1429,1130 1429,1096 1403,1096 1378,1096 1353,1096 1328,1096 1303,1096 1278,1096 1253,1097 1228,1097 1203,1098 1177,1098 1152,1098 1127,1098 1102,1099 1077,1099 1052,1099 1027,1099 1002,1098 977,1098"/>
                <Baseline points="977,1121 1002,1121 1027,1122 1052,1122 1077,1122 1102,1122 1127,1121 1152,1121 1177,1121 1203,1121 1228,1120 1253,1120 1278,1119 1303,1119 1328,1119 1353,1119 1378,1119 1403,1119 1429,1119"/>
                <TextEquiv>
                    <Unicode>las ventanas á la calle,</Unicode>
                </TextEquiv>
            </TextLine>
            <TextLine id="r3l20" custom="readingOrder {index:19;}">
                <Coords points="976,1181 1006,1181 1036,1181 1066,1180 1097,1180 1127,1180 1157,1180 1187,1180 1218,1179 1248,1179 1278,1179 1308,1178 1339,1178 1369,1178 1399,1178 1429,1177 1460,1177 1490,1177 1520,1177 1550,1178 1581,1178 1581,1144 1550,1144 1520,1143 1490,1143 1460,1143 1429,1143 1399,1144 1369,1144 1339,1144 1308,1144 1278,1145 1248,1145 1218,1145 1187,1146 1157,1146 1127,1146 1097,1146 1066,1146 1036,1147 1006,1147 976,1147"/>
                <Baseline points="976,1170 1006,1170 1036,1170 1066,1169 1097,1169 1127,1169 1157,1169 1187,1169 1218,1168 1248,1168 1278,1168 1308,1167 1339,1167 1369,1167 1399,1167 1429,1166 1460,1166 1490,1166 1520,1166 1550,1167 1581,1167"/>
                <TextEquiv>
                    <Unicode>sin darle á entender su idea.</Unicode>
                </TextEquiv>
            </TextLine>
            <TextLine id="r3l21" custom="readingOrder {index:20;}">
                <Coords points="976,1229 1002,1229 1028,1229 1055,1229 1081,1229 1108,1229 1134,1228 1161,1228 1187,1228 1213,1227 1240,1227 1266,1226 1293,1225 1319,1225 1346,1224 1346,1190 1319,1191 1293,1191 1266,1192 1240,1193 1213,1193 1187,1194 1161,1194 1134,1194 1108,1195 1081,1195 1055,1195 1028,1195 1002,1195 976,1195"/>
                <Baseline points="976,1218 1002,1218 1028,1218 1055,1218 1081,1218 1108,1218 1134,1217 1161,1217 1187,1217 1213,1216 1240,1216 1266,1215 1293,1214 1319,1214 1346,1213"/>
                <TextEquiv>
                    <Unicode>Apenas anocheció</Unicode>
                </TextEquiv>
            </TextLine>
            <TextLine id="r3l22" custom="readingOrder {index:21;}">
                <Coords points="973,1278 998,1278 1024,1278 1049,1278 1075,1278 1101,1278 1126,1277 1152,1277 1178,1277 1203,1277 1229,1276 1254,1276 1280,1276 1306,1275 1331,1275 1357,1275 1383,1275 1408,1274 1434,1274 1460,1274 1460,1240 1434,1240 1408,1240 1383,1241 1357,1241 1331,1241 1306,1241 1280,1242 1254,1242 1229,1242 1203,1243 1178,1243 1152,1243 1126,1243 1101,1244 1075,1244 1049,1244 1024,1244 998,1244 973,1244"/>
                <Baseline points="973,1267 998,1267 1024,1267 1049,1267 1075,1267 1101,1267 1126,1266 1152,1266 1178,1266 1203,1266 1229,1265 1254,1265 1280,1265 1306,1264 1331,1264 1357,1264 1383,1264 1408,1263 1434,1263 1460,1263"/>
                <TextEquiv>
                    <Unicode>pronta se puso á la reja</Unicode>
                </TextEquiv>
            </TextLine>
            <TextLine id="r3l23" custom="readingOrder {index:22;}">
                <Coords points="977,1326 1002,1326 1028,1325 1054,1325 1079,1325 1105,1325 1131,1325 1156,1325 1182,1325 1208,1325 1234,1325 1259,1324 1285,1324 1311,1324 1336,1324 1362,1323 1388,1323 1413,1322 1439,1322 1465,1320 1491,1320 1491,1286 1465,1286 1439,1288 1413,1288 1388,1289 1362,1289 1336,1290 1311,1290 1285,1290 1259,1290 1234,1291 1208,1291 1182,1291 1156,1291 1131,1291 1105,1291 1079,1291 1054,1291 1028,1291 1002,1292 977,1292"/>
                <Baseline points="977,1315 1002,1315 1028,1314 1054,1314 1079,1314 1105,1314 1131,1314 1156,1314 1182,1314 1208,1314 1234,1314 1259,1313 1285,1313 1311,1313 1336,1313 1362,1312 1388,1312 1413,1311 1439,1311 1465,1309 1491,1309"/>
                <TextEquiv>
                    <Unicode>de la ventana escuchando</Unicode>
                </TextEquiv>
            </TextLine>
            <TextLine id="r3l24" custom="readingOrder {index:23;}">
                <Coords points="973,1374 1002,1375 1032,1375 1061,1375 1091,1374 1120,1374 1150,1374 1179,1373 1209,1373 1238,1372 1268,1372 1297,1372 1327,1371 1356,1371 1386,1371 1415,1370 1445,1370 1474,1370 1504,1370 1533,1370 1563,1370 1563,1336 1533,1336 1504,1336 1474,1336 1445,1336 1415,1336 1386,1337 1356,1337 1327,1337 1297,1338 1268,1338 1238,1338 1209,1339 1179,1339 1150,1340 1120,1340 1091,1340 1061,1341 1032,1341 1002,1341 973,1340"/>
                <Baseline points="973,1363 1002,1364 1032,1364 1061,1364 1091,1363 1120,1363 1150,1363 1179,1362 1209,1362 1238,1361 1268,1361 1297,1361 1327,1360 1356,1360 1386,1360 1415,1359 1445,1359 1474,1359 1504,1359 1533,1359 1563,1359"/>
                <TextEquiv>
                    <Unicode>cuanto en la calle conversan.</Unicode>
                </TextEquiv>
            </TextLine>
            <TextLine id="r3l25" custom="readingOrder {index:24;}">
                <Coords points="981,1420 1007,1421 1033,1421 1060,1422 1086,1422 1113,1422 1139,1422 1165,1422 1192,1421 1218,1421 1245,1421 1271,1420 1297,1419 1324,1419 1350,1419 1377,1418 1403,1418 1429,1418 1456,1417 1482,1417 1509,1418 1509,1384 1482,1383 1456,1383 1429,1384 1403,1384 1377,1384 1350,1385 1324,1385 1297,1385 1271,1386 1245,1387 1218,1387 1192,1387 1165,1388 1139,1388 1113,1388 1086,1388 1060,1388 1033,1387 1007,1387 981,1386"/>
                <Baseline points="981,1409 1007,1410 1033,1410 1060,1411 1086,1411 1113,1411 1139,1411 1165,1411 1192,1410 1218,1410 1245,1410 1271,1409 1297,1408 1324,1408 1350,1408 1377,1407 1403,1407 1429,1407 1456,1406 1482,1406 1509,1407"/>
                <TextEquiv>
                    <Unicode>Oyó decir á unos hombres</Unicode>
                </TextEquiv>
            </TextLine>
            <TextLine id="r3l26" custom="readingOrder {index:25;}">
                <Coords points="978,1471 1005,1471 1032,1471 1059,1471 1087,1471 1114,1471 1141,1470 1168,1470 1196,1470 1223,1470 1250,1469 1277,1469 1305,1469 1332,1468 1359,1468 1386,1468 1414,1468 1441,1467 1468,1467 1495,1467 1523,1466 1523,1432 1495,1433 1468,1433 1441,1433 1414,1434 1386,1434 1359,1434 1332,1434 1305,1435 1277,1435 1250,1435 1223,1436 1196,1436 1168,1436 1141,1436 1114,1437 1087,1437 1059,1437 1032,1437 1005,1437 978,1437"/>
                <Baseline points="978,1460 1005,1460 1032,1460 1059,1460 1087,1460 1114,1460 1141,1459 1168,1459 1196,1459 1223,1459 1250,1458 1277,1458 1305,1458 1332,1457 1359,1457 1386,1457 1414,1457 1441,1456 1468,1456 1495,1456 1523,1455"/>
                <TextEquiv>
                    <Unicode>aquestas palabras mesmas:</Unicode>
                </TextEquiv>
            </TextLine>
            <TextLine id="r3l27" custom="readingOrder {index:26;}">
                <Coords points="990,1521 1015,1521 1041,1520 1066,1520 1092,1520 1117,1520 1143,1519 1169,1519 1194,1519 1220,1518 1245,1518 1271,1517 1296,1517 1322,1516 1348,1516 1373,1516 1399,1516 1424,1515 1450,1515 1476,1515 1476,1481 1450,1481 1424,1481 1399,1482 1373,1482 1348,1482 1322,1482 1296,1483 1271,1483 1245,1484 1220,1484 1194,1485 1169,1485 1143,1485 1117,1486 1092,1486 1066,1486 1041,1486 1015,1487 990,1487"/>
                <Baseline points="990,1510 1015,1510 1041,1509 1066,1509 1092,1509 1117,1509 1143,1508 1169,1508 1194,1508 1220,1507 1245,1507 1271,1506 1296,1506 1322,1505 1348,1505 1373,1505 1399,1505 1424,1504 1450,1504 1476,1504"/>
                <TextEquiv>
                    <Unicode>para mañana á la noche</Unicode>
                </TextEquiv>
            </TextLine>
            <TextLine id="r3l28" custom="readingOrder {index:27;}">
                <Coords points="979,1568 1009,1568 1039,1568 1070,1568 1100,1568 1131,1568 1161,1567 1192,1567 1222,1567 1253,1566 1283,1566 1313,1565 1344,1565 1374,1565 1405,1564 1435,1564 1466,1564 1496,1564 1527,1564 1557,1564 1588,1565 1588,1531 1557,1530 1527,1530 1496,1530 1466,1530 1435,1530 1405,1530 1374,1531 1344,1531 1313,1531 1283,1532 1253,1532 1222,1533 1192,1533 1161,1533 1131,1534 1100,1534 1070,1534 1039,1534 1009,1534 979,1534"/>
                <Baseline points="979,1557 1009,1557 1039,1557 1070,1557 1100,1557 1131,1557 1161,1556 1192,1556 1222,1556 1253,1555 1283,1555 1313,1554 1344,1554 1374,1554 1405,1553 1435,1553 1466,1553 1496,1553 1527,1553 1557,1553 1588,1554"/>
                <TextEquiv>
                    <Unicode>tengo una funcion muy régia</Unicode>
                </TextEquiv>
            </TextLine>
            <TextLine id="r3l29" custom="readingOrder {index:28;}">
                <Coords points="984,1617 1014,1617 1044,1617 1075,1616 1105,1616 1135,1616 1166,1615 1196,1615 1226,1615 1257,1614 1287,1614 1317,1613 1348,1613 1378,1613 1408,1612 1439,1612 1469,1612 1499,1612 1530,1613 1560,1613 1591,1614 1591,1580 1560,1579 1530,1579 1499,1578 1469,1578 1439,1578 1408,1578 1378,1579 1348,1579 1317,1579 1287,1580 1257,1580 1226,1581 1196,1581 1166,1581 1135,1582 1105,1582 1075,1582 1044,1583 1014,1583 984,1583"/>
                <Baseline points="984,1606 1014,1606 1044,1606 1075,1605 1105,1605 1135,1605 1166,1604 1196,1604 1226,1604 1257,1603 1287,1603 1317,1602 1348,1602 1378,1602 1408,1601 1439,1601 1469,1601 1499,1601 1530,1602 1560,1602 1591,1603"/>
                <TextEquiv>
                    <Unicode>en casa de don Juan Mancilla,</Unicode>
                </TextEquiv>
            </TextLine>
            <TextLine id="r3l30" custom="readingOrder {index:29;}">
                <Coords points="982,1664 1013,1664 1045,1664 1077,1664 1109,1664 1140,1663 1172,1663 1204,1663 1236,1663 1267,1663 1299,1663 1331,1662 1363,1662 1394,1662 1426,1662 1458,1662 1490,1661 1521,1661 1553,1661 1585,1661 1617,1660 1617,1626 1585,1627 1553,1627 1521,1627 1490,1627 1458,1628 1426,1628 1394,1628 1363,1628 1331,1628 1299,1629 1267,1629 1236,1629 1204,1629 1172,1629 1140,1629 1109,1630 1077,1630 1045,1630 1013,1630 982,1630"/>
                <Baseline points="982,1653 1013,1653 1045,1653 1077,1653 1109,1653 1140,1652 1172,1652 1204,1652 1236,1652 1267,1652 1299,1652 1331,1651 1363,1651 1394,1651 1426,1651 1458,1651 1490,1650 1521,1650 1553,1650 1585,1650 1617,1649"/>
                <TextEquiv>
                    <Unicode>porque en su casa se hospedan</Unicode>
                </TextEquiv>
            </TextLine>
            <TextLine id="r3l31" custom="readingOrder {index:30;}">
                <Coords points="987,1712 1012,1713 1037,1713 1062,1713 1087,1712 1112,1712 1137,1712 1162,1712 1187,1711 1212,1711 1237,1711 1262,1710 1287,1710 1312,1710 1337,1710 1362,1709 1387,1710 1412,1710 1437,1710 1462,1711 1462,1677 1437,1676 1412,1676 1387,1676 1362,1675 1337,1676 1312,1676 1287,1676 1262,1676 1237,1677 1212,1677 1187,1677 1162,1678 1137,1678 1112,1678 1087,1678 1062,1679 1037,1679 1012,1679 987,1678"/>
                <Baseline points="987,1701 1012,1702 1037,1702 1062,1702 1087,1701 1112,1701 1137,1701 1162,1701 1187,1700 1212,1700 1237,1700 1262,1699 1287,1699 1312,1699 1337,1699 1362,1698 1387,1699 1412,1699 1437,1699 1462,1700"/>
                <TextEquiv>
                    <Unicode>dos famosos caballeros</Unicode>
                </TextEquiv>
            </TextLine>
            <TextLine id="r3l32" custom="readingOrder {index:31;}">
                <Coords points="981,1762 1007,1763 1033,1763 1059,1762 1085,1762 1111,1762 1137,1761 1163,1761 1189,1760 1215,1760 1241,1759 1267,1759 1293,1758 1319,1758 1345,1758 1371,1758 1397,1759 1423,1759 1449,1760 1449,1726 1423,1725 1397,1725 1371,1724 1345,1724 1319,1724 1293,1724 1267,1725 1241,1725 1215,1726 1189,1726 1163,1727 1137,1727 1111,1728 1085,1728 1059,1728 1033,1729 1007,1729 981,1728"/>
                <Baseline points="981,1751 1007,1752 1033,1752 1059,1751 1085,1751 1111,1751 1137,1750 1163,1750 1189,1749 1215,1749 1241,1748 1267,1748 1293,1747 1319,1747 1345,1747 1371,1747 1397,1748 1423,1748 1449,1749"/>
                <TextEquiv>
                    <Unicode>naturales de Valencia,</Unicode>
                </TextEquiv>
            </TextLine>
            <TextLine id="r3l33" custom="readingOrder {index:32;}">
                <Coords points="988,1808 1013,1809 1039,1810 1065,1811 1090,1811 1116,1811 1142,1810 1167,1810 1193,1809 1219,1808 1244,1807 1270,1807 1296,1806 1321,1806 1347,1806 1373,1806 1398,1806 1424,1807 1450,1808 1450,1775 1424,1774 1398,1773 1373,1773 1347,1773 1321,1773 1296,1773 1270,1774 1244,1774 1219,1775 1193,1776 1167,1777 1142,1777 1116,1778 1090,1778 1065,1778 1039,1777 1013,1776 988,1775"/>
                <Baseline points="988,1797 1013,1798 1039,1799 1065,1800 1090,1800 1116,1800 1142,1799 1167,1799 1193,1798 1219,1797 1244,1796 1270,1796 1296,1795 1321,1795 1347,1795 1373,1795 1398,1795 1424,1796 1450,1797"/>
                <TextEquiv>
                    <Unicode>y quieren regocijarlos;</Unicode>
                </TextEquiv>
            </TextLine>
            <TextLine id="r3l34" custom="readingOrder {index:33;}">
                <Coords points="985,1858 1012,1859 1040,1859 1068,1859 1095,1858 1123,1858 1151,1858 1178,1858 1206,1857 1234,1857 1262,1857 1289,1856 1317,1856 1345,1855 1372,1855 1400,1854 1428,1854 1455,1853 1483,1853 1511,1853 1539,1852 1539,1819 1511,1820 1483,1820 1455,1820 1428,1821 1400,1821 1372,1822 1345,1822 1317,1823 1289,1823 1262,1824 1234,1824 1206,1824 1178,1825 1151,1825 1123,1825 1095,1825 1068,1826 1040,1826 1012,1826 985,1825"/>
                <Baseline points="985,1847 1012,1848 1040,1848 1068,1848 1095,1847 1123,1847 1151,1847 1178,1847 1206,1846 1234,1846 1262,1846 1289,1845 1317,1845 1345,1844 1372,1844 1400,1843 1428,1843 1455,1842 1483,1842 1511,1842 1539,1841"/>
                <TextEquiv>
                    <Unicode>se ha de hacer una comedia</Unicode>
                </TextEquiv>
            </TextLine>
            <TextLine id="r3l35" custom="readingOrder {index:34;}">
                <Coords points="991,1908 1016,1908 1041,1908 1066,1908 1092,1907 1117,1907 1142,1907 1168,1906 1193,1906 1218,1906 1244,1905 1269,1905 1294,1904 1319,1904 1345,1904 1370,1903 1395,1903 1421,1903 1446,1903 1471,1903 1497,1903 1497,1869 1471,1869 1446,1869 1421,1869 1395,1869 1370,1869 1345,1870 1319,1870 1294,1870 1269,1871 1244,1871 1218,1872 1193,1872 1168,1872 1142,1873 1117,1873 1092,1873 1066,1874 1041,1874 1016,1874 991,1874"/>
                <Baseline points="991,1897 1016,1897 1041,1897 1066,1897 1092,1896 1117,1896 1142,1896 1168,1895 1193,1895 1218,1895 1244,1894 1269,1894 1294,1893 1319,1893 1345,1893 1370,1892 1395,1892 1421,1892 1446,1892 1471,1892 1497,1892"/>
                <TextEquiv>
                    <Unicode>con algunos entremeses,</Unicode>
                </TextEquiv>
            </TextLine>
            <TextLine id="r3l36" custom="readingOrder {index:35;}">
                <Coords points="990,1956 1017,1956 1045,1956 1073,1956 1100,1956 1128,1956 1156,1955 1183,1955 1211,1955 1239,1954 1267,1954 1294,1953 1322,1953 1350,1953 1377,1952 1405,1952 1433,1952 1460,1952 1488,1952 1516,1952 1544,1952 1544,1919 1516,1919 1488,1919 1460,1919 1433,1919 1405,1919 1377,1919 1350,1920 1322,1920 1294,1920 1267,1921 1239,1921 1211,1922 1183,1922 1156,1922 1128,1923 1100,1923 1073,1923 1045,1923 1017,1923 990,1923"/>
                <Baseline points="990,1945 1017,1945 1045,1945 1073,1945 1100,1945 1128,1945 1156,1944 1183,1944 1211,1944 1239,1943 1267,1943 1294,1942 1322,1942 1350,1942 1377,1941 1405,1941 1433,1941 1460,1941 1488,1941 1516,1941 1544,1941"/>
                <TextEquiv>
                    <Unicode>mas no quiero que se sepa,</Unicode>
                </TextEquiv>
            </TextLine>
            <TextLine id="r3l37" custom="readingOrder {index:36;}">
                <Coords points="996,2005 1024,2005 1052,2005 1081,2005 1109,2005 1138,2004 1166,2004 1194,2004 1223,2003 1251,2003 1280,2003 1308,2002 1336,2002 1365,2001 1393,2001 1422,2000 1450,2000 1478,1999 1507,1999 1535,1998 1564,1998 1564,1965 1535,1965 1507,1966 1478,1966 1450,1967 1422,1967 1393,1968 1365,1968 1336,1969 1308,1969 1280,1970 1251,1970 1223,1970 1194,1971 1166,1971 1138,1971 1109,1972 1081,1972 1052,1972 1024,1972 996,1972"/>
                <Baseline points="996,1994 1024,1994 1052,1994 1081,1994 1109,1994 1138,1993 1166,1993 1194,1993 1223,1992 1251,1992 1280,1992 1308,1991 1336,1991 1365,1990 1393,1990 1422,1989 1450,1989 1478,1988 1507,1988 1535,1987 1564,1987"/>
                <TextEquiv>
                    <Unicode>porque en Valencia mataron</Unicode>
                </TextEquiv>
            </TextLine>
            <TextLine id="r3l38" custom="readingOrder {index:37;}">
                <Coords points="988,2054 1021,2053 1055,2053 1089,2052 1122,2052 1156,2051 1190,2051 1223,2051 1257,2051 1291,2050 1325,2050 1358,2050 1392,2050 1426,2049 1459,2049 1493,2049 1527,2048 1560,2048 1594,2047 1628,2046 1662,2045 1662,2011 1628,2012 1594,2013 1560,2014 1527,2014 1493,2015 1459,2015 1426,2015 1392,2016 1358,2016 1325,2016 1291,2016 1257,2017 1223,2017 1190,2017 1156,2017 1122,2018 1089,2018 1055,2019 1021,2019 988,2020"/>
                <Baseline points="988,2043 1021,2042 1055,2042 1089,2041 1122,2041 1156,2040 1190,2040 1223,2040 1257,2040 1291,2039 1325,2039 1358,2039 1392,2039 1426,2038 1459,2038 1493,2038 1527,2037 1560,2037 1594,2036 1628,2035 1662,2034"/>
                <TextEquiv>
                    <Unicode>á un hombre de grandes prendas.</Unicode>
                </TextEquiv>
            </TextLine>
            <TextLine id="r3l39" custom="readingOrder {index:38;}">
                <Coords points="986,2101 1016,2101 1046,2101 1077,2101 1107,2101 1138,2100 1168,2100 1199,2100 1229,2100 1260,2100 1290,2099 1321,2099 1351,2099 1382,2099 1412,2098 1443,2098 1473,2098 1504,2097 1534,2097 1565,2097 1565,2063 1534,2063 1504,2063 1473,2064 1443,2064 1412,2064 1382,2065 1351,2065 1321,2065 1290,2065 1260,2066 1229,2066 1199,2066 1168,2066 1138,2066 1107,2067 1077,2067 1046,2067 1016,2067 986,2067"/>
                <Baseline points="986,2090 1016,2090 1046,2090 1077,2090 1107,2090 1138,2089 1168,2089 1199,2089 1229,2089 1260,2089 1290,2088 1321,2088 1351,2088 1382,2088 1412,2087 1443,2087 1473,2087 1504,2086 1534,2086 1565,2086"/>
                <TextEquiv>
                    <Unicode>Tente, hombre, no prosigas,</Unicode>
                </TextEquiv>
            </TextLine>
            <TextLine id="r3l40" custom="readingOrder {index:39;}">
                <Coords points="983,2152 1009,2151 1035,2150 1061,2150 1087,2149 1113,2149 1139,2149 1165,2149 1191,2148 1217,2148 1243,2148 1269,2148 1295,2148 1321,2148 1347,2147 1373,2147 1399,2147 1425,2146 1451,2145 1451,2111 1425,2112 1399,2113 1373,2113 1347,2113 1321,2114 1295,2114 1269,2114 1243,2114 1217,2114 1191,2114 1165,2115 1139,2115 1113,2115 1087,2115 1061,2116 1035,2116 1009,2117 983,2118"/>
                <Baseline points="983,2141 1009,2140 1035,2139 1061,2139 1087,2138 1113,2138 1139,2138 1165,2138 1191,2137 1217,2137 1243,2137 1269,2137 1295,2137 1321,2137 1347,2136 1373,2136 1399,2136 1425,2135 1451,2134"/>
                <TextEquiv>
                    <Unicode>reporta tu fácil lengua,</Unicode>
                </TextEquiv>
            </TextLine>
            <TextLine id="r3l41" custom="readingOrder {index:40;}">
                <Coords points="992,2200 1023,2200 1054,2199 1085,2199 1117,2198 1148,2198 1179,2198 1210,2198 1242,2197 1273,2197 1304,2197 1335,2197 1367,2196 1398,2196 1429,2196 1460,2195 1492,2195 1523,2194 1554,2193 1585,2193 1617,2192 1617,2158 1585,2159 1554,2159 1523,2160 1492,2161 1460,2161 1429,2162 1398,2162 1367,2162 1335,2163 1304,2163 1273,2163 1242,2163 1210,2164 1179,2164 1148,2164 1117,2164 1085,2165 1054,2165 1023,2166 992,2166"/>
                <Baseline points="992,2189 1023,2189 1054,2188 1085,2188 1117,2187 1148,2187 1179,2187 1210,2187 1242,2186 1273,2186 1304,2186 1335,2186 1367,2185 1398,2185 1429,2185 1460,2184 1492,2184 1523,2183 1554,2182 1585,2182 1617,2181"/>
                <TextEquiv>
                    <Unicode>que no sabes quien te escucha.</Unicode>
                </TextEquiv>
            </TextLine>
            <TextLine id="r3l42" custom="readingOrder {index:41;}">
                <Coords points="998,2246 1023,2247 1048,2248 1074,2248 1099,2249 1125,2249 1150,2249 1176,2249 1201,2249 1227,2248 1252,2248 1277,2247 1303,2246 1328,2246 1354,2245 1379,2245 1405,2245 1430,2244 1456,2244 1481,2244 1507,2245 1507,2211 1481,2210 1456,2210 1430,2210 1405,2211 1379,2211 1354,2211 1328,2212 1303,2212 1277,2213 1252,2214 1227,2214 1201,2215 1176,2215 1150,2215 1125,2215 1099,2215 1074,2214 1048,2214 1023,2213 998,2212"/>
                <Baseline points="998,2235 1023,2236 1048,2237 1074,2237 1099,2238 1125,2238 1150,2238 1176,2238 1201,2238 1227,2237 1252,2237 1277,2236 1303,2235 1328,2235 1354,2234 1379,2234 1405,2234 1430,2233 1456,2233 1481,2233 1507,2234"/>
                <TextEquiv>
                    <Unicode>O cuanto mas no valiera</Unicode>
                </TextEquiv>
            </TextLine>
            <TextEquiv>
                <Unicode>á Cartagena marchaba
con muy pronta diligencia.
Llegó por fin una tarde
á eso de las dos y media,
y en un meson se acojió,
y dijo á la mesonera;
cuideme de ese caballo
que yo presto doy la vuelta:
y sin desarmarse, fué
á la playa por si encuentra
á alguno de sus paisanos,
que el verles tanto desea.
No los pudo descubrir,
y hácia el meson dió la vuelta,
y á la patrona le dijo,
le previniese la cena,
y que le hiciese la cama
en una cuadra que tenga
las ventanas á la calle,
sin darle á entender su idea.
Apenas anocheció
pronta se puso á la reja
de la ventana escuchando
cuanto en la calle conversan.
Oyó decir á unos hombres
aquestas palabras mesmas:
para mañana á la noche
tengo una funcion muy régia
en casa de don Juan Mancilla,
porque en su casa se hospedan
dos famosos caballeros
naturales de Valencia,
y quieren regocijarlos;
se ha de hacer una comedia
con algunos entremeses,
mas no quiero que se sepa,
porque en Valencia mataron
á un hombre de grandes prendas.
Tente, hombre, no prosigas,
reporta tu fácil lengua,
que no sabes quien te escucha.
O cuanto mas no valiera</Unicode>
            </TextEquiv>
        </TextRegion>
    </Page>
</PcGts>
