1765 2512
840 247 886 284 8.
143 304 683 346 Pasó á Valencia, y en ella
149 354 679 392 entró con mucho secreto:
140 403 811 441 se ha informado de sus padres,
141 450 702 489 y sabiendo estaban buenos,
147 498 617 537 de noche se determina
140 548 640 586 el ir disfrazada á verlos.
142 596 604 635 A eso de las oraciones
147 646 677 684 ensilló el caballo, y luego
135 695 728 732 montó en él y fué à su casa
130 743 607 781 para cumplir su deseo,
139 791 761 829 Llegó á la puerta, y tocando,
133 839 767 878 á abrirle llegó un buen viejo,
141 889 657 927 y ella cortés le pregunta,
143 936 676 974 destocándose el sombrero:
135 985 717 1021 vive aquí el señor don Juan
140 1032 576 1071 Ramirez y Marmolejo?
136 1084 616 1119 Si Señor, le respondió;
135 1131 697 1167 y entoces entró allá dentro.
134 1177 686 1215 Dé usted recado á su amo,
145 1227 677 1264 que le busca un caballero,
132 1273 758 1313 que le quiere hablar despacio.
142 1322 750 1361 El buen viejo fué allá dentro,
138 1371 664 1410 á su señor dió el recado,
131 1422 599 1462 y fuera salió diciendo,
139 1468 708 1507 qué se ofrece, buen amigo?
139 1516 738 1556 Y ella respondió al momento:
132 1565 614 1604 solo el serviros, señor,
140 1614 670 1653 entremos hácia ya dentro,
135 1662 655 1701 que quiero que la familia
131 1713 559 1750 participe del secreto.
131 1759 750 1797 Hácia allá dentro se entraron
131 1808 750 1846 despues de los cumplimientos,
134 1858 650 1895 se sentaron lado á lado,
129 1908 621 1949 y dijo tened por cierto,
129 1956 625 1994 que vuestra hija, señor,
124 2004 759 2045 hoy se haya en este pueblo,
860 303 1493 341 Tres años y medio ha estado
864 352 1362 388 metida en un cautiverio,
867 401 1401 437 sirviendo no como esclava
863 450 1421 486 porque era absoluto dueño
867 498 1320 533 de la casa de su amo;
867 546 1454 582 y al cabo de aqueste tiempo
868 595 1322 629 le ha dado la libertad,
859 644 1391 680 y gran porcion de dinero.
864 692 1520 726 Don Juan que atento escuchaba
866 738 1380 779 las razones del mancebo,
860 787 1328 826 al oirlo se enternece,
863 836 1311 872 y lloraba sin consuelo.
855 883 1344 919 A hija de mis entrañas!
911 932 1364 968 ó si permitiera el cielo
869 981 1346 1018 que yo la viese en mi casa!
857 1028 1318 1065 cesarian mis desvelos.
864 1077 1355 1113 La madre por otro lado
855 1124 1340 1162 hacíase al sentimiento;
859 1173 1370 1210 ella entonces se levanta,
859 1222 1410 1261 y arrodillada en el suelo,
859 1271 1370 1308 dijo cese vuestro llanto,
856 1319 1533 1356 que á vuestra hija estais viendo.
864 1368 1332 1403 Y ahora padre y señor,
855 1416 1395 1454 perdonad mi grave yerro:
859 1466 1289 1502 y lo que pretendo es
860 1514 1431 1548 meterme en un monasterio.
865 1561 1359 1598 Lo pusieron por la obra,
855 1611 1527 1647 y se ha entrado en un convento,
860 1658 1392 1695 de Religiosas Franciscas,
866 1706 1426 1743 donde vivió dando ejemplo.
861 1755 1430 1791 Aprended, mozas doncellas,
860 1804 1442 1842 y mirad los muchos riesgos,
864 1851 1456 1889 en que se vió aquesta dama,
856 1900 1384 1936 por de fender á su dueño.
865 1948 1380 1986 Y Pedro de Fuentes pide,
850 1998 1396 2038 el perdon de sus defectos,
781 2120 890 2156 FIN.
637 2242 1017 2280 CARMONA—1859.
184 2290 1475 2335 Imprenta de D. José M, Moreno, calle Juan de la Cabra núm 4.
