1765 2512
136 272 632 317 la arabiga lengua y ella
136 319 818 367 la aprendió en muy breve tiempo.
140 369 699 413 Tan buenas cuentas le daba
145 418 650 460 á su amo y tan contento
141 466 575 510 lo tenia que no sabe
149 513 753 558 que hacerse con su escudero.
139 563 631 605 En este tiempo la mora,
143 613 699 655 muger de su amo mesmo,
147 661 603 702 á don Pedro regalaba,
145 710 650 750 y hacia algunos cortejos.
150 757 623 799 Un dia que fué su amo
155 805 651 847 á caza con los monteros
158 854 677 897 le llamó y le dijo á solas:
159 901 691 943 cristiano yo por tí muero
157 950 695 995 yo no duermo ni descanso
160 1002 624 1041 en mí no cabe sosiego,
155 1051 567 1089 si merezco la dicha
170 1098 737 1139 de que premies mis afectos
160 1146 599 1186 te prometo que serás
168 1193 757 1235 el dueño de aqueste pueblo.
163 1243 637 1284 Don Pedro la disuadió,
171 1291 681 1332 de esta manera diciendo;
172 1339 805 1380 mirad que soy vuestro esclavo,
167 1389 671 1432 y que si no tengo yerro,
167 1435 741 1478 eso es merced que me hizo
171 1483 735 1524 mi amo por ser tan bueno;
165 1531 681 1578 y pues que de mí se fia
170 1580 679 1623 hacerle ofensa no quiero,
179 1627 731 1669 Viendo la mora el desaire
173 1675 825 1721 que el cristiano le habia hecho
175 1726 729 1769 jura por su gran Mahoma,
177 1771 849 1817 que ha de vengar su desprecio.
178 1824 689 1867 Apenaa entró su esposo,
179 1870 799 1914 le hechó los brazos al cuello,
177 1920 661 1965 y con un llanto fingido
179 1969 643 2012 le dijo poned remedio
188 2019 655 2061 en vuestra casa, señor,
183 2062 811 2111 porque el mayordomo vuestro
187 2117 703 2156 á mi aposento se arroja,
188 2162 781 2205 trajo en la mano este acero:
189 2211 759 2254 con el puñal me amenaza,
195 2261 783 2303 queriendo lograr su intento;
828 142 850 292 6
863 262 1392 304 mas yo como una leona,
863 310 1399 351 me lenvanté de mi lecho,
867 358 1363 399 se lo quité de la mano,
863 406 1494 447 el cual que veis aquí le tengo,
871 452 1345 496 Salió fuera el renegado
871 500 1319 544 enfurecido y soberbio
870 549 1415 595 y á sus criados les manda
877 598 1385 641 que pasieran á D. Pedro
877 648 1379 688 en una oscura mazmorra,
873 697 1369 740 y lo cargasen de hierro;
871 747 1377 789 y que no le diesen agua
879 795 1439 832 tampoco el mantenimiento,
879 841 1389 883 para que allí se muriese,
881 888 1399 930 pagando su atrevimiento.
883 938 1365 979 Un moro piadoso habia,
883 986 1417 1027 que compadecido al verlo,
923 1035 1385 1075 á escondidas de su amo
882 1083 1345 1125 le llevaba el alimento.
891 1131 1337 1173 Al cabo de cinco dias,
892 1179 1411 1221 por ver si habia muerto,
892 1228 1415 1269 dió la vuelta el renegado,
891 1275 1419 1318 y viendo vivo á D. Pedro;
899 1323 1407 1366 con furia cogió un cordel
895 1373 1365 1415 para azotarlo soberbio;
897 1422 1477 1465 y al tiempo de descargarle,
895 1471 1363 1511 le dijo: señor, teneos,
901 1514 1436 1560 advertir que es testimonio
899 1563 1493 1609 por lo que estoy padeciendo,
899 1613 1525 1657 yo soy muger; no soy hombre;
893 1662 1429 1713 y para prueba de aquesto,
907 1712 1509 1753 puedo muy bien convencerle,
899 1758 1435 1804 manisfestándole un pecho.
908 1809 1401 1853 De la prision la sacaba,
905 1855 1459 1904 y con alhagos muy tiernos
913 1908 1396 1948 le dijo cristiana amiga,
915 1955 1391 1996 dame parte del suceso.
914 2004 1349 2045 Yo señor, os lo diré,
911 2048 1500 2094 sin faltar un punto en ello.
911 2102 1347 2142 Mi ama me regalaba,
915 2148 1457 2194 y hacia algunos estremos:
921 2198 1303 2240 de su mano recibí
915 2249 1496 2291 dos joyas de mucho precio,
