1737 2508
1358 319 1568 356 (Núm. 20.)
266 1235 1583 1297 DOÑA JOSEFA RAMIREZ.
222 1322 1638 1382 NUEVA RELACION, EN QUE SE DÁ CUENTA DE LOS NOTABLES
274 1370 1594 1426 arrojos y valientes arrestos que hizo Doña Josefa Ramirez, natura)
319 1416 1548 1470 de la ciudad de Valencia, y felicidad con que salió de todos ellos.
735 1556 1122 1600 PRIMERA PARTE.
278 1653 854 1699 A la que es Madre del Verbo,
229 1701 672 1743 María Señora Nuestra,
222 1748 793 1793 le pido humilde y postrado,
226 1796 813 1841 me dé gracias con que pueda
223 1845 711 1885 referirle á mi auditorio
224 1894 738 1940 la mas infausta tragedia,
219 1945 642 1983 y el afortunado caso
223 1992 774 2036 que sucedió á una doncella:
219 2041 754 2082 atencion que ya comienzo.
226 2090 739 2131 En la ciudad de Valencia
221 2138 817 2181 nació de muy nobles padres
228 2187 716 2226 la hermosa doña Josefa:
222 2235 818 2281 con muy buenos documentos,
231 2285 711 2330 crióse aquesta Minerva;
958 1663 1486 1712 que Palas la tuvo envidia,
954 1713 1479 1759 por lo sábia y lo discreta;
961 1760 1486 1805 Venus se quedó afrentada,
954 1808 1452 1851 solo al mirar su belleza.
947 1856 1462 1901 Apenas cumplió esta niña
957 1906 1450 1948 diez y ocho primaveras,
948 1954 1484 1996 muchos señores la rondan
948 2002 1415 2043 sus celosías y puertas;
951 2050 1545 2093 y entre tantos pretendientes
954 2100 1425 2139 la adoraba muy deberas
958 2148 1422 2188 un principal caballero,
947 2197 1473 2239 don Pedro de Valenzuela.
947 2245 1504 2286 Este la escribió un billete
950 2293 1502 2339 con muy rendidas ofertas,
