<?xml version="1.0" encoding="UTF-8" standalone="yes"?>
<PcGts xmlns="http://schema.primaresearch.org/PAGE/gts/pagecontent/2013-07-15" xmlns:xsi="http://www.w3.org/2001/XMLSchema-instance" xsi:schemaLocation="http://schema.primaresearch.org/PAGE/gts/pagecontent/2013-07-15 http://schema.primaresearch.org/PAGE/gts/pagecontent/2013-07-15/pagecontent.xsd">
    <Metadata>
        <Creator>prov=University of Rostock/Institute of Mathematics/CITlab|PLANET AI GmbH/Gundram Leifert/gundram.leifert@planet-ai.de:name=Pliegos de Cordel (XIXe) - v4(htr_id=27283)::::v=2.6.7
prov=University of Rostock/Institute of Mathematics/CITlab|PLANET AI GmbH/Tobias Gruening/tobias.gruening@planet-ai.de:name=de.uros.citlab.module.baseline2polygon.B2PSeamMultiOriented:v=2.6.7
prov=University of Rostock/Institute of Mathematics/CITlab|PLANET AI GmbH/Tobias Gruening/tobias.gruening@planet-ai.de:name=/net_tf/LA73_249_0mod360.pb:de.uros.citlab.segmentation.CITlab_LA_ML:v=2.6.7
Transkribus</Creator>
        <Created>2020-12-04T09:32:15.356+01:00</Created>
        <LastChange>2020-12-16T10:16:05.967+01:00</LastChange>
        <Comments>
                Measurement unit: pixel
                PrimaryLanguage: 
                Producer: Transkribus
            </Comments>
        <TranskribusMetadata docId="525391" pageId="22319119" pageNr="41" tsid="50350339" status="DONE" userId="66244" imgUrl="https://files.transkribus.eu/Get?id=RXVNVDEMRTESMERNCNIFLXES&amp;fileType=view" xmlUrl="https://files.transkribus.eu/Get?id=VIHWLFLLQTKYNYCWNLUIBQXK" imageId="17388634"/>
    </Metadata>
    <Page imageFilename="Moreno_250_1.jpg" imageWidth="1765" imageHeight="2512">
        <PrintSpace>
            <Coords points="0,0 1765,0 1765,2512 0,2512"/>
        </PrintSpace>
        <ReadingOrder>
            <OrderedGroup id="ro_1608295540115" caption="Regions reading order">
                <RegionRefIndexed index="0" regionRef="r_1_1"/>
                <RegionRefIndexed index="3" regionRef="r_3_1"/>
                <RegionRefIndexed index="4" regionRef="r_4_1"/>
                <RegionRefIndexed index="5" regionRef="r_5_1"/>
            </OrderedGroup>
        </ReadingOrder>
        <TextRegion orientation="0.0" type="paragraph" id="r_1_1" custom="readingOrder {index:0;}">
            <Coords points="1170,257 1459,262 1449,335 1160,330"/>
            <TextLine id="r_1_1l1" custom="readingOrder {index:0;}">
                <Coords points="1180,363 1205,362 1230,361 1255,361 1280,361 1305,361 1330,362 1355,362 1380,363 1405,363 1430,364 1430,214 1405,213 1380,213 1355,212 1330,212 1305,211 1280,211 1255,211 1230,211 1205,212 1180,213"/>
                <Baseline points="1180,313 1205,312 1230,311 1255,311 1280,311 1305,311 1330,312 1355,312 1380,313 1405,313 1430,314"/>
                <TextEquiv>
                    <Unicode>(Núm. 260.)</Unicode>
                </TextEquiv>
            </TextLine>
            <TextEquiv>
                <Unicode>(Núm. 260.)</Unicode>
            </TextEquiv>
        </TextRegion>
        <GraphicRegion id="r_2" custom="readingOrder {index:1;}">
            <Coords points="426,396 788,391 788,1218 426,1223"/>
        </GraphicRegion>
        <GraphicRegion id="Graphic_1607072894157_1276" custom="readingOrder {index:2;}">
            <Coords points="1183,1208 789,1208 789,506 1183,506"/>
        </GraphicRegion>
        <TextRegion orientation="0.0" type="paragraph" id="r_3_1" custom="readingOrder {index:3;}">
            <Coords points="103,1293 1535,1293 1535,1591 103,1591"/>
            <TextLine id="r_3_1l1" custom="readingOrder {index:0;}">
                <Coords points="323,1411 371,1412 420,1412 468,1412 517,1411 565,1411 614,1410 662,1409 711,1409 759,1408 808,1407 856,1407 905,1406 953,1406 1002,1405 1050,1405 1099,1406 1147,1406 1196,1407 1244,1408 1293,1409 1293,1348 1244,1347 1196,1346 1147,1345 1099,1345 1050,1344 1002,1344 953,1345 905,1345 856,1346 808,1346 759,1347 711,1348 662,1348 614,1349 565,1350 517,1350 468,1351 420,1351 371,1351 323,1350"/>
                <Baseline points="323,1391 371,1392 420,1392 468,1392 517,1391 565,1391 614,1390 662,1389 711,1389 759,1388 808,1387 856,1387 905,1386 953,1386 1002,1385 1050,1385 1099,1386 1147,1386 1196,1387 1244,1388 1293,1389"/>
                <TextEquiv>
                    <Unicode>DECIMAS GLOSADAS,</Unicode>
                </TextEquiv>
            </TextLine>
            <TextLine id="r_3_1l2" custom="readingOrder {index:1;}">
                <Coords points="106,1528 180,1526 255,1525 330,1524 404,1523 479,1523 554,1522 628,1522 703,1521 778,1521 852,1521 927,1520 1002,1520 1076,1520 1151,1519 1226,1519 1300,1519 1375,1518 1450,1518 1525,1517 1525,1468 1450,1469 1375,1469 1300,1470 1226,1470 1151,1470 1076,1471 1002,1471 927,1471 852,1472 778,1472 703,1472 628,1473 554,1473 479,1474 404,1474 330,1475 255,1476 180,1477 106,1479"/>
                <Baseline points="106,1512 180,1510 255,1509 330,1508 404,1507 479,1507 554,1506 628,1506 703,1505 778,1505 852,1505 927,1504 1002,1504 1076,1504 1151,1503 1226,1503 1300,1503 1375,1502 1450,1502 1525,1501"/>
                <TextEquiv>
                    <Unicode>en las que se manifiesta los desprecios que hace una dama á todos</Unicode>
                </TextEquiv>
            </TextLine>
            <TextLine id="r_3_1l3" custom="readingOrder {index:2;}">
                <Coords points="588,1587 613,1588 638,1589 663,1590 688,1590 713,1590 738,1590 763,1590 788,1589 813,1589 838,1588 863,1588 888,1587 913,1587 938,1586 963,1586 988,1586 1013,1586 1039,1586 1039,1537 1013,1537 988,1537 963,1537 938,1537 913,1538 888,1538 863,1539 838,1539 813,1540 788,1540 763,1541 738,1541 713,1541 688,1541 663,1541 638,1540 613,1539 588,1538"/>
                <Baseline points="588,1571 613,1572 638,1573 663,1574 688,1574 713,1574 738,1574 763,1574 788,1573 813,1573 838,1572 863,1572 888,1571 913,1571 938,1570 963,1570 988,1570 1013,1570 1039,1570"/>
                <TextEquiv>
                    <Unicode>los que la pretenden.</Unicode>
                </TextEquiv>
            </TextLine>
            <TextEquiv>
                <Unicode>DECIMAS GLOSADAS,
en las que se manifiesta los desprecios que hace una dama á todos
los que la pretenden.</Unicode>
            </TextEquiv>
        </TextRegion>
        <TextRegion orientation="0.0" type="paragraph" id="r_4_1" custom="readingOrder {index:4;}">
            <Coords points="104,1714 720,1714 720,2398 104,2398"/>
            <TextLine id="r_4_1l1" custom="readingOrder {index:0;}">
                <Coords points="145,1769 171,1769 197,1769 223,1769 250,1769 276,1768 302,1768 329,1767 355,1767 381,1767 408,1766 434,1766 460,1766 486,1765 513,1765 539,1765 565,1765 592,1765 618,1765 644,1765 671,1766 671,1733 644,1732 618,1732 592,1732 565,1732 539,1732 513,1732 486,1732 460,1733 434,1733 408,1733 381,1734 355,1734 329,1734 302,1735 276,1735 250,1736 223,1736 197,1736 171,1736 145,1736"/>
                <Baseline points="145,1758 171,1758 197,1758 223,1758 250,1758 276,1757 302,1757 329,1756 355,1756 381,1756 408,1755 434,1755 460,1755 486,1754 513,1754 539,1754 565,1754 592,1754 618,1754 644,1754 671,1755"/>
                <TextEquiv>
                    <Unicode>Me llaman la vanidosa</Unicode>
                </TextEquiv>
            </TextLine>
            <TextLine id="r_4_1l2" custom="readingOrder {index:1;}">
                <Coords points="114,1818 139,1818 164,1818 189,1818 214,1817 239,1817 264,1816 290,1816 315,1816 340,1815 365,1815 390,1815 415,1814 441,1814 466,1814 491,1814 516,1814 541,1815 566,1815 592,1816 592,1783 566,1782 541,1782 516,1781 491,1781 466,1781 441,1781 415,1781 390,1782 365,1782 340,1782 315,1783 290,1783 264,1783 239,1784 214,1784 189,1785 164,1785 139,1785 114,1785"/>
                <Baseline points="114,1807 139,1807 164,1807 189,1807 214,1806 239,1806 264,1805 290,1805 315,1805 340,1804 365,1804 390,1804 415,1803 441,1803 466,1803 491,1803 516,1803 541,1804 566,1804 592,1805"/>
                <TextEquiv>
                    <Unicode>me lo dicen con razon,</Unicode>
                </TextEquiv>
            </TextLine>
            <TextLine id="r_4_1l3" custom="readingOrder {index:2;}">
                <Coords points="112,1867 137,1867 163,1866 188,1866 214,1866 239,1865 265,1865 290,1864 316,1864 341,1863 367,1863 392,1862 418,1862 443,1862 469,1861 494,1861 520,1861 545,1862 571,1862 571,1829 545,1829 520,1828 494,1828 469,1828 443,1829 418,1829 392,1829 367,1830 341,1830 316,1831 290,1831 265,1832 239,1832 214,1833 188,1833 163,1833 137,1834 112,1834"/>
                <Baseline points="112,1856 137,1856 163,1855 188,1855 214,1855 239,1854 265,1854 290,1853 316,1853 341,1852 367,1852 392,1851 418,1851 443,1851 469,1850 494,1850 520,1850 545,1851 571,1851"/>
                <TextEquiv>
                    <Unicode>soy de duro corazon</Unicode>
                </TextEquiv>
            </TextLine>
            <TextLine id="r_4_1l4" custom="readingOrder {index:3;}">
                <Coords points="103,1922 128,1920 153,1918 179,1916 204,1915 229,1913 255,1913 280,1912 305,1912 331,1911 356,1911 382,1911 407,1911 432,1911 458,1911 483,1911 508,1911 534,1911 559,1911 585,1910 585,1877 559,1878 534,1878 508,1878 483,1878 458,1878 432,1878 407,1878 382,1878 356,1878 331,1878 305,1879 280,1879 255,1880 229,1880 204,1882 179,1883 153,1885 128,1887 103,1889"/>
                <Baseline points="103,1911 128,1909 153,1907 179,1905 204,1904 229,1902 255,1902 280,1901 305,1901 331,1900 356,1900 382,1900 407,1900 432,1900 458,1900 483,1900 508,1900 534,1900 559,1900 585,1899"/>
                <TextEquiv>
                    <Unicode>y aborrezco ser esposa.</Unicode>
                </TextEquiv>
            </TextLine>
            <TextLine id="r_4_1l5" custom="readingOrder {index:4;}">
                <Coords points="151,1963 177,1962 204,1962 230,1961 257,1960 283,1960 310,1959 336,1959 363,1959 389,1958 416,1958 443,1958 469,1958 496,1958 522,1958 549,1958 575,1958 602,1958 628,1958 655,1958 682,1958 682,1925 655,1925 628,1925 602,1925 575,1925 549,1925 522,1925 496,1925 469,1925 443,1925 416,1925 389,1925 363,1926 336,1926 310,1926 283,1927 257,1927 230,1928 204,1929 177,1929 151,1930"/>
                <Baseline points="151,1952 177,1951 204,1951 230,1950 257,1949 283,1949 310,1948 336,1948 363,1948 389,1947 416,1947 443,1947 469,1947 496,1947 522,1947 549,1947 575,1947 602,1947 628,1947 655,1947 682,1947"/>
                <TextEquiv>
                    <Unicode>El hermoso me incomoda</Unicode>
                </TextEquiv>
            </TextLine>
            <TextLine id="r_4_1l6" custom="readingOrder {index:5;}">
                <Coords points="105,2017 132,2014 160,2013 187,2011 215,2010 242,2008 270,2007 297,2007 325,2007 352,2006 380,2006 407,2006 435,2007 462,2007 490,2007 517,2007 545,2007 572,2008 600,2008 627,2008 655,2007 655,1976 627,1977 600,1977 572,1977 545,1976 517,1976 490,1976 462,1976 435,1976 407,1975 380,1975 352,1975 325,1976 297,1976 270,1976 242,1977 215,1979 187,1980 160,1982 132,1983 105,1986"/>
                <Baseline points="105,2007 132,2004 160,2003 187,2001 215,2000 242,1998 270,1997 297,1997 325,1997 352,1996 380,1996 407,1996 435,1997 462,1997 490,1997 517,1997 545,1997 572,1998 600,1998 627,1998 655,1997"/>
                <TextEquiv>
                    <Unicode>y el feo nunca me agrada,</Unicode>
                </TextEquiv>
            </TextLine>
            <TextLine id="r_4_1l7" custom="readingOrder {index:6;}">
                <Coords points="105,2060 131,2060 157,2060 183,2060 209,2059 235,2059 261,2058 287,2057 313,2056 339,2056 365,2055 391,2054 417,2054 443,2053 469,2053 495,2053 521,2053 547,2053 573,2054 599,2055 626,2056 626,2025 599,2024 573,2023 547,2022 521,2022 495,2022 469,2022 443,2022 417,2023 391,2023 365,2024 339,2025 313,2025 287,2026 261,2027 235,2028 209,2028 183,2029 157,2029 131,2029 105,2029"/>
                <Baseline points="105,2050 131,2050 157,2050 183,2050 209,2049 235,2049 261,2048 287,2047 313,2046 339,2046 365,2045 391,2044 417,2044 443,2043 469,2043 495,2043 521,2043 547,2043 573,2044 599,2045 626,2046"/>
                <TextEquiv>
                    <Unicode>me pone mal humorada</Unicode>
                </TextEquiv>
            </TextLine>
            <TextLine id="r_4_1l8" custom="readingOrder {index:7;}">
                <Coords points="105,2109 130,2109 156,2109 182,2109 208,2108 233,2108 259,2107 285,2106 311,2105 337,2105 362,2104 388,2104 414,2103 440,2103 465,2103 491,2103 517,2104 543,2104 569,2105 569,2072 543,2071 517,2071 491,2070 465,2070 440,2070 414,2070 388,2071 362,2071 337,2072 311,2072 285,2073 259,2074 233,2075 208,2075 182,2076 156,2076 130,2076 105,2076"/>
                <Baseline points="105,2098 130,2098 156,2098 182,2098 208,2097 233,2097 259,2096 285,2095 311,2094 337,2094 362,2093 388,2093 414,2092 440,2092 465,2092 491,2092 517,2093 543,2093 569,2094"/>
                <TextEquiv>
                    <Unicode>el oir hablar de boda:</Unicode>
                </TextEquiv>
            </TextLine>
            <TextLine id="r_4_1l9" custom="readingOrder {index:8;}">
                <Coords points="104,2157 134,2157 164,2157 195,2157 225,2157 256,2156 286,2156 317,2155 347,2155 378,2154 408,2154 438,2153 469,2153 499,2152 530,2152 560,2152 591,2151 621,2151 652,2151 682,2151 713,2152 713,2119 682,2118 652,2118 621,2118 591,2118 560,2119 530,2119 499,2119 469,2120 438,2120 408,2121 378,2121 347,2122 317,2122 286,2123 256,2123 225,2124 195,2124 164,2124 134,2124 104,2124"/>
                <Baseline points="104,2146 134,2146 164,2146 195,2146 225,2146 256,2145 286,2145 317,2144 347,2144 378,2143 408,2143 438,2142 469,2142 499,2141 530,2141 560,2141 591,2140 621,2140 652,2140 682,2140 713,2141"/>
                <TextEquiv>
                    <Unicode>me gusta el ir con la moda</Unicode>
                </TextEquiv>
            </TextLine>
            <TextLine id="r_4_1l10" custom="readingOrder {index:9;}">
                <Coords points="105,2206 130,2206 155,2205 180,2205 205,2205 231,2204 256,2204 281,2203 306,2203 331,2202 357,2202 382,2202 407,2201 432,2201 457,2201 483,2201 508,2201 533,2201 558,2201 583,2201 609,2201 609,2168 583,2168 558,2168 533,2168 508,2168 483,2168 457,2168 432,2168 407,2168 382,2169 357,2169 331,2169 306,2170 281,2170 256,2171 231,2171 205,2172 180,2172 155,2172 130,2173 105,2173"/>
                <Baseline points="105,2195 130,2195 155,2194 180,2194 205,2194 231,2193 256,2193 281,2192 306,2192 331,2191 357,2191 382,2191 407,2190 432,2190 457,2190 483,2190 508,2190 533,2190 558,2190 583,2190 609,2190"/>
                <TextEquiv>
                    <Unicode>y aparecer cual la rosa</Unicode>
                </TextEquiv>
            </TextLine>
            <TextLine id="r_4_1l11" custom="readingOrder {index:10;}">
                <Coords points="107,2254 133,2253 159,2252 185,2252 211,2252 237,2251 263,2251 289,2251 315,2250 341,2250 367,2250 393,2250 419,2250 445,2249 471,2249 497,2249 523,2249 549,2249 575,2250 601,2250 628,2250 628,2217 601,2217 575,2217 549,2216 523,2216 497,2216 471,2216 445,2216 419,2217 393,2217 367,2217 341,2217 315,2217 289,2218 263,2218 237,2218 211,2219 185,2219 159,2219 133,2220 107,2221"/>
                <Baseline points="107,2243 133,2242 159,2241 185,2241 211,2241 237,2240 263,2240 289,2240 315,2239 341,2239 367,2239 393,2239 419,2239 445,2238 471,2238 497,2238 523,2238 549,2238 575,2239 601,2239 628,2239"/>
                <TextEquiv>
                    <Unicode>en lo divino y preciosa,</Unicode>
                </TextEquiv>
            </TextLine>
            <TextLine id="r_4_1l12" custom="readingOrder {index:11;}">
                <Coords points="109,2306 136,2305 164,2303 191,2302 219,2301 246,2300 274,2299 301,2298 329,2298 356,2298 384,2297 411,2297 439,2297 466,2297 494,2297 521,2298 549,2298 576,2299 604,2299 631,2300 659,2300 659,2267 631,2267 604,2266 576,2266 549,2265 521,2265 494,2264 466,2264 439,2264 411,2264 384,2264 356,2265 329,2265 301,2265 274,2266 246,2267 219,2268 191,2269 164,2270 136,2272 109,2273"/>
                <Baseline points="109,2295 136,2294 164,2292 191,2291 219,2290 246,2289 274,2288 301,2287 329,2287 356,2287 384,2286 411,2286 439,2286 466,2286 494,2286 521,2287 549,2287 576,2288 604,2288 631,2289 659,2289"/>
                <TextEquiv>
                    <Unicode>y como nun ca me abraso,</Unicode>
                </TextEquiv>
            </TextLine>
            <TextLine id="r_4_1l13" custom="readingOrder {index:12;}">
                <Coords points="109,2354 134,2353 160,2352 186,2350 212,2350 238,2349 263,2348 289,2348 315,2347 341,2347 367,2347 392,2347 418,2347 444,2347 470,2347 496,2347 521,2347 547,2348 573,2348 599,2348 625,2349 625,2316 599,2315 573,2315 547,2315 521,2314 496,2314 470,2314 444,2314 418,2314 392,2314 367,2314 341,2314 315,2314 289,2315 263,2315 238,2316 212,2317 186,2317 160,2319 134,2320 109,2321"/>
                <Baseline points="109,2343 134,2342 160,2341 186,2339 212,2339 238,2338 263,2337 289,2337 315,2336 341,2336 367,2336 392,2336 418,2336 444,2336 470,2336 496,2336 521,2336 547,2337 573,2337 599,2337 625,2338"/>
                <TextEquiv>
                    <Unicode>y sin amor yo me paso,</Unicode>
                </TextEquiv>
            </TextLine>
            <TextLine id="r_4_1l14" custom="readingOrder {index:13;}">
                <Coords points="111,2398 136,2399 161,2399 187,2399 212,2399 238,2398 263,2398 288,2398 314,2398 339,2397 365,2397 390,2397 415,2397 441,2396 466,2396 492,2396 517,2396 542,2396 568,2396 593,2396 619,2396 619,2363 593,2363 568,2363 542,2363 517,2363 492,2363 466,2363 441,2363 415,2364 390,2364 365,2364 339,2364 314,2365 288,2365 263,2365 238,2365 212,2366 187,2366 161,2366 136,2366 111,2365"/>
                <Baseline points="111,2387 136,2388 161,2388 187,2388 212,2388 238,2387 263,2387 288,2387 314,2387 339,2386 365,2386 390,2386 415,2386 441,2385 466,2385 492,2385 517,2385 542,2385 568,2385 593,2385 619,2385"/>
                <TextEquiv>
                    <Unicode>me llaman la vanidosa.</Unicode>
                </TextEquiv>
            </TextLine>
            <TextEquiv>
                <Unicode>Me llaman la vanidosa
me lo dicen con razon,
soy de duro corazon
y aborrezco ser esposa.
El hermoso me incomoda
y el feo nunca me agrada,
me pone mal humorada
el oir hablar de boda:
me gusta el ir con la moda
y aparecer cual la rosa
en lo divino y preciosa,
y como nun ca me abraso,
y sin amor yo me paso,
me llaman la vanidosa.</Unicode>
            </TextEquiv>
        </TextRegion>
        <TextRegion orientation="0.0" type="paragraph" id="r_5_1" custom="readingOrder {index:5;}">
            <Coords points="834,1707 1480,1707 1480,2399 834,2399"/>
            <TextLine id="r_5_1l1" custom="readingOrder {index:0;}">
                <Coords points="878,1759 905,1760 933,1760 960,1761 988,1761 1016,1761 1043,1761 1071,1761 1099,1760 1126,1760 1154,1760 1182,1760 1209,1759 1237,1759 1265,1759 1292,1759 1320,1759 1348,1759 1375,1759 1403,1760 1431,1760 1431,1726 1403,1726 1375,1725 1348,1725 1320,1725 1292,1725 1265,1725 1237,1725 1209,1725 1182,1726 1154,1726 1126,1726 1099,1726 1071,1727 1043,1727 1016,1727 988,1727 960,1727 933,1726 905,1726 878,1725"/>
                <Baseline points="878,1748 905,1749 933,1749 960,1750 988,1750 1016,1750 1043,1750 1071,1750 1099,1749 1126,1749 1154,1749 1182,1749 1209,1748 1237,1748 1265,1748 1292,1748 1320,1748 1348,1748 1375,1748 1403,1749 1431,1749"/>
                <TextEquiv>
                    <Unicode>Ni el rico con su dinero</Unicode>
                </TextEquiv>
            </TextLine>
            <TextLine id="r_5_1l2" custom="readingOrder {index:1;}">
                <Coords points="840,1810 869,1810 899,1809 929,1809 959,1809 989,1809 1019,1809 1049,1808 1079,1808 1109,1808 1139,1808 1168,1808 1198,1808 1228,1808 1258,1809 1288,1809 1318,1809 1348,1810 1378,1810 1408,1811 1438,1811 1438,1778 1408,1778 1378,1777 1348,1777 1318,1776 1288,1776 1258,1776 1228,1775 1198,1775 1168,1775 1139,1775 1109,1775 1079,1775 1049,1775 1019,1776 989,1776 959,1776 929,1776 899,1776 869,1777 840,1777"/>
                <Baseline points="840,1799 869,1799 899,1798 929,1798 959,1798 989,1798 1019,1798 1049,1797 1079,1797 1109,1797 1139,1797 1168,1797 1198,1797 1228,1797 1258,1798 1288,1798 1318,1798 1348,1799 1378,1799 1408,1800 1438,1800"/>
                <TextEquiv>
                    <Unicode>ni el pobre con su pobreza,</Unicode>
                </TextEquiv>
            </TextLine>
            <TextLine id="r_5_1l3" custom="readingOrder {index:2;}">
                <Coords points="843,1858 868,1858 893,1857 919,1857 944,1856 970,1856 995,1856 1020,1856 1046,1856 1071,1856 1097,1856 1122,1855 1147,1855 1173,1856 1198,1856 1224,1856 1249,1856 1274,1856 1300,1856 1325,1856 1351,1855 1351,1822 1325,1823 1300,1823 1274,1823 1249,1823 1224,1823 1198,1823 1173,1823 1147,1822 1122,1822 1097,1823 1071,1823 1046,1823 1020,1823 995,1823 970,1823 944,1823 919,1824 893,1824 868,1825 843,1825"/>
                <Baseline points="843,1847 868,1847 893,1846 919,1846 944,1845 970,1845 995,1845 1020,1845 1046,1845 1071,1845 1097,1845 1122,1844 1147,1844 1173,1845 1198,1845 1224,1845 1249,1845 1274,1845 1300,1845 1325,1845 1351,1844"/>
                <TextEquiv>
                    <Unicode>el noble con su nobleza</Unicode>
                </TextEquiv>
            </TextLine>
            <TextLine id="r_5_1l4" custom="readingOrder {index:3;}">
                <Coords points="839,1907 865,1906 891,1906 917,1906 943,1906 969,1905 996,1905 1022,1905 1048,1904 1074,1904 1100,1904 1126,1904 1153,1904 1179,1904 1205,1904 1231,1904 1257,1904 1283,1904 1310,1905 1310,1872 1283,1871 1257,1871 1231,1871 1205,1871 1179,1871 1153,1871 1126,1871 1100,1871 1074,1871 1048,1871 1022,1872 996,1872 969,1872 943,1873 917,1873 891,1873 865,1873 839,1874"/>
                <Baseline points="839,1896 865,1895 891,1895 917,1895 943,1895 969,1894 996,1894 1022,1894 1048,1893 1074,1893 1100,1893 1126,1893 1153,1893 1179,1893 1205,1893 1231,1893 1257,1893 1283,1893 1310,1894"/>
                <TextEquiv>
                    <Unicode>ni el airoso jornalero,</Unicode>
                </TextEquiv>
            </TextLine>
            <TextLine id="r_5_1l5" custom="readingOrder {index:4;}">
                <Coords points="837,1953 862,1954 887,1954 912,1955 937,1955 962,1954 987,1954 1012,1954 1037,1954 1063,1953 1088,1953 1113,1952 1138,1952 1163,1952 1188,1952 1213,1953 1238,1953 1264,1954 1264,1921 1238,1920 1213,1920 1188,1919 1163,1919 1138,1919 1113,1919 1088,1920 1063,1920 1037,1921 1012,1921 987,1921 962,1921 937,1922 912,1922 887,1921 862,1921 837,1920"/>
                <Baseline points="837,1942 862,1943 887,1943 912,1944 937,1944 962,1943 987,1943 1012,1943 1037,1943 1063,1942 1088,1942 1113,1941 1138,1941 1163,1941 1188,1941 1213,1942 1238,1942 1264,1943"/>
                <TextEquiv>
                    <Unicode>cirujano, ni barbero</Unicode>
                </TextEquiv>
            </TextLine>
            <TextLine id="r_5_1l6" custom="readingOrder {index:5;}">
                <Coords points="835,2003 866,2003 897,2003 928,2002 959,2002 990,2002 1021,2002 1052,2001 1083,2001 1114,2001 1145,2001 1176,2001 1207,2000 1238,2000 1269,2000 1300,2000 1331,2000 1362,2000 1393,2000 1424,2001 1456,2001 1456,1967 1424,1967 1393,1966 1362,1966 1331,1966 1300,1966 1269,1966 1238,1966 1207,1966 1176,1967 1145,1967 1114,1967 1083,1967 1052,1967 1021,1968 990,1968 959,1968 928,1968 897,1969 866,1969 835,1969"/>
                <Baseline points="835,1992 866,1992 897,1992 928,1991 959,1991 990,1991 1021,1991 1052,1990 1083,1990 1114,1990 1145,1990 1176,1990 1207,1989 1238,1989 1269,1989 1300,1989 1331,1989 1362,1989 1393,1989 1424,1990 1456,1990"/>
                <TextEquiv>
                    <Unicode>me han llamado la atencion:</Unicode>
                </TextEquiv>
            </TextLine>
            <TextLine id="r_5_1l7" custom="readingOrder {index:6;}">
                <Coords points="836,2051 861,2051 887,2051 912,2051 938,2050 964,2050 989,2050 1015,2050 1040,2050 1066,2049 1092,2049 1117,2049 1143,2049 1168,2049 1194,2049 1220,2049 1245,2049 1271,2049 1296,2049 1322,2050 1348,2050 1348,2016 1322,2016 1296,2015 1271,2015 1245,2015 1220,2015 1194,2015 1168,2015 1143,2015 1117,2015 1092,2015 1066,2015 1040,2016 1015,2016 989,2016 964,2016 938,2016 912,2017 887,2017 861,2017 836,2017"/>
                <Baseline points="836,2040 861,2040 887,2040 912,2040 938,2039 964,2039 989,2039 1015,2039 1040,2039 1066,2038 1092,2038 1117,2038 1143,2038 1168,2038 1194,2038 1220,2038 1245,2038 1271,2038 1296,2038 1322,2039 1348,2039"/>
                <TextEquiv>
                    <Unicode>soy de altiva condicion,</Unicode>
                </TextEquiv>
            </TextLine>
            <TextLine id="r_5_1l8" custom="readingOrder {index:7;}">
                <Coords points="847,2103 873,2102 899,2101 926,2100 952,2100 978,2099 1005,2099 1031,2098 1057,2098 1084,2098 1110,2098 1136,2098 1163,2098 1189,2098 1215,2098 1242,2098 1268,2098 1294,2098 1321,2098 1321,2064 1294,2064 1268,2064 1242,2064 1215,2064 1189,2064 1163,2064 1136,2064 1110,2064 1084,2064 1057,2064 1031,2064 1005,2065 978,2065 952,2066 926,2066 899,2067 873,2068 847,2069"/>
                <Baseline points="847,2092 873,2091 899,2090 926,2089 952,2089 978,2088 1005,2088 1031,2087 1057,2087 1084,2087 1110,2087 1136,2087 1163,2087 1189,2087 1215,2087 1242,2087 1268,2087 1294,2087 1321,2087"/>
                <TextEquiv>
                    <Unicode>y si me llaman veleta</Unicode>
                </TextEquiv>
            </TextLine>
            <TextLine id="r_5_1l9" custom="readingOrder {index:8;}">
                <Coords points="847,2152 872,2151 898,2149 924,2148 950,2146 976,2146 1002,2145 1028,2145 1054,2145 1079,2145 1105,2145 1131,2145 1157,2146 1183,2146 1209,2147 1235,2147 1261,2147 1287,2148 1287,2117 1261,2116 1235,2116 1209,2116 1183,2115 1157,2115 1131,2114 1105,2114 1079,2114 1054,2114 1028,2114 1002,2114 976,2115 950,2115 924,2117 898,2118 872,2120 847,2121"/>
                <Baseline points="847,2142 872,2141 898,2139 924,2138 950,2136 976,2136 1002,2135 1028,2135 1054,2135 1079,2135 1105,2135 1131,2135 1157,2136 1183,2136 1209,2137 1235,2137 1261,2137 1287,2138"/>
                <TextEquiv>
                    <Unicode>y descarada coqueta, </Unicode>
                </TextEquiv>
            </TextLine>
            <TextLine id="r_5_1l10" custom="readingOrder {index:9;}">
                <Coords points="845,2196 871,2196 898,2195 924,2195 951,2195 977,2195 1004,2194 1030,2194 1057,2194 1083,2194 1110,2194 1137,2194 1163,2194 1190,2194 1216,2194 1243,2194 1269,2194 1296,2194 1322,2194 1349,2195 1376,2195 1376,2164 1349,2164 1322,2163 1296,2163 1269,2163 1243,2163 1216,2163 1190,2163 1163,2163 1137,2163 1110,2163 1083,2163 1057,2163 1030,2163 1004,2163 977,2164 951,2164 924,2164 898,2164 871,2165 845,2165"/>
                <Baseline points="845,2186 871,2186 898,2185 924,2185 951,2185 977,2185 1004,2184 1030,2184 1057,2184 1083,2184 1110,2184 1137,2184 1163,2184 1190,2184 1216,2184 1243,2184 1269,2184 1296,2184 1322,2184 1349,2185 1376,2185"/>
                <TextEquiv>
                    <Unicode>me lo dicen con razon.</Unicode>
                </TextEquiv>
            </TextLine>
            <TextLine id="r_5_1l11" custom="readingOrder {index:10;}">
                <Coords points="887,2245 916,2245 945,2245 974,2244 1004,2244 1033,2243 1062,2243 1091,2243 1121,2243 1150,2243 1179,2243 1208,2243 1238,2243 1267,2243 1296,2243 1325,2244 1355,2244 1384,2245 1413,2245 1442,2246 1472,2247 1472,2213 1442,2212 1413,2211 1384,2211 1355,2210 1325,2210 1296,2209 1267,2209 1238,2209 1208,2209 1179,2209 1150,2209 1121,2209 1091,2209 1062,2209 1033,2209 1004,2210 974,2210 945,2211 916,2211 887,2211"/>
                <Baseline points="887,2234 916,2234 945,2234 974,2233 1004,2233 1033,2232 1062,2232 1091,2232 1121,2232 1150,2232 1179,2232 1208,2232 1238,2232 1267,2232 1296,2232 1325,2233 1355,2233 1384,2234 1413,2234 1442,2235 1472,2236"/>
                <TextEquiv>
                    <Unicode>Soy terrible si me enfado,</Unicode>
                </TextEquiv>
            </TextLine>
            <TextLine id="r_5_1l12" custom="readingOrder {index:11;}">
                <Coords points="847,2293 872,2293 898,2293 924,2293 950,2293 975,2293 1001,2292 1027,2292 1053,2291 1079,2291 1104,2291 1130,2291 1156,2290 1182,2290 1208,2290 1233,2291 1259,2291 1285,2291 1311,2292 1337,2293 1337,2259 1311,2258 1285,2257 1259,2257 1233,2257 1208,2256 1182,2256 1156,2256 1130,2257 1104,2257 1079,2257 1053,2257 1027,2258 1001,2258 975,2259 950,2259 924,2259 898,2259 872,2259 847,2259"/>
                <Baseline points="847,2282 872,2282 898,2282 924,2282 950,2282 975,2282 1001,2281 1027,2281 1053,2280 1079,2280 1104,2280 1130,2280 1156,2279 1182,2279 1208,2279 1233,2280 1259,2280 1285,2280 1311,2281 1337,2282"/>
                <TextEquiv>
                    <Unicode>rara vez vo me sonrio,</Unicode>
                </TextEquiv>
            </TextLine>
            <TextLine id="r_5_1l13" custom="readingOrder {index:12;}">
                <Coords points="841,2341 868,2341 895,2341 922,2341 950,2341 977,2341 1004,2341 1031,2340 1059,2340 1086,2340 1113,2340 1140,2339 1168,2339 1195,2339 1222,2339 1249,2339 1277,2339 1304,2339 1331,2340 1358,2340 1386,2341 1386,2307 1358,2306 1331,2306 1304,2305 1277,2305 1249,2305 1222,2305 1195,2305 1168,2305 1140,2305 1113,2306 1086,2306 1059,2306 1031,2306 1004,2307 977,2307 950,2307 922,2307 895,2307 868,2307 841,2307"/>
                <Baseline points="841,2330 868,2330 895,2330 922,2330 950,2330 977,2330 1004,2330 1031,2329 1059,2329 1086,2329 1113,2329 1140,2328 1168,2328 1195,2328 1222,2328 1249,2328 1277,2328 1304,2328 1331,2329 1358,2329 1386,2330"/>
                <TextEquiv>
                    <Unicode>solo en mí se haya desvio</Unicode>
                </TextEquiv>
            </TextLine>
            <TextLine id="r_5_1l14" custom="readingOrder {index:13;}">
                <Coords points="839,2390 864,2390 890,2390 916,2390 941,2390 967,2390 993,2390 1018,2390 1044,2390 1070,2390 1095,2389 1121,2389 1147,2389 1172,2389 1198,2389 1224,2389 1249,2389 1275,2388 1301,2388 1327,2388 1327,2354 1301,2354 1275,2354 1249,2355 1224,2355 1198,2355 1172,2355 1147,2355 1121,2355 1095,2355 1070,2356 1044,2356 1018,2356 993,2356 967,2356 941,2356 916,2356 890,2356 864,2356 839,2356"/>
                <Baseline points="839,2379 864,2379 890,2379 916,2379 941,2379 967,2379 993,2379 1018,2379 1044,2379 1070,2379 1095,2378 1121,2378 1147,2378 1172,2378 1198,2378 1224,2378 1249,2378 1275,2377 1301,2377 1327,2377"/>
                <TextEquiv>
                    <Unicode>amores he despreciado</Unicode>
                </TextEquiv>
            </TextLine>
            <TextEquiv>
                <Unicode>Ni el rico con su dinero
ni el pobre con su pobreza,
el noble con su nobleza
ni el airoso jornalero,
cirujano, ni barbero
me han llamado la atencion:
soy de altiva condicion,
y si me llaman veleta
y descarada coqueta, 
me lo dicen con razon.
Soy terrible si me enfado,
rara vez vo me sonrio,
solo en mí se haya desvio
amores he despreciado</Unicode>
            </TextEquiv>
        </TextRegion>
    </Page>
</PcGts>
