1737 2508
123 239 723 275 y de todos me he burlado.
115 287 694 324 No me mueve á compasion
115 336 678 373 las penas, ni la afliccion
116 384 713 421 ni la muerte de una amiga,
113 432 639 470 ni me irrita se me diga
122 480 554 517 soy de duro corazon.
161 530 804 566 De mi hermosura me admiro,
115 577 652 614 de mis gracias juveniles,
117 624 702 662 y á ser flor de los pensiles
126 674 586 712 en mi vanidad aspiro.
121 722 685 758 Cuando al espejo me miro
119 772 626 807 me creo ser una Diosa
131 820 658 856 y la muger mas dichosa:
123 868 811 906 pero el hombre es un verdugo,
125 916 679 951 y al ver su terrible yugo
119 965 617 1002 aborrezco el ser esposa.
179 1012 716 1051 Me fastidia el carpintero,
131 1060 608 1099 el albañil me disgusta,
125 1109 629 1149 el herrero no me gusta,
119 1158 647 1195 me incomoda el zapatero
179 1204 782 1242 Dios me libre de impresores
125 1252 587 1291 que sin musica saber
129 1300 562 1344 solfean á la muger;
133 1345 651 1390 y son terribles bebedores.
130 1397 712 1439 Mas los sastres son peores,
138 1446 615 1485 el mejor es embustero
133 1495 657 1535 y de cascos muy ligero;
134 1543 674 1583 y por último, soy franca,
141 1592 686 1631 por tener en casa tranca
128 1640 668 1677 me fastidia el carpintero.
176 1686 671 1725 Grabadores y ebanistas
133 1737 730 1775 me disgustan porque soban,
134 1785 728 1822 y por lo mucho que roban
135 1833 754 1871 los que venden las batistas;
133 1881 664 1918 son solemnes petardistas
137 1930 692 1967 los cofreros ¡gente adusta!
143 1982 777 2021 ¿y á quién, decidme, le gusta
140 2030 663 2062 el pocero que desciende?
139 2075 821 2111 mas por lo mucho que asciende
144 2124 619 2161 el albañil me disgusta.
192 2170 658 2209 Militares y estudiantes
142 2220 622 2257 son entes estrafalarios;
147 2269 647 2305 lo mismo los boticarios
152 2318 686 2355 con sus mil estimulantes.
844 236 1391 273 Me fastidian los cantantes
843 285 1349 325 y su tono me disgusta;
845 332 1354 371 el calderero me asusta,
842 380 1378 419 su martillo es horroroso,
843 429 1359 468 y por súcio y asqueroso
844 478 1355 515 el herrero no me gusta.
883 525 1403 563 Me cargan los cirujanos
841 576 1381 613 por sus récipes malditos,
849 624 1473 661 y aunque son muy esquisitos.
847 671 1441 709 los poétas, son muy vanos,
851 720 1460 757 no sirven ni para hermanos.
859 767 1369 806 Quien se casa con torero
855 817 1483 854 espuesta está á un trance fiero,
852 866 1234 902 y lo juro por mi fé,
857 914 1269 952 porque gasta tirapié,
855 960 1408 1000 me incomoda el zapatero.
891 1010 1513 1052 ¿Quién se enamora, señores,
850 1058 1320 1096 de sillero ó bailarin?
851 1107 1310 1145 me fastidia el figurin,
851 1154 1415 1192 no me gustan los pintores.
901 1202 1437 1241 Largo, largo el retratista
855 1250 1442 1289 y aunque consigue laureles,
856 1296 1399 1338 son malditos sus pinceles
855 1346 1333 1387 y sobre todo su vista:
863 1394 1454 1433 vaya á un lado el papelista
863 1445 1401 1485 y tambien los escultores,
856 1493 1396 1530 son del vino protectores,
865 1539 1398 1578 ¿de horteras y tapiceros,
860 1588 1296 1627 alfareros y tenderos
866 1636 1438 1676 quién se enamora, señores?
911 1684 1428 1723 ¿Casarme yo con belero?
865 1732 1388 1771 ¡Jesus mio! ¡qué locura!
855 1781 1463 1821 no daré, no, mi hermosura
867 1829 1449 1869 ni á químico, ni á huevero
859 1878 1351 1917 ni tampoco á molinero,
864 1925 1382 1967 y menos á don Quintin
866 1974 1401 2015 aunque tenga mucho din;
866 2025 1411 2067 y ¿quién el amor provoca
863 2075 1381 2110 no siendo sino una loca,
864 2121 1322 2160 de sillero ó bailarin?
918 2166 1489 2207 Entregarme yo á un gaché
866 2217 1495 2256 de los de faja y sombrero?...
875 2267 1507 2304 Dios me libre, mas no quiero
869 2314 1340 2356 la manta y el calañés
