1765 2512
68 247 666 286 no me place, que el parnés
61 294 614 336 solo á mi me hacen tilin,
69 342 600 383 vale mas que un serafin:
63 392 588 431 no daré nunca mi mano
66 439 626 482 á escribiente ni hortelano,
61 488 536 526 me fastidia el figurin.
108 536 716 579 Huyan de mí los marchantes,
62 585 680 626 no los quiero yo á mi lado;
62 633 622 672 los usias me han cargado
72 683 652 725 por lo tontos y arrogantes;
68 729 649 772 me cargan los sobrestantes
64 775 548 818 de riñas promovedores
58 828 672 870 y á las niñas hechan flores;
68 876 598 916 fosforeros mucho menos,
66 927 605 966 y por andar con venenos
56 974 644 1011 no me gustan los pintores.
104 1021 676 1061 No me agrada el aguador;
63 1069 567 1111 los albarderos tampoco,
70 1117 513 1158 el abogado muy poco
66 1165 510 1205 ni menos el medidor.
115 1214 675 1253 Los cómicos son, farsantes
68 1264 602 1300 y su amor es una farsa
74 1312 662 1349 que les sirve de comparsa:
63 1359 645 1398 me encocoran los silvantes
65 1408 624 1446 que porque van elegantes
64 1455 482 1493 no saludan: tallador
62 1504 583 1544 no se llevará mi amor,
71 1555 549 1593 pues parece jorobado,
65 1602 625 1641 y por ir siempre cargado
56 1651 604 1688 no me agrada el aguador
110 1700 726 1739 Que se largue el espartero,
69 1747 567 1784 por el ojo de su aguja,
66 1795 669 1833 no entraré que no soy bruja:
69 1842 555 1881 del empeñista usurero
67 1891 655 1929 Dios me libre, y del ratero
78 1941 641 1977 que me saque poco á poco
76 1987 706 2029 con lo que me limpio el moco,
70 2035 660 2079 no me gustan los bolsistas,
64 2085 576 2126 ni bolleros ni déntistas,
62 2134 566 2172 los albarderos tampoco.
117 2182 756 2222 Lárgensen con viento en popa
69 2231 552 2267 los roperos habladores
76 2280 662 2320 que mudos fueran mejores,
74 2329 638 2368 los que estirando la ropa
791 251 1263 287 ganan sí para la sopa;
791 299 1387 333 mas aunque se vuelva loco
785 347 1282 382 no conseguirá tampoco
799 395 1239 431 paróla el procurador,
796 443 1320 479 ni el que sea embajador,
787 492 1237 527 el abogado muy poco.
836 539 1383 575 Aun lado vaya el droguero
791 589 1371 626 pues que tiene por quintales
796 636 1278 670 venenosas é infernales
796 684 1319 719 mil drogas; el peluquero
787 732 1244 768 se tiene por caballero
791 780 1361 819 y se cree que es un señor;
789 828 1363 865 me carga hasta el contador
791 877 1313 916 y el ambicioso empleado,
791 926 1387 960 no me gusta ei que es criado
785 973 1207 1016 y menos el medidor.
846 1021 1290 1058 Es atroz el sartenero,
793 1070 1273 1106 es el colegial muy pillo
785 1119 1305 1161 y tambien el monaguillo,
793 1166 1251 1205 sobre todo el confitero.
843 1212 1315 1252 Con achaque de vender
793 1262 1269 1301 los pícaros carniceros
802 1310 1305 1351 engañan los marrulleros
797 1358 1299 1397 á la mas pobre muger:
803 1406 1261 1445 es cosa digna de ver
792 1455 1234 1493 saltar á un titiritero,
792 1504 1298 1541 tocar á un panderetero,
795 1552 1215 1593 y diré yo con razon
791 1602 1197 1638 al oir el fatal son,
800 1647 1255 1687 es atroz el zartenero.
850 1696 1335 1735 El albeitar no me place
799 1745 1286 1785 ni el asistente tronera,
800 1792 1307 1833 ni el que siendo calavera
802 1841 1302 1881 en deshacer se complace
789 1889 1347 1929 la paz, aunque le amenace
796 1937 1277 1977 algun terrible sustillo;
800 1985 1329 2025 del amo de un ventorrillo
800 2035 1242 2073 en mi vida yo me fio
797 2083 1253 2122 ni tampoco me confio.
789 2133 1305 2172 en el colegigl muy pillo.
841 2180 1394 2220 Largo, largo el sacristan,
791 2230 1311 2269 no me gusta su solfeo...
795 2279 1329 2317 ni su mugriento manteo,
789 2328 1351 2366 siempre está, dilin, dalan,
