1104 1704
563 136 655 171 12
116 180 854 214 Calan. Esposo, no te pongas con mendrugo,
151 220 755 254 no te haga en el ombligo una gotera
150 261 766 295 por donde eches las tripas y azadura.
368 319 828 352 Viniéndose hácia en medio.
116 373 825 407 Tern. Puede ser que al contrario le suceda.
157 414 434 447 Oye, Mendrugo.
587 411 1053 444 Mend. Dí, que te se ofrece?
120 453 848 487 Tern. Que al instante te vayas y no vuelvas,
156 492 761 527 que esta es mi casa, y yo no necesito
161 532 732 566 que tú ni nadie con enredos venga
109 573 879 606 Mend. En cuanto á ser tu casa ya hablaremos:
154 611 745 646 yo soy el mayorazgo, y tengo á ella
149 653 811 687 un derecho mas grande qne una encina.
150 693 813 726 Ahora hemos de tratar de otra materia.
121 732 879 766 Tern. A todo estoy dispuesto, dí que quieres?
118 773 896 805 Mend. Que oigas con atencion, y que resuelvas.
149 815 800 847 Antes de ayer murió mi heroico padre,
153 854 716 885 y esa muger (mejor decir pudiera
161 893 627 926 esa serpiente ó ese basilisco)
149 933 815 965 hoy trata de casarse. Hbrá quien crea
155 973 726 1005 que no estaba tratada ya esta boda
159 1013 684 1044 antes que su esposo se muriera?
149 1052 671 1084 El buen señor dormia cada dia
150 1091 859 1125 diez y ocho horas, siempre á pierna suelta.
153 1130 705 1165 Pues que sucederia en esta casa
153 1171 734 1205 durmiendo el y no durmiendo ella,
157 1211 769 1244 y teniendo á su lado un pretendiente,
155 1253 833 1285 siendo los dos bien anchos de conciencia?
151 1292 758 1326 Mí padre se murió por no enfadarse,
157 1333 861 1365 porque de ser muy manso dió mil pruebas;
158 1372 813 1406 mas no se ha de decir que tuvo un hijo
157 1413 715 1445 que no sabe vengar tantas ofensas.
157 1452 773 1484 Esto ya está pensado, no hay remedio
150 1492 881 1525 nuestra honra ha de quedar muy satisfecha,
158 1532 763 1563 y el honor de mi padre sin mancilla.
114 1572 1061 1605 Catan. Pues que quieres que hagamos? Mend. penitencia.
121 1612 836 1645 Catan. Nunca he tenido vocacion de monja.
631 1648 878 1686 erlo por fuerza.
138 1649 500 1685 fend. Pues ahora habr
