1230 1710
562 127 618 157 6
151 172 695 207 que tenemos á mano las mugeres
153 213 795 247 para cuando el cortejo nos desprecia,
150 253 768 286 ó nos regaña el padre ó el marido,
148 294 676 326 ó sucede otra cosa como esta.
111 334 853 365 Panc. Pues reclinaos en mi, no deis un golpe
148 373 756 405 y os hagais un chichon en la cabeza.
113 413 816 445 Chiril. Voy á hacerlo señor, pero cuidado,
149 453 767 488 que no falteis en nada á la decencia.
293 523 869 556 Echase en los brazos de Pancho.
97 591 864 627 Panc. La muger que es honesta, en todo caso
140 633 737 668 previenen las futuras contingencias.
362 701 789 734 Sale Catana mirandolos.
99 760 933 794 Gatan. Tú en los brazos de un hombre! Qué delito!
149 799 702 833 Asi trata su honor una doncella!
102 839 804 875 Panc. Os engañais, señora. A vuestra hija
146 879 798 913 la dió un soponcio, y porque no cayera,
140 919 452 955 la recogí cual veís.
604 917 1049 950 Catan. Ya lo he entendido.
137 958 793 995 El socorer las damas, siempre es deuda
142 997 665 1034 de todo caballero: y que motivo
136 1039 490 1074 hubo para el letargo?
635 1035 977 1069 Panc. Fué la nueva
138 1078 606 1114 de haber muerto Mendrugo.
693 1077 1051 1109 Catan. Qué desgracia!
143 1120 419 1155 Quién se la dijo?
578 1117 956 1150 Panc. Yo, para que sea
146 1157 729 1194 en todo desgraciada: mas ya vuelve
142 1200 644 1236 del súpito desmayo la mas bella
133 1241 493 1275 de todas las mugeres.
666 1238 991 1272 Chiril. Desdichada.
113 1308 1039 1344 Echase Chirila en los brazos de Catana. Pancho le tiene
272 1350 880 1382 agarrada una mano. Sale Ternejo.
94 1407 863 1445 Term. Qué ha sucedido aquí? Qué triste escena
142 1447 781 1484 es la que estoy mirando, santos cielos!
100 1487 511 1524 Catan. Murió Mendrugo.
598 1487 1056 1520 Tern. Pues tener paciencia,
139 1526 582 1564 Quién os contó su muerte?
101 1567 481 1604 Panc. Yo lo he dicho.
97 1607 495 1644 Tern. Y como sucedió?
641 1606 1018 1640 Panc. De esta manera.
132 1648 694 1684 Silencio y atencion, oireis el caso.
