1338 1751
695 94 732 134 11
270 146 836 192 aqui mi madre y su futuro esposo,
282 185 873 232 que todo lo han oido; y si te llegan
276 226 819 270 á entrecoger, te dan una sotana.
240 261 989 314 Mend. Los hombres de mi porte nunca dejan
286 304 863 351 el campo al enemigo por cobardes.
241 341 962 393 Panc. Vamos ahora, amigo, cuando tengas
289 384 833 429 prevenidas tus cosas volveremos.
242 421 1029 473 Mend. Nada hay que prevenir, yo tengo lengua
287 463 869 511 para retar en duelo á mi enemigo:
292 501 905 551 tengo navaja en inta, y tengo fuerza:
302 551 607 588 pues qué me falta?
911 536 1165 572 (sale Burraco.)
252 591 639 630 Bur. Nada, yo lo digo;
298 627 769 667 y Burraco tu tio se presenta
290 665 869 708 á auxiliarte con ármas y consejos.
253 701 967 751 Mend. Mejor fuera auxifiarme con pesetas.
297 753 546 789 sabeis el caso?
692 734 1154 778 Bur. Todo lo he escuchado
298 785 883 828 escondido detras de aquella puerta.
254 829 754 870 Mend. Pues oir lo que pienso.
252 868 764 912 Panc. y Bur. Ya atendemos.
282 913 1183 969 Retiranse hácia la derecha los tres como que hablan
447 957 1029 1003 entre si, y salen por la izquierda
593 1001 885 1040 Catana y Ternejo.
256 1055 1013 1108 Chiril. Hoy ha de haber moquetes á docenas.
1100 1053 1174 1088 (ap.)
260 1094 1022 1149 Tern. Todo lo has escuchado, y que es tu hijo
298 1140 846 1187 el que creistes que fantasma era:
303 1177 1003 1228 que hay gran conspiracion contra nosotros,
301 1217 949 1267 que es fuerza castigarla, y que perezcan
301 1271 530 1309 los traidores.
682 1249 1187 1296 Catan. Esposo, no hagas caso:
309 1298 937 1347 Mendrugo es hijo mio; y la obediencia
313 1337 1007 1387 le hará que no se oponga á nuestro enlace.
269 1378 1015 1430 Tern. Le he de abrir de los pies á la cabeza,
313 1420 931 1468 y á tí, y á tu cuñado, y á tu hija,
311 1459 1017 1507 y á todo el barrio si hay quien se me atreva,
322 1499 955 1546 ó se vengan conmigo á picos pardos.
268 1545 749 1589 Mend. Ya están allí los dos.
868 1533 1230 1570 Bur. Dale, no temas,
318 1575 1105 1628 que aunque despues te ahorquen, nada importa,
312 1621 967 1669 si cumples tu deber y tu honra vengas.
