1110 1713
425 90 468 123 16
21 129 640 169 nc. Soy tu amigo leal, y porque veas
25 172 662 211 que te quiero servir, toma y despacha.
302 231 608 270 Le dá un enchillo.
19 289 804 331 end. A mi hermana te encargo, que es doncella
22 328 636 366 como tú sabes, y vá á quedarse ahora
25 368 643 405 en la triste orfandad, joven y espuesta
18 408 561 444 lá los ataques de los vagamundos:
21 446 603 488 ya tu obligacion sabes, has con ella
20 490 566 525 lo que haria cualquiera caballero.
15 529 651 570 nc. Mátate sin cuidado, y nada temas,
22 568 627 608 que nosotros acá nos compondremos.
29 608 722 651 r Qué honradez, qué virtud, que fortaleza
18 646 332 682 es la de mi sobrino!
488 655 885 694 Mend. Ya he cumplido.
20 687 546 725 Y tú, gran tonel, cuya presencia
737 698 895 735 (dádnose.)
4 726 597 768 me invitó mas y mas á la venganza,
20 764 607 808 recibe de mi amor la última prueba.
348 827 561 866 Se dá y cae.
19 887 834 932 nc. Ya ha espirado. Qué hacemos pues nosotros?
18 926 571 962 r Irnos á retraer á alguna iglesia,
11 966 333 998 es lo mas acertado.
483 969 904 1015 Chiril. Pues marchemos.
11 1006 623 1042 r Ved, mortales, que daños acarrea
19 1048 637 1084 la muger que se atreve hacer su gusto
17 1090 640 1126 sin pensar en las malas consecuencias.
389 1381 495 1421 FIN
