1218 1695
675 102 752 135 5
263 147 950 180 en las que fuí al hospicio por octubre,
263 187 817 219 donde me las dejé para la feria.
263 226 849 259 De aquí salia para hallarme capas
262 267 934 300 antes de que á sus dueños se perdieran.
261 306 892 340 Desde aquí fuí tambien á la de Corte,
269 346 846 378 y desde allí á mudar aires á Ceuta,
270 386 782 419 donde te conocí; feliz jornada,
270 426 874 459 pues hallé la amistad mas verdadera!
226 466 857 500 Panc. No refieras, amigo, tus hazañas;
269 505 932 537 bien sé que eres capaz de hacer proézas,
269 545 700 577 y á lo que importa vamos.
799 543 1146 576 Mend. Pues á el caso.
271 585 775 616 Mi padre (segun dijo la tendera
264 624 989 658 que el pan y el queso nos trocó por cuartos)
265 665 918 697 se murió antes de ayer, y en tanta pena
267 704 866 737 yo no quiero que nadie me conozca,
263 745 850 777 hasta ver si se portan con decencía
259 785 898 817 mi madre y aun mi hermana; para ello
269 825 868 857 es necesario, amigo, que tu mientas
264 865 967 898 y que finjas que he muerto en el presidio,
265 905 694 938 para cogerlas de sorpresa.
223 945 923 978 Panc. Pues dísimula, porque viene gente.
229 985 734 1017 Mend. Me embozo y me retiro.
261 1044 1143 1075 Mendrugo se emboza, se retira, y sale Chirila como
325 1085 1087 1116 pensativa, luego repara en Pancho y le habla.
233 1142 564 1172 Panc. Ya de prueba,
231 1181 958 1213 Chiril. A quien buscais, señor, en esta casa?
230 1222 968 1255 Panc. Busco á doña Catana, que es la dueña,
260 1261 872 1293 segun me han informado los vecinos.
234 1302 866 1335 Chiril. Pues ahora no es posible verla,
269 1342 878 1375 que está ocupada: mas yo soy su hija,
265 1382 863 1414 y me podeis decir cuanto se ofrezca.
225 1422 939 1454 Panc. Vengo á traer noticias de Mendrugo.
225 1462 1040 1495 Chiril. Un año hay que no ha escrito ni una letra.
233 1501 1058 1535 Panc. No ha podido escribir porque se ha muerto.
233 1542 985 1573 Chiril. Ya mendrugo murió! (Noticia adversa!)
256 1581 876 1615 sostenerme, señor, porque me caigo;
262 1625 825 1656 mirar que me va á dar la pataleta
