1203 1710
572 117 582 147 4
139 158 654 190 egemplares tenemos á docenas
146 199 796 230 de muchas que enviudaron por la tarde
143 238 738 269 y antes de que otro dia amaneciera
614 277 896 309 Bur. No lo dudo.
135 275 462 310 estaban ya casadas.
142 317 758 351 Y algunas antes que el esposo muera,
145 358 788 391 como tú, buscan novio cuando menos;
131 398 838 433 sois muchas mas las malas que las buenas,
141 438 695 471 y tú eres la peor que he conocido.
107 478 722 509 Catan. Eso lo dice tu maldita lengua:
138 517 762 551 peores sois los hombres treinta veces.
105 558 754 592 Bur. Para igualaros, andarán de priesa,
141 598 740 631 porque sois las mugeres el demonio.
99 637 948 669 Catan. Me voy de aquí por no escuchar á un bestia.
145 676 534 710 Vamos, Chirila. (vase)
661 677 1048 710 Bur. Qué desenvoltura!
141 717 776 750 Ya ves, sobrina, que á tu cargo queda
134 756 780 791 estorvar que un padrasto te incomode,
137 799 768 830 ya que tu madre es tan sin vergüenza.
395 856 754 889 Vase por la derecha.
105 916 796 948 Chiril. Tiene razon mi tio; y yo no quiero
142 956 801 990 que otro venga á ponerme leyes nuevas.
137 1012 1009 1047 Vase por la puerta del foro, y salen por la derecha
211 1054 934 1088 Mendrugo y Pancho andrajosos con capas.
105 1114 846 1148 Mend. Ya estamos en mi casa, amigo Pancho,
131 1153 706 1187 aquí fué donde vi por vez primera
129 1193 736 1227 la luz del sol; aquí donde he pasado
137 1234 757 1266 arjorre, sarampíon, mueso y viruelas;
127 1274 692 1306 aquí jugué al holluelo, á la pelota;
134 1313 756 1345 aquí hice las diabluras mas perversas.
135 1353 674 1384 De aquí salia con mis camaradas
129 1393 654 1425 á perseguir casadas y solteras,
125 1434 680 1465 á comer callos, apurar jarrillos,
137 1473 702 1505 y á tener cada dia mil pendencias.
132 1512 660 1545 De aquí salia solo muchas veces
128 1554 668 1586 á pasear de noche en la carrera;
134 1593 782 1627 á conquistar deidades de á seis cuartos,
127 1634 692 1668 las que me regalaron dos muletas,
