1236 1692
522 105 612 139 7.
169 169 965 201 Incorpòrase Chirila, y Pancho se retira un poco..
117 227 632 259 Hay imediato á la famosa Ceuta
115 267 616 299 un sitio destinado á la basura,
121 307 754 340 donde los perros que se mueren llevan,
117 347 703 380 y todos los guiñapos é inmundicias
122 387 722 420 que se hayan en las calles y placetas:
121 427 731 459 para su conduccion hay un gran carro
124 467 676 499 tirado de dos asnos, cuyas bestias
132 507 680 539 de edad de treinta años cada una,
127 547 682 578 de rabo corto, de agachada oreja,
128 587 702 621 de cuello largo, Me barriga angosta,
123 627 639 658 que caminan á paso de cigüeña)
115 667 666 699 maneja un presidario que se elije,
119 707 656 737 ágil, robusto, de valor y fuerzas:
117 745 714 780 como mendrugo aventajaba á todos,
115 784 608 819 era el egecutor de esta faena.
120 825 746 859 Salió en el triunfal carro una mañana,
126 866 802 899 que me acuerdo muy bien que martes era,
125 904 635 938 y el dia mas aciago que se halla
119 944 655 978 en romances, historias y novelas.
117 985 776 1019 Fué el caso pues, que cerca del camino.
115 1026 743 1060 á el lado opuesto de una barranquera,
122 1065 640 1099 estaba apacentando una pollina,
113 1104 728 1141 como suele decirse, algo indispuesta.
116 1146 600 1177 Apenas los Pegasos voladores
119 1186 646 1220 olieron como suelen la jumenta,
120 1225 710 1261 cuando inclinado al sitio los hocicos,
119 1265 626 1298 altos los rabos, las orejas tiesas,
113 1304 677 1338 como fieras, partieron desbocados
116 1344 653 1380 tras del vil apetito que los ciega.
117 1384 768 1421 Mendrugo ya los llama por sus nombres,
119 1425 665 1460 cruje la fusta, tira de las riendas;
115 1465 693 1501 pero todo fué en valde, los borricos
115 1505 742 1541 sin ver el precipicio á que se entregan,
123 1546 678 1580 cual Faetones bajaron despeñados,
115 1586 770 1621 dando mil tumbos de una en otra piedra.
120 1627 700 1664 Vi el suceso, corrí, llegué al parage,
