1217 1760
471 159 553 193 10
67 206 344 245 anc. Qué delicia
71 234 692 283 es ver dos almas cándidas como estas
67 293 229 325 abrazarse!
392 268 952 316 Chiril. Por qué me has engañado?
73 312 716 363 end. Disimula, y á nadie de esta tierra
70 352 729 404 digas quien soy; cuidado, que lo mando
67 394 725 444 ¡como tu hermano, y pido la obediencia.
72 434 728 484 iril. Callar siendo muger es cosa rara
68 483 511 526 end. Pues retírate, y hazlo.
687 470 924 506 (vase Chirila.)
72 525 423 566 anc. Dí, qué intentas?
67 557 709 605 end. El tomar la venganza mas zañuda;
83 598 681 646 y para que volverme atrás no pueda,
81 637 677 684 he de jurar y hacer pleito homenage
77 677 685 724 de no comer jamas sentado en mesa,
83 717 643 764 y no beberlo puro, ni aun aguado.
86 754 760 804 sin que á mi furia y á mis manos mueran
88 796 637 844 los ofensores de mi amado padre.
81 835 741 884 anc. Mira, Mendrugo, como te manejas,
89 874 686 924 que tu hace muchos años que debias
87 916 601 965 haber echado en esa plaza vieja
88 952 799 1006 con los pies bendiciones; no haga el diablo
91 994 731 1045 que lo que antes no fué, ahora suceda
91 1034 697 1086 y se lleve el demonio lo que es suyo.
90 1071 797 1124 nd. En vengándome yo, luego que vengan
95 1115 697 1165 calabozos y horcas, nada me importa.
357 1165 691 1205 Repara en el tonel.
102 1217 619 1261 Pero qué veo! fintolerable pena!)
95 1253 683 1301 Tú eres aquel amigo que á mi padre
99 1294 611 1342 e daba cada dia arroba y media
104 1334 635 1380 del nectar que tenias encerrado
107 1376 633 1421 para total consuelo de sus penas,
108 1413 669 1461 a que apuraba un vaso tras de otro
105 1452 679 1500 sin dejar qüe una gota se perdiera?
107 1493 709 1541 pues yo juro ante ti, que mi venganza
102 1534 703 1581 será mucho mayor que fué la ofensa,
112 1575 677 1622 venganza, Baco, ayudame propicio.
255 1619 809 1667 Sale Chirila y Burraco al paño.
100 1671 813 1722 iril. Huye, Mendrugo, mira que se acercan
