1289 1751
602 58 672 92 3
203 101 828 137 (que tiene á cuatro vientos la mollera)
209 141 775 174 está tratando de segundas nuncias
202 181 815 216 aun antes que se acaben las exequias
212 221 793 254 de su difunto esposo. Ya lo sabes.
209 260 804 294 Qué dirá todo el mundo cuando sepa
214 300 836 337 que murió el héroe de los bodegones,
204 339 744 374 el géfe principal de las tabernas,
213 380 800 414 y que su muerte fué la del cochino,
209 420 933 454 que no hay en todo el barrio quien la sienta?
215 460 839 494 Ya ves que no es el caso para chanzas.
203 499 830 532 Hija eres del que pudre; y en ausencia
204 539 924 576 de tu hermano mayor, que está en presidio,
208 579 808 613 te toca, y aun te tañe, que defiendas
204 619 760 654 el qué dirán de tu difunto padre.
203 660 758 694 Ahora veremos como te manejas.
163 699 926 734 Chiril. Digo, señor, que el caso es peliagudo.
168 739 611 772 Bur. Y qué piensas hacer?
724 742 1102 776 Chiril. La cosa es séria
213 780 785 813 y yo tengo por mi que asesorarme.
169 816 746 853 Bur. Y con quien lo has de hacer?
172 857 556 893 Chiril. Con la tia Pepa,
205 897 842 933 que sirvió á un abogado cuando moza
202 937 698 973 y la llenó de leves la moyera.
164 977 922 1012 Bur. Pues no has de detenerte ni un instante.
203 1016 507 1051 Cuándo resolverás?
603 1021 1100 1053 Chiril. De aquí á hora y media
164 1055 774 1093 Bur. Pero tu madre viene, disimula.
167 1098 948 1133 Chiril. El fingir es muy propio de las hembras.
259 1158 1020 1193 Sale Catana de luto ridiculo, con mantilla,
509 1198 780 1233 por la derecha.
161 1255 831 1290 Catan. Cuñado mio, sabes que me caso?
161 1295 711 1330 Bur. Y seria mejor no lo supiera.
162 1335 984 1369 Cutan. Pues qué puede perderse en que me case?
165 1375 875 1408 Bur. En que te cases, nada; el que tuvieras
207 1415 728 1447 tratada ya la boda mucho antes
207 1455 834 1488 de que mi pobre hermano se muriera,
198 1495 898 1528 fué muy mal hecho, y creo que tu esposo
203 1534 754 1568 llevó señales de ello en la cabeza.
160 1577 787 1611 Catan. Eso es una malicia solamente:
