1338 1751
815 115 936 149 15
427 160 1037 192 y le desmondongué como una breva.
438 200 1052 233 Ves aquí el instrumento de su muerte,
434 240 1178 273 que ha llenado de honor nuestra ascendencia;
431 279 1084 313 treinta y seis veces le clavé en su panza
437 319 1030 351 porque fueran cabales tres docénas.
438 358 1062 390 Mirala, esta es su sangre (no te asustes
437 398 1076 433 porque es pintura con almagra hecha.)
438 438 948 472 El infame lloraba (y bien hacia,
433 478 1090 510 porque en tal caso yo lo mismo hiciera:)
439 518 1062 553 ya queda nuestra honra limpia y pura,
437 559 943 593 y la de toda nuestra parentela.
438 596 821 632 Qué me falta que hacer?
969 598 1278 628 Pan lr á la horca
443 638 1106 671 que es el premio de hazañas como estas.
399 677 1086 712 Catan. Y á mi morirme de la pesadumbre
431 718 1106 750 de que no encontraré ya quien me quiera,
435 757 1070 790 porque una viuda pobre con dos hijos,
428 798 1038 831 y que tiene algo mas de los cuarenta,
430 838 1136 872 no encontrará otro novio: pues me muero.
660 897 1084 927 Dejase caer poco á poco.
399 956 1120 988 Bur. Ha hobrado mi cuñada con prudencia,
429 996 1042 1027 pues aunque fuera vieja; siendo rica,
431 1036 1048 1069 hubiera muchos que la pretendieran;
431 1075 1002 1108 cuando no por su gracia ó su jaleo,
436 1115 1042 1147 por tromparla ó pillarle las monedas.
397 1155 1133 1187 Chiril. Y tu qué yas á hacer, Mendrugo mio?
431 1195 1106 1227 Advierte que estoy viendo que te cercan
435 1235 1092 1268 treinta y cuatro ministros, que te cogen,
432 1276 1012 1308 y arrastrando te meten en la trena,
434 1315 591 1350 y luego...
745 1315 1274 1347 Mend. No prosigas, que te juro,
438 1356 1104 1387 que por no verme mas en casa de abuela,
437 1395 1057 1427 voy á darme la muerte; mas no quiero
441 1435 1030 1467 que se junte la sangre de mis venas
433 1474 1058 1508 con la de ese bribon que he castigado,
438 1515 940 1548 y por esta razon no quiero sea
429 1555 1033 1587 mi nabaja la que entre en mi pecho.
430 1596 1082 1627 Dame un cuchillo, ó dame unas tigeras,
440 1636 992 1670 querido Pancho, para asesinarme.
