1217 1760
569 63 619 98 14
148 104 704 138 para que es andar con tanta flema?
143 143 674 179 Ya llegó padre mio, tú venganza.
314 183 855 219 Saca unu nabaja. Ternejo otra.
99 220 810 258 Bur. Ahora me gusta porque va de veras.
108 261 489 298 Mend. Lo he de matar.
658 266 906 299 Tern. Yo á tí.
108 301 471 336 Mend. Ya lo veremos.
190 341 975 378 Embistense. Catana se retira tapindose la cara.
138 379 747 416 Por mas que te resistas, no te queda
150 421 464 457 un minuto de vida.
628 425 966 458 Tern. Ni á tí medio.
320 483 854 519 Vanse por la derecha riñendo.
103 542 825 578 Panc. Ternejo se resiste; pues ya es fuerza
142 581 758 617 ayudarle á Mendrugo Voy corriendo.
914 585 1013 618 (vase..)
104 621 578 655 Chiril: Cuál vencerá por fin?
664 623 1060 658 Bur, El que mas pueda.
106 662 855 698 Chiril. Y si muere Mendrugo! Qué infortunio!
106 701 766 737 Bur. A eso se espone todo el que pelea.
110 741 856 778 Catan. Aquí veis á una esposa y á una madíe,
144 781 772 819 que la désgracia siente de cualquiera;
144 820 706 857 pero como un esposo sirve mucho,
141 860 814 896 siempre lo que mas vale mas nos cuesta.
104 901 860 936 Bur, Ya vuelve aquí el amigo de tu hermaño.
458 962 698 997 Sale Pancho.
102 1020 518 1052 Chiril. Qué ha sucedido?
665 1022 1003 1055 Panc. Una friolera.
144 1060 746 1095 De Mendrugo mejor podreis saberlo,
140 1102 763 1136 que ufano y vencedor aqui se acerca.
442 1161 716 1195 Sale Mendrugo.
95 1216 393 1252 Chiril. Venciste?
523 1220 910 1256 Mend. Como siempre.
107 1257 468 1291 Chril. Qué le hiciste?
101 1296 798 1335 Mend. Oye el suceso sin que le falte letra.
146 1337 708 1375 Ya que en la calle solos estuvimos,
135 1378 640 1412 el infeliz temió, cual justo era,
144 1417 638 1454 y fiando su vida á sus talones,
142 1457 624 1491 en la fuga previno su defensa;
143 1494 624 1531 pero como corria tan turbado
140 1536 670 1571 se entró por la vecina callejuela
144 1576 704 1614 que no tiene salida, le eché mano,
