1283 1743
709 111 737 160 8
291 167 849 206 y hallé á Mendrugo rota la cabeza,
285 203 939 245 que anegado en su sangre y moribundo,
279 243 881 287 me miró, y esclamó de esta manera:
282 285 895 328 Aqui yace Mendrugo, amigo Pancho,
293 326 809 365 dile á madre luego que la veas,
293 356 1067 405 que he muerto como un héroe; dió un suspiro,
290 402 868 445 y se marchó á gozar la vida eterna..
262 437 945 488 Catan. Murió Mendrugo! Hijo desgraciado!
253 476 1049 526 Tern. No hay que afligirse: sí murió, requiescam,
293 525 795 565 por allá nos espere largos años,
297 559 901 605 que es lo que ahora mas nos interesa:
292 600 912 645 tratemos de alegrarnos, que no quiero
290 642 949 685 que se mezclen las bodas con las penas.
293 682 851 724 El nuncial aparato está dispuesto:
293 721 937 765 luego que el cura y los testigos vengan,
302 762 865 804 seré dueño feliz de tu hermosura.
270 802 971 846 Catan. O momento dichoso! Quién pudiera
302 841 857 886 apresurar el tiempo de mi gloria!
260 876 1137 925 Mend. Habrá alguna muger tan sin vergüenza (ap.)
310 927 583 964 como mi madre?
737 915 1125 953 Tern. Hoy, esposa mia,
301 960 893 1003 todo ha de ser placer; será tu mesa
302 1001 877 1044 la abundancia de majares y licores.
305 1041 953 1081 Y puesto que este joven (segun cuenta)
311 1082 913 1123 fué amigo de mendrugo, si tu gustas,
312 1121 839 1164 le puedes convidar para la fiesta.
1084 1110 1185 1143 (vase.)
274 1158 989 1207 Catan. Ya habeis oido que mi esposo quiere
311 1202 833 1243 asistais esta noche á la opulenta
310 1237 973 1284 funcion de nuestra boda, y á ese hombre
317 1281 973 1323 que ha venido con vos, segun las señas,
312 1322 845 1362 si lo quereis traer podeis hacerlo
312 1362 927 1401 sin cortedad, con la mayor franqueza;
322 1399 985 1444 que hoy cabe en mi casa todo el mundo.
389 1452 1119 1501 Mendrugo se ha venido acercando embozado.
277 1517 999 1562 Mend. Cuando dos lutos hoy tener debieras,
322 1559 847 1600 convidas para bodas y algazaras!
288 1596 1030 1643 Catan. Quien eres tú para que me reprendas?
290 1641 969 1683 Mend. Yo soy el vengador de los difuntos,
