1283 1743
310 246 1178 401 LA ESCENA ES EN UNO DE LOS BARRIOS DE GRANADA.
265 435 1220 466 Casa pobre: al frente uña puerta gránde que se vea lo
265 474 1211 506 interior, con una mesa un jarro y vasos; al lado izquier-
265 514 1221 547 do un tonel grande cerca de la boca del teatro: Chirila
327 555 1161 586 estará en él al correrse el telon, y sale Burraco.
270 632 974 666 Bur. Sabes, Chírila, donde está tu madre?
265 674 1006 706 Chiril. Se levantó temprano y marchó fuera.
265 714 1113 745 Bur. Te dijo donde iba? Chiril. Me lo dijo.
258 754 574 787 Bur. Pues dimelo.
730 755 1021 787 Chril. No quiero.
263 793 571 826 Bur. La respuesta
302 833 869 866 ha sido muy politica y muy breve.
261 872 1022 905 Chiril Pues no sé responder de otra manera.
266 912 909 945 Bur. Sabes la grande novedad que hay?
263 953 964 984 Chiril. No entiendo una palabra de gaceta,
298 992 1006 1024 ni lo quiero entender, pues no me importa
299 1032 841 1064 que el turco tenga paz ó guerra.
259 1072 1034 1104 Bur. Las noticias que traigo son muy grandes,
297 1112 924 1145 y tocan á tu honor y á mi conciencia.
266 1152 1070 1184 Chiril. Si es cosa de mi honor, decirla al punto;
292 1193 914 1225 que ya os escucho con las dos orejas.
259 1232 958 1265 Bur. Ya sabes que tu padre, hermano mio,
297 1272 662 1306 se casó con tu madre.
821 1271 1127 1304 Chiril. Rara nueva.
258 1312 980 1346 Bur. Que tu naciste que nació tu hermano.
258 1352 1034 1385 Chiril. Si estamos en el mundo, no era fuerza
298 1393 532 1427 haber nacido?
689 1393 1154 1424 Bur. Como me interrumpas,
296 1433 904 1464 será imposible despachar mi arenga.
257 1472 794 1505 Chiril. Pues decid, que ya callo.
914 1471 1193 1506 Bur. Ya prosigo,
297 1512 965 1545 Tu padre, pues, que de una borrachera
300 1552 910 1584 hace tres dias que se fué del mundo,
301 1593 858 1624 dando traspieses á la vida eterna
301 1632 949 1667 siempre vivió con honra; mas tu madre
