1266 1674
807 94 832 132 9
341 144 1069 178 Catan. Pues te darán muy hnda recompensa!
371 185 984 217 porque los muertos sIdecidos,
377 224 946 257 y se gastan con rumbo 1
375 265 884 296 en regalar á sus procuradores.
344 304 1002 338 Hend. Alguno puede que alce la cabeza,
381 343 719 376 y tiembles á su vista.
854 342 1224 376 ChiI Ay madre mia.
375 384 936 417 temed del embozado la sentencia,
377 423 976 457 porque segun la voz, lo tieso, y todo,
377 463 965 496 me parece que es una alma en pena
377 503 985 535 que os viene á castigar por lo pasado.
343 543 1062 575 Catan. Miedo me dá de oirte. Quién pudiera
374 583 936 614 volverse escarabajo, y esconderse
378 623 898 656 seseta varas dentro de la tierra!
373 663 1001 696 Alma del otro mundo que has venido
383 702 966 736 á incomodarme, dí, qué te interesa
376 743 1018 776 que yo me case, ó que estuviera viuda?
386 783 1039 816 Déjame, no me sigas: que las piernas....
383 821 1195 857 Porque tú.... porque yo.... porque mi esposo....
377 863 1066 897 me caso.... no me caso.... lo que quieras.
1149 861 1249 895 (vase.)
423 921 1220 953 Estos tres versos los dice retirándose, y se entra.
345 979 1044 1014 Mend. Cómo asusta á el malvado su delito!
375 1020 1082 1054 Mas tú, hermosa Chirila, amable, honesta;
379 1060 996 1094 que sentiste la muerte de Mendrugo,
382 1100 1013 1134 ven á mis brazos, ven no te detengas.
529 1159 1115 1194 Chirila se pone detras de Pancho.
342 1218 1078 1253 Chiril. Yo abrazar á un difunto! Qué locura!
380 1259 958 1292 Detenerlo, señor, que si me pesca,
384 1301 796 1334 me vuelve á dar aquello.
944 1296 1242 1329 Panc. Tente, amig
381 1339 948 1373 hasta que la verdad del caso sepa.
342 1379 1069 1413 Mend. Como huye de los muertos la cuitada
381 1418 1020 1451 y se acerca á los vivos! Qué inocencia!
375 1458 1040 1492 No te asustes, hermana, que estoy vivo,
385 1499 658 1532 y soy Mendrugo.
822 1497 1238 1530 Panc. Vaya, no le temas,
346 1537 1240 1573 Chiril. Con qué eres mi Mendrugo? Mend. TuMendru
354 1578 1087 1612 Chiril. Pus siendo de esa suerte, toda entera
378 1617 1040 1655 tienes aquí á tu hermana. (abrázanse.)
