1251 1671
600 44 673 76 13
256 86 577 120 en las arrecogidas.
725 85 1030 116 Tern. Qué locura!
257 124 758 159 Catana nunca ha sido recoleta.
216 164 949 200 Chiril. En que vendrá á parar esta disputa?
219 204 882 240 Bur, En romperse uno á otro la cabeza.
230 244 709 280 Chiril. Y si muere del golpe?
802 243 1171 276 Bur. Que lo entierren.
223 284 926 320 Tern. Ya se me vá acabando la paciencia,
261 324 848 360 y os voy á degollar uno por uno,
258 365 899 401 sin andar con preguntas y respuestas.
256 404 781 442 Retirate á tu cuarto con Chirila,
940 405 1136 438 (á Catana.)
268 445 855 482 para que al ver la sangre, no suceda
263 484 675 520 que te dé algun desmayo.
840 485 1174 517 Catan. Esposo mio,
257 524 836 560 atiende, mira, advierte, considera,
263 564 902 599 que te vas á perder, y que me pierdes,
261 605 602 638 Hijo, tu madre soy.
749 604 1160 636 Mend. Creerlo es fuerza.
266 644 784 678 que á poderlo dudar lo dudaría;
259 684 961 716 pero en las madres nunca hay contigencia.
226 724 881 759 Catan. Hija, cullado, amigo, separarlos.
213 764 972 798 Panc. En los asuntos en que la honra media,
259 803 863 837 no se pueden mezclar los caballeros.
227 844 884 879 Catan. Chirila, tú que no eres caballera,
261 886 496 919 ponlos en paz.
598 882 1156 921 ChiriL. Yo no me meto en eso;
263 923 925 958 tengo tambien mi aquel en la pendencia,
265 963 1013 997 pues yo soy quien soy, y no quiero que digan
261 1003 895 1039 que yo he podido ser de otra manera.
217 1043 996 1082 Panc. Qué bien se esplica! raro entendimiento!
221 1084 971 1120 Catan. Todos me abandonais! Terrible pena!
261 1124 836 1158 Mas volveré á rogar. Esposo mio...
219 1165 1173 1198 Tern. Sera imposible ya que me detengas. Catan. Hijo...
224 1204 839 1238 Mend. De qué? prosigue, no te pares,
265 1244 907 1277 que es malo que me digas hijo á secas.
220 1285 548 1319 Catan. Hijo mio....
693 1283 1029 1316 Mend. Qué quieres?
222 1324 616 1358 Catan. Que te temples.
221 1363 961 1399 Mend. Mi enojo no es guitarra que se templa.
254 1403 890 1437 Hoy vuelves á enviudar sin ser casada;
263 1442 838 1475 pero á bien que no eres la primera
257 1484 871 1516 á quien le ha sucedido tal desgracia.
217 1523 895 1558 Chirit. El que haya nabajazos está cerca.
224 1565 1134 1600 Mend. Si ello es que ha de morir y no hay remedio.
