1758 2570
66 309 616 352 Y aquí me tienes pasando,
69 358 695 401 mas penas que ningun hombre
65 407 739 449 siempre pensando en su nombre
71 457 639 498 y siempre en ella pensando.
69 507 637 546 Cuando me aparto de aquí,
63 554 537 595 y por esos campos voy
65 602 547 644 no sabes á donde voy?
69 654 621 692 á Córdoba... siempre ayi...
75 702 499 740 No jago mas diligesia
69 749 625 789 que buscarla es mi deseo!
73 798 735 838 quiero buscarlay... no no la veo...
78 848 748 887 como á é sé...l bien... pasencia!
75 897 553 936 Pero cual será mi via,
71 945 651 985 si mientras mas tiempo pasa,
72 993 630 1034 mas er pecho se me abrasa
75 1041 587 1082 y la quiero mas caa dia?
77 1090 605 1131 Ni un minuto ni en jamás
69 1139 602 1181 la orbio na me consuela
77 1189 606 1230 tengo aqui tanta candela
81 1237 579 1279 que no pueo sufrir mas.
81 1285 534 1327 Ya sin ella no respiro,
79 1336 585 1376 ni tengo en mi confiansa
75 1384 522 1423 y perdiá la esperansa
82 1431 596 1475 me boy á pegar un tiro.
130 1480 703 1523 J. Suerta esa pistola pronto;
87 1528 632 1571 ¿quien eso Pedro imagina?
82 1577 624 1619 el hombre que se asesina
84 1626 632 1668 por una mujé es un tonto.
85 1675 597 1718 Es tonto y loco de atá;
94 1725 663 1767 pero el hombre que se mata
88 1774 545 1818 por una mugé ingrata
777 304 1231 342 sobre tonto es animá.
792 351 1188 391 Orbiala, y se acabó:
798 399 1218 439 pon toitico tu cudiao
782 447 1224 489 en apartá de tu lao
786 497 1267 535 á la que asi te engañó.
792 546 1290 585 Jecha abajo esa agonia:
790 594 1365 635 recuerda que eres el hombre
787 642 1272 684 conosio por el nombre
785 690 1292 732 del bravo de Andalusia.
785 738 1284 781 Has valiente y no cruel
792 786 1371 829 rey de campo en tu cabayo
801 838 1332 878 que ese amor se tu basayo
800 886 1316 926 y no tú vasayo de él..
799 934 1259 975 Si esa mujé salamera
811 981 1316 1023 te se dusió, ya me jundo!
807 1030 1347 1072 ¿te fartará á tí en er mundo
798 1079 1324 1121 otra mejor que te quiera?
804 1130 1135 1169 orbiala y á viví.
844 1178 1341 1219 P. Orbiarla, no pue sé.
845 1231 1129 1265 J. Pues vive.
839 1271 1398 1312 P. Arfin moriré.
858 1320 1340 1365 J. Y qué vá á conseguí?
807 1370 1219 1413 aprietate er corason
824 1420 1373 1461 y aunque tengas amargura,
811 1470 1260 1508 vive por esa criatura.
850 1519 1367 1561 P. Juanico tienes rason,
817 1566 1244 1608 por eya debo é viví,
814 1616 1359 1661 que ella sola me consuela,
860 1665 1111 1706 J. Otra ves?
812 1714 1246 1756 por via é mi abuela,
820 1762 1332 1805 vamonos, Pedro de aquí.
762 1997 896 2149 FIN.
508 2347 1117 2391 REIMPRESO EN CARMONA.
224 2389 1378 2448 Imp: de D. J.M. Moreno. Calle Juan de la Cabra, núm 4.
