1648 2464
148 301 618 337 que estará ayí ensima.
169 340 710 390 J. Toma.
130 394 618 435 Por via er papa é Roma!
139 446 667 484 que ta pasao? qué tienes?
144 495 674 535 que tan silensioso vienes?
178 543 809 589 P. No tengo er gusto é broma....
184 592 715 633 J. Mi capitan, la verda...
137 642 676 679 tu silencio y tu conducta
142 690 632 728 han jarmao una disputa
147 739 564 777 jase un rato aqui...
165 779 666 826 P. Quisá
178 836 812 879 J. Lo que oye.. ha habio porfia.
177 885 810 927 P Y quien es er que sa treve
134 933 578 971 á fartar á lo que debe
129 982 594 1020 ar bravo da Andalusía?
181 1030 802 1073 J. No te amosques... sacabó...
138 1079 672 1123 yo por tu bien te lo digo,
140 1129 782 1174 te é dao mir pruebas de amigo,
132 1179 666 1218 y pa efenderte estoy yo...
132 1227 666 1267 Por mí no te lo pregunto,
130 1276 754 1318 pues te quiero muy de verás,
139 1322 740 1364 y te ejo jaser lo que quieras
135 1373 557 1410 y concluir el asunto,
136 1422 619 1460 Acuerdate de aquer dia
138 1470 708 1510 que ambos á Córdoba fimo,
133 1519 740 1560 y en sus plasas mos metimos
128 1567 588 1604 con arrojo y valentía.
128 1616 614 1654 Y ar pasá por una calle
125 1665 740 1707 en que asomá á una ventana
130 1713 570 1749 una mosa mu galana
124 1762 630 1800 estaba con un güen taye.
126 1810 638 1848 Me dijistes, mira aqueya
124 1859 684 1899 con despasio y precautoría
134 1908 664 1947 y conserva en la memoria
124 1955 704 1997 siempre su cara de estreya.
124 2005 666 2044 Yo la miré y tu enseguia
123 2055 724 2094 me dijiste Juan.. Juan cudio!
125 2103 688 2142 si esa jembra po argun lao
119 2150 662 2192 te se presenta argun dia?
128 2200 753 2243 Te lo advierto en este instante
124 2250 600 2289 respétala como á Dios,
126 2302 680 2340 y as que la respeten toos,
126 2348 741 2391 cuar si tu fueras su amante...
121 2397 622 2438 Y bien! dí ¿te pregunté,
860 306 1483 348 porque ese encargo me hasia?
856 355 1370 398 no: que tu me lo desia,
861 403 1318 443 y me bastava, y cayé.
860 452 1478 493 Despues te he visto mu serio
857 501 1237 541 pesaroso y aflijío,
867 552 1464 589 y aunque é sobra he conosio
857 599 1436 640 que guardabas un misterio.
859 648 1430 691 En jamás te he preguntao,
855 696 1376 736 he dicho siempre pa mí:
855 745 1388 787 er no me lo querrá desí;
861 793 1332 835 y sacabó y maguantao.
864 842 1330 881 Pero samosca la gente
860 893 1394 932 y jorman conversasiones,
860 943 1428 981 chismes y murmuraciones,
863 991 1450 1030 y quien te estima lo siente...
860 1037 1404 1078 Si à mi na me quie contá,
858 1086 1480 1129 porque no me crees tu amigo,
856 1134 1457 1177 es corriente...no te obligo...
860 1182 1352 1224 mas á la fin, la verdá...
855 1231 1295 1269 Pa evitá una tonteria
858 1280 1408 1320 inventa cuarquiera cuento
864 1329 1360 1366 que tenga rasonamiento
861 1380 1343 1416 y charlalo á la partia.
859 1427 1270 1463 Con esa satisfaccion
864 1475 1354 1517 toa se quera campante,
853 1527 1355 1563 y se acabará, y aelante,
858 1574 1316 1610 la mala conversasíon.
897 1623 1501 1661 P. Bíen? Juaníco mas vensio?
860 1671 1383 1709 tu me dirás lo que intente
856 1721 1354 1760 y lo contaré á la gente,
855 1769 1301 1806 y negocio concluio...
848 1817 1332 1852 Pero á mi pena sujeto
852 1867 1408 1903 y pues te escuché quejarte
850 1914 1346 1948 Juanico, voy á contarte
848 1960 1362 2000 mi aflision y mi secreto.
852 2011 1334 2046 Y mira, pues te lo higo
854 2059 1386 2100 cuando siempre reservao,
856 2109 1420 2150 en mi pecho lo he enserrao,
848 2157 1338 2198 si te tendré por amigo.
848 2207 1333 2243 Ascuchame con anhelo
855 2257 1397 2293 y dame por Dios la carma,
856 2306 1456 2342 que en las borrascas del arma
852 2354 1404 2392 un amigo es un consuelo...
891 2403 1469 2441 J. Pero dime, ¿qué te pasa?
