1777 2570
258 325 1510 383 P. Un tormento que me abrasa Juanico...! cuanto he pasao!
219 390 844 434 con mas fuego que un volcan...
268 437 796 482 J. Y aun me lo callas así?
270 486 863 530 P. Esverda tú no lo sabes...
216 538 824 579 Juanico... son penas graves...
214 587 746 629 Ay! que me voy á morí...
268 634 515 677 J. Tú morí?
251 680 785 721 P. La pena negra
222 732 827 773 me va consumiendo el arma.
220 781 771 822 desde que perdí la carma,
226 826 849 871 nunca er pecho se me alegra.
232 875 872 920 ¡Probe de mí! ¿qué me importa
231 928 708 969 ser amo de una partia,
223 976 674 1019 si con el arma aflijía
226 1023 828 1068 nunca er pesá se me acorta?
236 1072 626 1114 ¿De qué sirve tené
225 1120 835 1163 rey de campo un gran cabayo
230 1169 694 1212 si soy er probe vasayo
236 1218 786 1259 de una tunanta mugé....?
241 1267 769 1308 De que me sirve la prata
237 1316 784 1356 con que adorno mi vestio,
230 1362 730 1405 si tengo er pecho jerio
238 1413 808 1453 por la mano de una ingrata?
278 1461 674 1501 J. De una ingrata?
280 1511 907 1547 P. Ascucha, Juan,
235 1560 749 1599 mis desgraciaos amores
239 1608 776 1645 y verás que mas dolores
237 1657 785 1698 no pasó nadie en su afan.
237 1706 785 1746 La jembra que te enseñé,
241 1754 773 1793 aquer dia, es la criatura
251 1804 820 1842 que ma yenao de amargura
251 1852 800 1892 con tanto y tanto paesé...
252 1899 752 1941 Serca jase de ocho años
251 1949 752 1988 que la endina me egañó,
256 1998 778 2037 y ensima además me dió
253 2046 733 2086 tristesas y desengaños.
262 2097 780 2135 Muchacho sin esperensia
252 2146 632 2184 en er galisto caí.
256 2195 672 2231 y mi voluntad le dí
263 2242 751 2279 y mi via y mi consencia.
264 2291 680 2327 Veleta me engatusó.
260 2340 793 2378 y cuando mas las adoraba
266 2389 736 2429 y en ella mas confiaba
260 2438 731 2478 en la calle me plantó...
939 377 1431 418 Ay! tu no sabes la pena,
939 425 1418 466 que ar corason encaena
938 474 1539 516 cuando uno está esamparao...
936 522 1492 564 Soliyo me ví en er mundo
934 572 1513 614 sin pas, ni dicha, ni gloria;
942 619 1503 661 solo Juan con su memoria
950 670 1420 710 y mi cariño profundo...
944 718 1334 759 No sabia que jasé
956 769 1404 809 por orbiá tanta ofensa,
954 815 1548 858 Juan, y para mas vergüensa
946 864 1472 905 como un muchacho lloré.
956 911 1480 956 Y en medio de mi agonia
954 961 1488 1005 con apuros sobre apuros
956 1010 1488 1055 pasé los ratos mas duros
965 1062 1414 1102 que se pasan en la via.
952 1106 1420 1152 Aturdio y medio loco
956 1156 1449 1200 ar fin salí de mi tierra,
966 1205 1501 1248 y ni ayé en pas la guerra
960 1253 1462 1297 ni en la soleá tan poco.
960 1303 1513 1344 Si por mí muerte orrorosa
964 1353 1502 1393 iba al campo de la ingrata,
959 1402 1497 1443 via su cuerpo en caá mata
965 1451 1412 1490 y su cara en caá rosa.
967 1499 1416 1538 Y teniendo su bellesa
961 1550 1412 1590 siempre elante de mi,
968 1595 1403 1638 ¿cómo era posible así
959 1644 1437 1686 que curase mi tristesa?
971 1693 1396 1734 Cansao de tanto afan
974 1742 1492 1781 y no pudiendo vencerme,
971 1791 1487 1830 formé ideas de jarcerme,
975 1840 1400 1878 de ladrones capitan;
968 1888 1468 1930 haber si en buya metío,
966 1938 1468 1979 y siendo yo er soberano,
977 1985 1410 2025 de su corason biyano
986 2032 1481 2075 tomaba venganza er mio.
979 2081 1544 2122 O haber si en argun tragin
975 2131 1543 2173 de nuestras luchas estrañas,
974 2180 1508 2222 un balaso en las entrañas,
981 2229 1479 2271 daba con mis penas fin.
980 2277 1423 2321 Pero la perra fortuna
976 2326 1508 2369 que conmigo se divierte,
973 2375 1593 2419 no ha querio darme la muerte,
980 2424 1528 2469 ni tampoco heria ninguna.
