1765 2512
218 165 632 200 poique le dejé la lú;
224 212 634 245 vereis la luna varlú
228 258 634 297 ponerme matagarnó.
224 307 749 358 Venga gente! aquí estoy yo
223 358 642 396 laigando mas puñalá
228 408 634 443 que licó tiene la má,
222 455 683 491 y ese mundo que tu vé
223 504 640 541 al vé mi jumo y poé
224 552 700 589 vá á tomar la magestad.
258 600 758 638 Conque asi, gusto y ruio
221 652 824 687 venga esta noché, y cantares,
220 700 611 740 y penillas chingares
219 751 657 782 vallan juntas al orvio.
227 797 661 836 Qué caliá! que tronio!
219 845 713 881 soy mas puro que la lú!
215 893 756 930 mas poeroso que el Perú!
224 941 800 977 mas valiente que un tintero!
222 990 876 1028 vargo mas que el mundo entero,
224 1040 458 1079 muchachos!
539 1087 621 1127 Olé!
657 1135 830 1174 A la Crú.
260 1183 698 1221 No ma vias conocio?
220 1231 692 1271 Jesucristo! Jay levante!
214 1282 476 1320 No, poi qué!
404 1329 789 1366 Vaya un desplante!
230 1379 768 1414 Soy yo un moso mu cosio!
224 1428 828 1464 Mas pue un plato é sanajoria.
228 1477 496 1515 Hay gromita?
523 1522 761 1564 No, que no!
235 1576 625 1611 ¡Y tu sabes que yo
237 1621 759 1660 te camelo, peaso é gloria?
236 1672 702 1709 Prosupuesto: ¿y á la fin
224 1720 785 1756 á quien viene osté á buscá?
236 1770 508 1806 A tí chiquilla.
609 1816 788 1856 Pues ya!
224 1866 629 1901 No sabes querubin?
282 1914 696 1949 Osté si acaso avenió
229 1964 696 2000 ha sio solo por la Crú,
229 2012 675 2047 Yo por la fiesta Jesú?
232 2060 719 2097 ni siquieaa lo he sabio.
232 2110 542 2150 A otro perro...
1240 164 1508 205 Por mi via...
936 211 1392 250 Si tiene osté mala capa
929 260 1387 303 y esa está rota, solapa,
940 309 1340 348 y la tripa está poria;
939 359 1590 395 ¿Con que á quien vaste á engañá?
934 407 1424 446 si es osté como el triste,
930 456 1460 495 mucha visía y luego peste,
939 504 1340 540 tan solamente fachá.
982 551 1512 590 Vaya, mujé, que argun dia
932 600 1392 638 bien me supíste queré.
929 650 1414 687 Cabalito que quíeo osté!
932 698 1418 736 rompe el saco la agonia.
926 747 1514 785 Yo pensé que era osté güeno.
931 795 1344 833 es decí como era yo;
929 845 1446 884 mas no fué, anda con Dió,
932 893 1432 930 si por mié tomé veneno.
928 942 1352 979 Malegro por mi salú,
944 990 1396 1027 poique pobre sigarrera
933 1041 1423 1078 me gusta queré de vera:
935 1089 1161 1124 Pero á mí?
1203 1138 1541 1174 ¿Está osté barlú?
937 1186 1471 1222 O es que pie osté socorro?
977 1234 1538 1272 Es que estoy por tí charlao.
945 1283 1450 1319 Si ya tu queré he probao
947 1331 1473 1368 y entonces salió osté jorro
946 1381 1548 1419 Si osté es mu malo, hijo mio,
944 1428 1376 1465 á too lo echa á perde;
939 1477 1475 1513 si osté es mas malo gaché
945 1526 1397 1561 que si fuea palo partio.
940 1574 1472 1616 Si áquello fué una chiripa,
940 1623 1326 1659 recortilla y no má,
939 1671 1438 1709 si á osté no se pué fumá
944 1720 1450 1761 poique la amarga la tripa;
946 1768 1390 1805 no tiene osté corazon
948 1816 1408 1854 ni habiyela osté sentio.
995 1866 1434 1901 Cabalito, lo he perdio
947 1914 1360 1951 al pinchararte, salá.
951 1962 1575 2004 ¿Quieres tú un moso é candela
951 2012 1511 2051 que esté mas fijo que er só.
941 2062 1321 2101 y que solo dé caló
943 2111 1413 2144 á tu presona, Manuela?
892 2180 980 2216 FIN.
244 2177 1610 2328 CARMONA;—Imp. y lib. de D. José M. Moreno, calle Madré de Dios.
