<?xml version="1.0" encoding="UTF-8" standalone="yes"?>
<PcGts xmlns="http://schema.primaresearch.org/PAGE/gts/pagecontent/2013-07-15" xmlns:xsi="http://www.w3.org/2001/XMLSchema-instance" xsi:schemaLocation="http://schema.primaresearch.org/PAGE/gts/pagecontent/2013-07-15 http://schema.primaresearch.org/PAGE/gts/pagecontent/2013-07-15/pagecontent.xsd">
    <Metadata>
        <Creator>prov=University of Rostock/Institute of Mathematics/CITlab|PLANET AI GmbH/Gundram Leifert/gundram.leifert@planet-ai.de:name=Pliegos de Cordel (XIXe) - v4(htr_id=27283)::::v=2.6.7
prov=University of Rostock/Institute of Mathematics/CITlab|PLANET AI GmbH/Tobias Gruening/tobias.gruening@planet-ai.de:name=de.uros.citlab.module.baseline2polygon.B2PSeamMultiOriented:v=2.6.7
prov=University of Rostock/Institute of Mathematics/CITlab|PLANET AI GmbH/Tobias Gruening/tobias.gruening@planet-ai.de:name=/net_tf/LA73_249_0mod360.pb:de.uros.citlab.segmentation.CITlab_LA_ML:v=2.6.7
Transkribus</Creator>
        <Created>2020-12-04T14:16:57.796+01:00</Created>
        <LastChange>2020-12-18T14:17:05.483+01:00</LastChange>
        <Comments>
                Measurement unit: pixel
                PrimaryLanguage: 
                Producer: Transkribus
            </Comments>
        <TranskribusMetadata docId="525392" pageId="22319288" pageNr="3" tsid="50430884" status="DONE" userId="66244" imgUrl="https://files.transkribus.eu/Get?id=HQRGOUGTUPIMVJQGLLOVZQLG&amp;fileType=view" xmlUrl="https://files.transkribus.eu/Get?id=IFIOHYGAHPZOXALPGZQPGHWH" imageId="17388803"/>
    </Metadata>
    <Page imageFilename="Moreno_268_3.jpg" imageWidth="1737" imageHeight="2508">
        <PrintSpace>
            <Coords points="0,0 1737,0 1737,2433 0,2433"/>
        </PrintSpace>
        <ReadingOrder>
            <OrderedGroup id="ro_1608304699447" caption="Regions reading order">
                <RegionRefIndexed index="0" regionRef="r_1_1"/>
                <RegionRefIndexed index="1" regionRef="r_2_1"/>
                <RegionRefIndexed index="2" regionRef="r_3_1"/>
                <RegionRefIndexed index="3" regionRef="r_4_1"/>
            </OrderedGroup>
        </ReadingOrder>
        <TextRegion orientation="0.0" type="paragraph" id="r_1_1" custom="readingOrder {index:0;}">
            <Coords points="145,140 766,140 766,926 145,926"/>
            <TextLine id="r_1_1l1" custom="readingOrder {index:0;}">
                <Coords points="147,198 172,198 197,197 223,197 248,196 274,196 299,196 325,196 350,195 376,195 401,195 426,195 452,195 477,195 503,194 528,194 554,194 579,193 605,193 630,192 656,192 656,158 630,158 605,159 579,159 554,160 528,160 503,160 477,161 452,161 426,161 401,161 376,161 350,161 325,162 299,162 274,162 248,162 223,163 197,163 172,164 147,164"/>
                <Baseline points="147,187 172,187 197,186 223,186 248,185 274,185 299,185 325,185 350,184 376,184 401,184 426,184 452,184 477,184 503,183 528,183 554,183 579,182 605,182 630,181 656,181"/>
                <TextEquiv>
                    <Unicode>Me vasté á dá la tercera!</Unicode>
                </TextEquiv>
            </TextLine>
            <TextLine id="r_1_1l2" custom="readingOrder {index:1;}">
                <Coords points="148,245 176,246 204,246 233,246 261,246 289,245 318,245 346,244 374,244 403,244 431,243 460,242 488,242 516,242 545,242 573,241 601,242 630,242 658,242 687,243 687,209 658,208 630,208 601,208 573,207 545,208 516,208 488,208 460,208 431,209 403,210 374,210 346,210 318,211 289,211 261,212 233,212 204,212 176,212 148,211"/>
                <Baseline points="148,234 176,235 204,235 233,235 261,235 289,234 318,234 346,233 374,233 403,233 431,232 460,231 488,231 516,231 545,231 573,230 601,231 630,231 658,231 687,232"/>
                <TextEquiv>
                    <Unicode>En queriendo osté quimera</Unicode>
                </TextEquiv>
            </TextLine>
            <TextLine id="r_1_1l3" custom="readingOrder {index:2;}">
                <Coords points="162,295 187,295 212,295 237,295 262,295 287,294 312,294 337,293 362,293 388,292 413,291 438,291 463,291 488,290 513,290 538,290 563,290 588,291 614,291 614,257 588,257 563,256 538,256 513,256 488,256 463,257 438,257 413,257 388,258 362,259 337,259 312,260 287,260 262,261 237,261 212,261 187,261 162,261"/>
                <Baseline points="162,284 187,284 212,284 237,284 262,284 287,283 312,283 337,282 362,282 388,281 413,280 438,280 463,280 488,279 513,279 538,279 563,279 588,280 614,280"/>
                <TextEquiv>
                    <Unicode>vengasté fresco á reñi.</Unicode>
                </TextEquiv>
            </TextLine>
            <TextLine id="r_1_1l4" custom="readingOrder {index:3;}">
                <Coords points="203,342 229,343 255,343 282,343 308,343 335,342 361,342 387,342 414,341 440,341 467,340 493,340 519,340 546,340 572,340 599,340 625,340 651,340 678,340 704,341 731,342 731,308 704,307 678,306 651,306 625,306 599,306 572,306 546,306 519,306 493,306 467,306 440,307 414,307 387,308 361,308 335,308 308,309 282,309 255,309 229,309 203,308"/>
                <Baseline points="203,331 229,332 255,332 282,332 308,332 335,331 361,331 387,331 414,330 440,330 467,329 493,329 519,329 546,329 572,329 599,329 625,329 651,329 678,329 704,330 731,331"/>
                <TextEquiv>
                    <Unicode>No le largo á osté mas lú,</Unicode>
                </TextEquiv>
            </TextLine>
            <TextLine id="r_1_1l5" custom="readingOrder {index:4;}">
                <Coords points="151,390 177,391 204,391 230,392 257,392 284,392 310,392 337,391 363,391 390,390 417,390 443,389 470,389 496,388 523,388 550,388 576,388 603,388 629,388 656,389 683,389 683,355 656,355 629,354 603,354 576,354 550,354 523,354 496,354 470,355 443,355 417,356 390,356 363,357 337,357 310,358 284,358 257,358 230,358 204,357 177,357 151,356"/>
                <Baseline points="151,379 177,380 204,380 230,381 257,381 284,381 310,381 337,380 363,380 390,379 417,379 443,378 470,378 496,377 523,377 550,377 576,377 603,377 629,377 656,378 683,378"/>
                <TextEquiv>
                    <Unicode>poique á chavales no pego:</Unicode>
                </TextEquiv>
            </TextLine>
            <TextLine id="r_1_1l6" custom="readingOrder {index:5;}">
                <Coords points="160,441 185,441 210,441 236,440 261,440 287,440 312,440 338,439 363,439 389,439 414,439 439,438 465,438 490,438 516,438 541,438 567,438 592,438 618,438 618,404 592,404 567,404 541,404 516,404 490,404 465,404 439,404 414,405 389,405 363,405 338,405 312,406 287,406 261,406 236,406 210,407 185,407 160,407"/>
                <Baseline points="160,430 185,430 210,430 236,429 261,429 287,429 312,429 338,428 363,428 389,428 414,428 439,427 465,427 490,427 516,427 541,427 567,427 592,427 618,427"/>
                <TextEquiv>
                    <Unicode>pero sepasté que luego</Unicode>
                </TextEquiv>
            </TextLine>
            <TextLine id="r_1_1l7" custom="readingOrder {index:6;}">
                <Coords points="155,490 182,489 210,489 237,489 265,489 292,489 320,488 347,488 375,488 402,488 430,488 458,488 485,488 513,488 540,488 568,488 595,487 623,487 650,487 678,486 706,485 706,451 678,452 650,453 623,453 595,453 568,454 540,454 513,454 485,454 458,454 430,454 402,454 375,454 347,454 320,454 292,455 265,455 237,455 210,455 182,455 155,456"/>
                <Baseline points="155,479 182,478 210,478 237,478 265,478 292,478 320,477 347,477 375,477 402,477 430,477 458,477 485,477 513,477 540,477 568,477 595,476 623,476 650,476 678,475 706,474"/>
                <TextEquiv>
                    <Unicode>lo vengo á buscar á la Crú.</Unicode>
                </TextEquiv>
            </TextLine>
            <TextLine id="r_1_1l8" custom="readingOrder {index:7;}">
                <Coords points="203,536 229,537 255,537 281,537 307,537 334,537 360,537 386,537 412,537 438,537 465,537 491,536 517,536 543,536 569,536 596,535 622,535 648,534 674,534 700,533 727,532 727,498 700,499 674,500 648,500 622,501 596,501 569,502 543,502 517,502 491,502 465,503 438,503 412,503 386,503 360,503 334,503 307,503 281,503 255,503 229,503 203,502"/>
                <Baseline points="203,525 229,526 255,526 281,526 307,526 334,526 360,526 386,526 412,526 438,526 465,526 491,525 517,525 543,525 569,525 596,524 622,524 648,523 674,523 700,522 727,521"/>
                <TextEquiv>
                    <Unicode>Y que á sio eso, Quintana?</Unicode>
                </TextEquiv>
            </TextLine>
            <TextLine id="r_1_1l9" custom="readingOrder {index:8;}">
                <Coords points="155,588 182,587 210,587 237,586 265,586 293,586 320,585 348,585 375,585 403,585 431,585 458,585 486,584 513,584 541,584 569,584 596,583 624,583 651,583 679,582 707,582 707,548 679,548 651,549 624,549 596,549 569,550 541,550 513,550 486,550 458,551 431,551 403,551 375,551 348,551 320,551 293,552 265,552 237,552 210,553 182,553 155,554"/>
                <Baseline points="155,577 182,576 210,576 237,575 265,575 293,575 320,574 348,574 375,574 403,574 431,574 458,574 486,573 513,573 541,573 569,573 596,572 624,572 651,572 679,571 707,571"/>
                <TextEquiv>
                    <Unicode>Hombe, na? que un majaero</Unicode>
                </TextEquiv>
            </TextLine>
            <TextLine id="r_1_1l10" custom="readingOrder {index:9;}">
                <Coords points="166,637 191,636 216,635 241,635 266,634 291,634 316,634 341,634 366,634 391,634 416,633 441,633 466,633 491,633 516,633 541,633 566,633 591,632 616,632 641,631 666,631 666,597 641,597 616,598 591,598 566,599 541,599 516,599 491,599 466,599 441,599 416,599 391,600 366,600 341,600 316,600 291,600 266,600 241,601 216,601 191,602 166,603"/>
                <Baseline points="166,626 191,625 216,624 241,624 266,623 291,623 316,623 341,623 366,623 391,623 416,622 441,622 466,622 491,622 516,622 541,622 566,622 591,621 616,621 641,620 666,620"/>
                <TextEquiv>
                    <Unicode>pensó que yo era carnero</Unicode>
                </TextEquiv>
            </TextLine>
            <TextLine id="r_1_1l11" custom="readingOrder {index:10;}">
                <Coords points="157,685 182,684 208,684 234,683 260,683 286,682 312,682 338,682 364,682 390,682 415,682 441,682 467,682 493,682 519,683 545,683 571,683 597,682 623,682 623,648 597,648 571,649 545,649 519,649 493,648 467,648 441,648 415,648 390,648 364,648 338,648 312,648 286,648 260,649 234,649 208,650 182,650 157,651"/>
                <Baseline points="157,674 182,673 208,673 234,672 260,672 286,671 312,671 338,671 364,671 390,671 415,671 441,671 467,671 493,671 519,672 545,672 571,672 597,671 623,671"/>
                <TextEquiv>
                    <Unicode>al verme vestio é lana.</Unicode>
                </TextEquiv>
            </TextLine>
            <TextLine id="r_1_1l12" custom="readingOrder {index:11;}">
                <Coords points="160,733 186,732 212,732 238,732 265,732 291,732 317,732 343,732 370,732 396,732 422,732 448,732 475,732 501,731 527,731 553,730 580,729 580,695 553,696 527,697 501,697 475,698 448,698 422,698 396,698 370,698 343,698 317,698 291,698 265,698 238,698 212,698 186,698 160,699"/>
                <Baseline points="160,722 186,721 212,721 238,721 265,721 291,721 317,721 343,721 370,721 396,721 422,721 448,721 475,721 501,720 527,720 553,719 580,718"/>
                <TextEquiv>
                    <Unicode>Ya tú ves, Pelao, yo!</Unicode>
                </TextEquiv>
            </TextLine>
            <TextLine id="r_1_1l13" custom="readingOrder {index:12;}">
                <Coords points="158,781 184,781 211,781 237,781 264,781 290,781 317,781 343,781 370,780 396,780 423,780 450,780 476,780 503,779 529,779 556,779 582,778 609,778 635,777 662,776 689,776 689,742 662,742 635,743 609,744 582,744 556,745 529,745 503,745 476,746 450,746 423,746 396,746 370,746 343,747 317,747 290,747 264,747 237,747 211,747 184,747 158,747"/>
                <Baseline points="158,770 184,770 211,770 237,770 264,770 290,770 317,770 343,770 370,769 396,769 423,769 450,769 476,769 503,768 529,768 556,768 582,767 609,767 635,766 662,765 689,765"/>
                <TextEquiv>
                    <Unicode>que soy un castillo é fuego</Unicode>
                </TextEquiv>
            </TextLine>
            <TextLine id="r_1_1l14" custom="readingOrder {index:13;}">
                <Coords points="157,830 184,829 211,829 239,829 266,828 294,828 321,828 348,828 376,828 403,828 431,828 458,828 485,828 513,828 540,828 568,828 595,828 622,828 650,828 677,827 705,827 705,793 677,793 650,794 622,794 595,794 568,794 540,794 513,794 485,794 458,794 431,794 403,794 376,794 348,794 321,794 294,794 266,794 239,795 211,795 184,795 157,796"/>
                <Baseline points="157,819 184,818 211,818 239,818 266,817 294,817 321,817 348,817 376,817 403,817 431,817 458,817 485,817 513,817 540,817 568,817 595,817 622,817 650,817 677,816 705,816"/>
                <TextEquiv>
                    <Unicode>tenerme á mi por borrego, </Unicode>
                </TextEquiv>
            </TextLine>
            <TextLine id="r_1_1l15" custom="readingOrder {index:14;}">
                <Coords points="162,879 187,878 213,878 238,878 264,877 289,877 315,877 340,877 366,876 391,876 417,876 442,876 468,876 493,876 519,876 544,876 570,877 596,877 596,843 570,843 544,842 519,842 493,842 468,842 442,842 417,842 391,842 366,842 340,843 315,843 289,843 264,843 238,844 213,844 187,844 162,845"/>
                <Baseline points="162,868 187,867 213,867 238,867 264,866 289,866 315,866 340,866 366,865 391,865 417,865 442,865 468,865 493,865 519,865 544,865 570,866 596,866"/>
                <TextEquiv>
                    <Unicode>hoy ese hombe nació!</Unicode>
                </TextEquiv>
            </TextLine>
            <TextLine id="r_1_1l16" custom="readingOrder {index:15;}">
                <Coords points="156,928 181,928 207,928 233,928 259,928 285,927 311,927 337,927 363,927 389,927 415,926 441,926 467,926 493,927 519,927 519,893 493,893 467,892 441,892 415,892 389,893 363,893 337,893 311,893 285,893 259,894 233,894 207,894 181,894 156,894"/>
                <Baseline points="156,917 181,917 207,917 233,917 259,917 285,916 311,916 337,916 363,916 389,916 415,915 441,915 467,915 493,916 519,916"/>
                <TextEquiv>
                    <Unicode>Pues él te decia...</Unicode>
                </TextEquiv>
            </TextLine>
            <TextEquiv>
                <Unicode>Me vasté á dá la tercera!
En queriendo osté quimera
vengasté fresco á reñi.
No le largo á osté mas lú,
poique á chavales no pego:
pero sepasté que luego
lo vengo á buscar á la Crú.
Y que á sio eso, Quintana?
Hombe, na? que un majaero
pensó que yo era carnero
al verme vestio é lana.
Ya tú ves, Pelao, yo!
que soy un castillo é fuego
tenerme á mi por borrego, 
hoy ese hombe nació!
Pues él te decia...</Unicode>
            </TextEquiv>
        </TextRegion>
        <TextRegion orientation="0.0" type="paragraph" id="r_2_1" custom="readingOrder {index:1;}">
            <Coords points="149,918 734,918 734,1119 149,1119"/>
            <TextLine id="r_2_1l1" custom="readingOrder {index:0;}">
                <Coords points="568,982 594,981 620,980 647,979 673,979 699,977 726,975 726,921 699,923 673,925 647,925 620,926 594,927 568,928"/>
                <Baseline points="568,964 594,963 620,962 647,961 673,961 699,959 726,957"/>
                <TextEquiv>
                    <Unicode>El qué?</Unicode>
                </TextEquiv>
            </TextLine>
            <TextLine id="r_2_1l2" custom="readingOrder {index:1;}">
                <Coords points="164,1036 189,1035 214,1034 239,1033 264,1033 289,1033 314,1033 339,1033 364,1032 389,1031 389,977 364,978 339,979 314,979 289,979 264,979 239,979 214,980 189,981 164,982"/>
                <Baseline points="164,1018 189,1017 214,1016 239,1015 264,1015 289,1015 314,1015 339,1015 364,1014 389,1013"/>
                <TextEquiv>
                    <Unicode>Qué se yó?</Unicode>
                </TextEquiv>
            </TextLine>
            <TextLine id="r_2_1l3" custom="readingOrder {index:2;}">
                <Coords points="454,1070 480,1071 507,1072 534,1072 561,1072 588,1071 615,1071 642,1070 669,1070 696,1069 723,1069 723,1032 696,1032 669,1033 642,1033 615,1034 588,1034 561,1035 534,1035 507,1035 480,1034 454,1033"/>
                <Baseline points="454,1058 480,1059 507,1060 534,1060 561,1060 588,1059 615,1059 642,1058 669,1058 696,1057 723,1057"/>
                <TextEquiv>
                    <Unicode>Una chancita? </Unicode>
                </TextEquiv>
            </TextLine>
            <TextLine id="r_2_1l4" custom="readingOrder {index:3;}">
                <Coords points="154,1124 179,1124 204,1124 230,1123 255,1123 281,1123 306,1122 332,1122 357,1122 382,1122 408,1121 433,1121 459,1122 484,1122 510,1122 535,1123 561,1123 561,1086 535,1086 510,1085 484,1085 459,1085 433,1084 408,1084 382,1085 357,1085 332,1085 306,1085 281,1086 255,1086 230,1086 204,1087 179,1087 154,1087"/>
                <Baseline points="154,1112 179,1112 204,1112 230,1111 255,1111 281,1111 306,1110 332,1110 357,1110 382,1110 408,1109 433,1109 459,1110 484,1110 510,1110 535,1111 561,1111"/>
                <TextEquiv>
                    <Unicode>Pues el se arrimó...</Unicode>
                </TextEquiv>
            </TextLine>
            <TextEquiv>
                <Unicode>El qué?
Qué se yó?
Una chancita? 
Pues el se arrimó...</Unicode>
            </TextEquiv>
        </TextRegion>
        <TextRegion orientation="0.0" type="paragraph" id="r_3_1" custom="readingOrder {index:2;}">
            <Coords points="157,1113 836,1113 836,2302 157,2302"/>
            <TextLine id="r_3_1l1" custom="readingOrder {index:0;}">
                <Coords points="593,1168 618,1167 643,1167 668,1167 693,1166 718,1166 743,1166 769,1167 769,1133 743,1132 718,1132 693,1132 668,1133 643,1133 618,1133 593,1134"/>
                <Baseline points="593,1157 618,1156 643,1156 668,1156 693,1155 718,1155 743,1155 769,1156"/>
                <TextEquiv>
                    <Unicode>Gromita!</Unicode>
                </TextEquiv>
            </TextLine>
            <TextLine id="r_3_1l2" custom="readingOrder {index:1;}">
                <Coords points="162,1221 187,1220 212,1219 238,1219 263,1218 288,1218 314,1217 339,1217 364,1216 390,1216 415,1216 441,1216 466,1216 491,1216 517,1216 542,1216 567,1216 593,1216 618,1216 644,1217 644,1183 618,1182 593,1182 567,1182 542,1182 517,1182 491,1182 466,1182 441,1182 415,1182 390,1182 364,1182 339,1183 314,1183 288,1184 263,1184 238,1185 212,1185 187,1186 162,1187"/>
                <Baseline points="162,1210 187,1209 212,1208 238,1208 263,1207 288,1207 314,1206 339,1206 364,1205 390,1205 415,1205 441,1205 466,1205 491,1205 517,1205 542,1205 567,1205 593,1205 618,1205 644,1206"/>
                <TextEquiv>
                    <Unicode>pero al fin lo esengañe.</Unicode>
                </TextEquiv>
            </TextLine>
            <TextLine id="r_3_1l3" custom="readingOrder {index:2;}">
                <Coords points="173,1268 199,1267 225,1267 251,1267 277,1267 303,1266 329,1266 355,1266 381,1266 407,1266 433,1266 459,1266 486,1265 486,1231 459,1232 433,1232 407,1232 381,1232 355,1232 329,1232 303,1232 277,1233 251,1233 225,1233 199,1233 173,1234"/>
                <Baseline points="173,1257 199,1256 225,1256 251,1256 277,1256 303,1255 329,1255 355,1255 381,1255 407,1255 433,1255 459,1255 486,1254"/>
                <TextEquiv>
                    <Unicode>Y lo dejaste así?</Unicode>
                </TextEquiv>
            </TextLine>
            <TextLine id="r_3_1l4" custom="readingOrder {index:3;}">
                <Coords points="161,1318 187,1317 214,1317 241,1316 268,1315 295,1315 322,1315 349,1314 376,1314 403,1314 430,1314 456,1314 483,1314 510,1313 537,1313 564,1313 591,1313 618,1313 645,1312 672,1312 699,1312 699,1278 672,1278 645,1278 618,1279 591,1279 564,1279 537,1279 510,1279 483,1280 456,1280 430,1280 403,1280 376,1280 349,1280 322,1281 295,1281 268,1281 241,1282 214,1283 187,1283 161,1284"/>
                <Baseline points="161,1307 187,1306 214,1306 241,1305 268,1304 295,1304 322,1304 349,1303 376,1303 403,1303 430,1303 456,1303 483,1303 510,1302 537,1302 564,1302 591,1302 618,1302 645,1301 672,1301 699,1301"/>
                <TextEquiv>
                    <Unicode>Pues no lo ves que sa dio?</Unicode>
                </TextEquiv>
            </TextLine>
            <TextLine id="r_3_1l5" custom="readingOrder {index:4;}">
                <Coords points="165,1366 190,1366 216,1365 241,1365 267,1364 292,1364 318,1364 343,1364 369,1364 394,1364 420,1364 446,1364 471,1363 497,1363 522,1363 548,1363 573,1363 599,1362 624,1362 650,1361 676,1360 676,1326 650,1327 624,1328 599,1328 573,1329 548,1329 522,1329 497,1329 471,1329 446,1330 420,1330 394,1330 369,1330 343,1330 318,1330 292,1330 267,1330 241,1331 216,1331 190,1332 165,1332"/>
                <Baseline points="165,1355 190,1355 216,1354 241,1354 267,1353 292,1353 318,1353 343,1353 369,1353 394,1353 420,1353 446,1353 471,1352 497,1352 522,1352 548,1352 573,1352 599,1351 624,1351 650,1350 676,1349"/>
                <TextEquiv>
                    <Unicode>Eso que tu,no has querio</Unicode>
                </TextEquiv>
            </TextLine>
            <TextLine id="r_3_1l6" custom="readingOrder {index:5;}">
                <Coords points="175,1414 200,1414 225,1414 250,1413 276,1413 301,1412 326,1412 351,1411 377,1411 402,1411 427,1410 452,1411 478,1411 503,1411 528,1412 554,1413 554,1379 528,1378 503,1377 478,1377 452,1377 427,1376 402,1377 377,1377 351,1377 326,1378 301,1378 276,1379 250,1379 225,1380 200,1380 175,1380"/>
                <Baseline points="175,1403 200,1403 225,1403 250,1402 276,1402 301,1401 326,1401 351,1400 377,1400 402,1400 427,1399 452,1400 478,1400 503,1400 528,1401 554,1402"/>
                <TextEquiv>
                    <Unicode>con ese moso reñi.</Unicode>
                </TextEquiv>
            </TextLine>
            <TextLine id="r_3_1l7" custom="readingOrder {index:6;}">
                <Coords points="168,1465 193,1464 218,1463 243,1463 269,1463 294,1462 319,1462 345,1462 370,1462 395,1462 421,1462 446,1462 471,1461 496,1461 522,1461 547,1461 572,1461 598,1461 623,1460 648,1459 674,1459 674,1425 648,1425 623,1426 598,1427 572,1427 547,1427 522,1427 496,1427 471,1427 446,1428 421,1428 395,1428 370,1428 345,1428 319,1428 294,1428 269,1429 243,1429 218,1429 193,1430 168,1431"/>
                <Baseline points="168,1454 193,1453 218,1452 243,1452 269,1452 294,1451 319,1451 345,1451 370,1451 395,1451 421,1451 446,1451 471,1450 496,1450 522,1450 547,1450 572,1450 598,1450 623,1449 648,1448 674,1448"/>
                <TextEquiv>
                    <Unicode>Aguanta er mislo, Pelao!</Unicode>
                </TextEquiv>
            </TextLine>
            <TextLine id="r_3_1l8" custom="readingOrder {index:7;}">
                <Coords points="172,1511 198,1511 224,1511 251,1510 277,1510 303,1510 330,1510 356,1509 383,1509 409,1509 435,1509 462,1508 488,1508 514,1508 541,1508 567,1508 594,1508 594,1474 567,1474 541,1474 514,1474 488,1474 462,1474 435,1475 409,1475 383,1475 356,1475 330,1476 303,1476 277,1476 251,1476 224,1477 198,1477 172,1477"/>
                <Baseline points="172,1500 198,1500 224,1500 251,1499 277,1499 303,1499 330,1499 356,1498 383,1498 409,1498 435,1498 462,1497 488,1497 514,1497 541,1497 567,1497 594,1497"/>
                <TextEquiv>
                    <Unicode>No me conoces José?</Unicode>
                </TextEquiv>
            </TextLine>
            <TextLine id="r_3_1l9" custom="readingOrder {index:8;}">
                <Coords points="165,1559 190,1559 216,1560 242,1560 268,1559 293,1559 319,1559 345,1559 371,1559 397,1559 422,1559 448,1558 474,1558 500,1558 525,1558 551,1558 577,1558 603,1558 629,1558 629,1524 603,1524 577,1524 551,1524 525,1524 500,1524 474,1524 448,1524 422,1525 397,1525 371,1525 345,1525 319,1525 293,1525 268,1525 242,1526 216,1526 190,1525 165,1525"/>
                <Baseline points="165,1548 190,1548 216,1549 242,1549 268,1548 293,1548 319,1548 345,1548 371,1548 397,1548 422,1548 448,1547 474,1547 500,1547 525,1547 551,1547 577,1547 603,1547 629,1547"/>
                <TextEquiv>
                    <Unicode>Sí se descuida el gaché</Unicode>
                </TextEquiv>
            </TextLine>
            <TextLine id="r_3_1l10" custom="readingOrder {index:9;}">
                <Coords points="171,1608 196,1608 221,1608 246,1609 271,1609 296,1609 321,1608 346,1608 371,1608 397,1608 422,1607 447,1607 472,1607 497,1607 522,1607 547,1606 572,1607 597,1607 623,1607 623,1573 597,1573 572,1573 547,1572 522,1573 497,1573 472,1573 447,1573 422,1573 397,1574 371,1574 346,1574 321,1574 296,1575 271,1575 246,1575 221,1574 196,1574 171,1574"/>
                <Baseline points="171,1597 196,1597 221,1597 246,1598 271,1598 296,1598 321,1597 346,1597 371,1597 397,1597 422,1596 447,1596 472,1596 497,1596 522,1596 547,1595 572,1596 597,1596 623,1596"/>
                <TextEquiv>
                    <Unicode>ya yo estaba preparao!</Unicode>
                </TextEquiv>
            </TextLine>
            <TextLine id="r_3_1l11" custom="readingOrder {index:10;}">
                <Coords points="223,1657 253,1656 283,1656 313,1656 343,1655 373,1655 403,1655 433,1655 463,1655 493,1655 523,1655 553,1655 583,1655 613,1655 643,1655 673,1655 703,1655 733,1654 763,1654 793,1653 823,1653 823,1619 793,1619 763,1620 733,1620 703,1621 673,1621 643,1621 613,1621 583,1621 553,1621 523,1621 493,1621 463,1621 433,1621 403,1621 373,1621 343,1621 313,1622 283,1622 253,1622 223,1623"/>
                <Baseline points="223,1646 253,1645 283,1645 313,1645 343,1644 373,1644 403,1644 433,1644 463,1644 493,1644 523,1644 553,1644 583,1644 613,1644 643,1644 673,1644 703,1644 733,1643 763,1643 793,1642 823,1642"/>
                <TextEquiv>
                    <Unicode>Pues poiqué no hubo quimera?</Unicode>
                </TextEquiv>
            </TextLine>
            <TextLine id="r_3_1l12" custom="readingOrder {index:11;}">
                <Coords points="175,1708 200,1708 226,1708 251,1707 277,1707 302,1707 328,1707 353,1706 379,1706 404,1705 430,1704 455,1702 481,1700 481,1666 455,1668 430,1670 404,1671 379,1672 353,1672 328,1673 302,1673 277,1673 251,1673 226,1674 200,1674 175,1674"/>
                <Baseline points="175,1697 200,1697 226,1697 251,1696 277,1696 302,1696 328,1696 353,1695 379,1695 404,1694 430,1693 455,1691 481,1689"/>
                <TextEquiv>
                    <Unicode>tú que le hicite!</Unicode>
                </TextEquiv>
            </TextLine>
            <TextLine id="r_3_1l13" custom="readingOrder {index:12;}">
                <Coords points="500,1751 525,1751 551,1751 576,1751 602,1752 627,1752 653,1752 678,1752 704,1751 730,1749 730,1715 704,1717 678,1718 653,1718 627,1718 602,1718 576,1717 551,1717 525,1717 500,1717"/>
                <Baseline points="500,1740 525,1740 551,1740 576,1740 602,1741 627,1741 653,1741 678,1741 704,1740 730,1738"/>
                <TextEquiv>
                    <Unicode>Yo... na! </Unicode>
                </TextEquiv>
            </TextLine>
            <TextLine id="r_3_1l14" custom="readingOrder {index:13;}">
                <Coords points="162,1804 188,1804 215,1804 242,1804 269,1804 296,1803 322,1803 349,1802 376,1802 403,1801 430,1801 456,1800 483,1800 510,1799 537,1799 564,1799 590,1799 617,1799 644,1799 671,1799 698,1800 698,1766 671,1765 644,1765 617,1765 590,1765 564,1765 537,1765 510,1765 483,1766 456,1766 430,1767 403,1767 376,1768 349,1768 322,1769 296,1769 269,1770 242,1770 215,1770 188,1770 162,1770"/>
                <Baseline points="162,1793 188,1793 215,1793 242,1793 269,1793 296,1792 322,1792 349,1791 376,1791 403,1790 430,1790 456,1789 483,1789 510,1788 537,1788 564,1788 590,1788 617,1788 644,1788 671,1788 698,1789"/>
                <TextEquiv>
                    <Unicode>Pues él te dió dos guantá! </Unicode>
                </TextEquiv>
            </TextLine>
            <TextLine id="r_3_1l15" custom="readingOrder {index:14;}">
                <Coords points="172,1850 198,1851 224,1851 250,1852 276,1851 302,1851 328,1851 354,1851 380,1850 406,1850 433,1849 459,1849 485,1849 511,1848 537,1848 563,1848 589,1848 615,1848 641,1849 668,1849 668,1815 641,1815 615,1814 589,1814 563,1814 537,1814 511,1814 485,1815 459,1815 433,1815 406,1816 380,1816 354,1817 328,1817 302,1817 276,1817 250,1818 224,1817 198,1817 172,1816"/>
                <Baseline points="172,1839 198,1840 224,1840 250,1841 276,1840 302,1840 328,1840 354,1840 380,1839 406,1839 433,1838 459,1838 485,1838 511,1837 537,1837 563,1837 589,1837 615,1837 641,1838 668,1838"/>
                <TextEquiv>
                    <Unicode>Digol.. si dá la tercera! </Unicode>
                </TextEquiv>
            </TextLine>
            <TextLine id="r_3_1l16" custom="readingOrder {index:15;}">
                <Coords points="171,1900 197,1901 224,1900 251,1900 278,1900 304,1900 331,1899 358,1899 385,1899 411,1898 438,1897 465,1897 492,1897 518,1896 545,1896 572,1896 599,1896 625,1896 652,1896 679,1896 706,1896 706,1862 679,1862 652,1862 625,1862 599,1862 572,1862 545,1862 518,1862 492,1863 465,1863 438,1863 411,1864 385,1865 358,1865 331,1865 304,1866 278,1866 251,1866 224,1866 197,1867 171,1866"/>
                <Baseline points="171,1889 197,1890 224,1889 251,1889 278,1889 304,1889 331,1888 358,1888 385,1888 411,1887 438,1886 465,1886 492,1886 518,1885 545,1885 572,1885 599,1885 625,1885 652,1885 679,1885 706,1885"/>
                <TextEquiv>
                    <Unicode>Hay en el mundo elemento</Unicode>
                </TextEquiv>
            </TextLine>
            <TextLine id="r_3_1l17" custom="readingOrder {index:16;}">
                <Coords points="181,1949 206,1949 232,1949 258,1949 283,1949 309,1949 335,1949 360,1948 386,1948 412,1948 438,1947 463,1947 489,1947 515,1946 540,1946 566,1946 592,1945 618,1945 618,1911 592,1911 566,1912 540,1912 515,1912 489,1913 463,1913 438,1913 412,1914 386,1914 360,1914 335,1915 309,1915 283,1915 258,1915 232,1915 206,1915 181,1915"/>
                <Baseline points="181,1938 206,1938 232,1938 258,1938 283,1938 309,1938 335,1938 360,1937 386,1937 412,1937 438,1936 463,1936 489,1936 515,1935 540,1935 566,1935 592,1934 618,1934"/>
                <TextEquiv>
                    <Unicode>que me gane á peleá?</Unicode>
                </TextEquiv>
            </TextLine>
            <TextLine id="r_3_1l18" custom="readingOrder {index:17;}">
                <Coords points="174,1998 200,1998 227,1998 253,1998 280,1998 306,1998 333,1998 359,1998 386,1997 412,1997 439,1996 465,1996 492,1995 518,1995 545,1994 572,1994 572,1960 545,1960 518,1961 492,1961 465,1962 439,1962 412,1963 386,1963 359,1964 333,1964 306,1964 280,1964 253,1964 227,1964 200,1964 174,1964"/>
                <Baseline points="174,1987 200,1987 227,1987 253,1987 280,1987 306,1987 333,1987 359,1987 386,1986 412,1986 439,1985 465,1985 492,1984 518,1984 545,1983 572,1983"/>
                <TextEquiv>
                    <Unicode>si soy pa dá puñalá</Unicode>
                </TextEquiv>
            </TextLine>
            <TextLine id="r_3_1l19" custom="readingOrder {index:18;}">
                <Coords points="179,2048 209,2047 240,2047 271,2047 301,2046 332,2046 363,2045 393,2045 424,2045 455,2044 486,2044 516,2044 547,2044 578,2043 608,2043 639,2043 670,2043 700,2043 731,2043 762,2043 793,2043 793,2009 762,2009 731,2009 700,2009 670,2009 639,2009 608,2009 578,2009 547,2010 516,2010 486,2010 455,2010 424,2011 393,2011 363,2011 332,2012 301,2012 271,2013 240,2013 209,2013 179,2014"/>
                <Baseline points="179,2037 209,2036 240,2036 271,2036 301,2035 332,2035 363,2034 393,2034 424,2034 455,2033 486,2033 516,2033 547,2033 578,2032 608,2032 639,2032 670,2032 700,2032 731,2032 762,2032 793,2032"/>
                <TextEquiv>
                    <Unicode>mas fino que el mesmo viento.</Unicode>
                </TextEquiv>
            </TextLine>
            <TextLine id="r_3_1l20" custom="readingOrder {index:19;}">
                <Coords points="171,2095 197,2095 223,2095 250,2095 276,2095 302,2095 329,2095 355,2094 381,2094 408,2094 434,2094 460,2094 487,2093 513,2093 539,2092 566,2092 592,2091 619,2090 619,2056 592,2057 566,2058 539,2058 513,2059 487,2059 460,2060 434,2060 408,2060 381,2060 355,2060 329,2061 302,2061 276,2061 250,2061 223,2061 197,2061 171,2061"/>
                <Baseline points="171,2084 197,2084 223,2084 250,2084 276,2084 302,2084 329,2084 355,2083 381,2083 408,2083 434,2083 460,2083 487,2082 513,2082 539,2081 566,2081 592,2080 619,2079"/>
                <TextEquiv>
                    <Unicode>Ha nacio algun gaché</Unicode>
                </TextEquiv>
            </TextLine>
            <TextLine id="r_3_1l21" custom="readingOrder {index:20;}">
                <Coords points="187,2145 214,2145 242,2145 269,2145 297,2145 324,2144 352,2144 379,2144 407,2143 434,2143 462,2142 489,2142 517,2141 544,2141 572,2141 599,2141 627,2141 654,2141 682,2142 709,2142 737,2143 737,2109 709,2108 682,2108 654,2107 627,2107 599,2107 572,2107 544,2107 517,2107 489,2108 462,2108 434,2109 407,2109 379,2110 352,2110 324,2110 297,2111 269,2111 242,2111 214,2111 187,2111"/>
                <Baseline points="187,2134 214,2134 242,2134 269,2134 297,2134 324,2133 352,2133 379,2133 407,2132 434,2132 462,2131 489,2131 517,2130 544,2130 572,2130 599,2130 627,2130 654,2130 682,2131 709,2131 737,2132"/>
                <TextEquiv>
                    <Unicode>que en la volilla del mundo</Unicode>
                </TextEquiv>
            </TextLine>
            <TextLine id="r_3_1l22" custom="readingOrder {index:21;}">
                <Coords points="179,2192 205,2192 232,2193 259,2193 285,2193 312,2193 339,2193 365,2193 392,2192 419,2192 446,2192 472,2192 499,2191 526,2191 552,2191 579,2191 606,2191 632,2191 659,2191 686,2191 713,2192 713,2158 686,2157 659,2157 632,2157 606,2157 579,2157 552,2157 526,2157 499,2157 472,2158 446,2158 419,2158 392,2158 365,2159 339,2159 312,2159 285,2159 259,2159 232,2159 205,2158 179,2158"/>
                <Baseline points="179,2181 205,2181 232,2182 259,2182 285,2182 312,2182 339,2182 365,2182 392,2181 419,2181 446,2181 472,2181 499,2180 526,2180 552,2180 579,2180 606,2180 632,2180 659,2180 686,2180 713,2181"/>
                <TextEquiv>
                    <Unicode>á mi me tosa, ¡me jundo!</Unicode>
                </TextEquiv>
            </TextLine>
            <TextLine id="r_3_1l23" custom="readingOrder {index:22;}">
                <Coords points="181,2240 206,2240 231,2241 256,2241 282,2241 307,2241 332,2241 358,2241 383,2240 408,2240 434,2240 459,2240 484,2239 509,2239 535,2239 560,2239 585,2239 611,2239 636,2239 661,2239 687,2240 687,2206 661,2205 636,2205 611,2205 585,2205 560,2205 535,2205 509,2205 484,2205 459,2206 434,2206 408,2206 383,2206 358,2207 332,2207 307,2207 282,2207 256,2207 231,2207 206,2206 181,2206"/>
                <Baseline points="181,2229 206,2229 231,2230 256,2230 282,2230 307,2230 332,2230 358,2230 383,2229 408,2229 434,2229 459,2229 484,2228 509,2228 535,2228 560,2228 585,2228 611,2228 636,2228 661,2228 687,2229"/>
                <TextEquiv>
                    <Unicode>ni en españó ni en francé; </Unicode>
                </TextEquiv>
            </TextLine>
            <TextLine id="r_3_1l24" custom="readingOrder {index:23;}">
                <Coords points="180,2290 206,2290 233,2291 259,2291 286,2292 312,2292 339,2292 365,2292 392,2292 418,2291 445,2291 472,2291 498,2290 525,2290 551,2290 578,2289 604,2289 631,2289 657,2288 684,2289 711,2289 711,2255 684,2255 657,2254 631,2255 604,2255 578,2255 551,2256 525,2256 498,2256 472,2257 445,2257 418,2257 392,2258 365,2258 339,2258 312,2258 286,2258 259,2257 233,2257 206,2256 180,2256"/>
                <Baseline points="180,2279 206,2279 233,2280 259,2280 286,2281 312,2281 339,2281 365,2281 392,2281 418,2280 445,2280 472,2280 498,2279 525,2279 551,2279 578,2278 604,2278 631,2278 657,2277 684,2278 711,2278"/>
                <TextEquiv>
                    <Unicode>suerto, teme, largo y doy:</Unicode>
                </TextEquiv>
            </TextLine>
            <TextEquiv>
                <Unicode>Gromita!
pero al fin lo esengañe.
Y lo dejaste así?
Pues no lo ves que sa dio?
Eso que tu,no has querio
con ese moso reñi.
Aguanta er mislo, Pelao!
No me conoces José?
Sí se descuida el gaché
ya yo estaba preparao!
Pues poiqué no hubo quimera?
tú que le hicite!
Yo... na! 
Pues él te dió dos guantá! 
Digol.. si dá la tercera! 
Hay en el mundo elemento
que me gane á peleá?
si soy pa dá puñalá
mas fino que el mesmo viento.
Ha nacio algun gaché
que en la volilla del mundo
á mi me tosa, ¡me jundo!
ni en españó ni en francé; 
suerto, teme, largo y doy:</Unicode>
            </TextEquiv>
        </TextRegion>
        <TextRegion orientation="0.0" type="paragraph" id="r_4_1" custom="readingOrder {index:3;}">
            <Coords points="855,133 1501,133 1501,2294 855,2294"/>
            <TextLine id="r_4_1l1" custom="readingOrder {index:0;}">
                <Coords points="866,193 891,192 916,191 941,191 966,190 992,190 1017,189 1042,189 1067,189 1093,188 1118,188 1143,188 1168,188 1194,188 1219,187 1244,187 1269,187 1295,186 1295,152 1269,153 1244,153 1219,153 1194,154 1168,154 1143,154 1118,154 1093,154 1067,155 1042,155 1017,155 992,156 966,156 941,157 916,157 891,158 866,159"/>
                <Baseline points="866,182 891,181 916,180 941,180 966,179 992,179 1017,178 1042,178 1067,178 1093,177 1118,177 1143,177 1168,177 1194,177 1219,176 1244,176 1269,176 1295,175"/>
                <TextEquiv>
                    <Unicode>y así que jabro jeria, </Unicode>
                </TextEquiv>
            </TextLine>
            <TextLine id="r_4_1l2" custom="readingOrder {index:1;}">
                <Coords points="862,240 888,240 914,240 940,239 967,239 993,239 1019,238 1046,238 1072,237 1098,237 1125,236 1151,236 1177,236 1204,235 1230,235 1256,234 1283,234 1283,200 1256,200 1230,201 1204,201 1177,202 1151,202 1125,202 1098,203 1072,203 1046,204 1019,204 993,205 967,205 940,205 914,206 888,206 862,206"/>
                <Baseline points="862,229 888,229 914,229 940,228 967,228 993,228 1019,227 1046,227 1072,226 1098,226 1125,225 1151,225 1177,225 1204,224 1230,224 1256,223 1283,223"/>
                <TextEquiv>
                    <Unicode>sarta la presona mia</Unicode>
                </TextEquiv>
            </TextLine>
            <TextLine id="r_4_1l3" custom="readingOrder {index:2;}">
                <Coords points="866,289 892,289 918,289 944,288 971,288 997,287 1023,287 1049,287 1076,286 1102,285 1128,284 1155,284 1181,283 1207,283 1233,282 1260,282 1286,282 1312,282 1339,282 1339,248 1312,248 1286,248 1260,248 1233,248 1207,249 1181,249 1155,250 1128,250 1102,251 1076,252 1049,253 1023,253 997,253 971,254 944,254 918,255 892,255 866,255"/>
                <Baseline points="866,278 892,278 918,278 944,277 971,277 997,276 1023,276 1049,276 1076,275 1102,274 1128,273 1155,273 1181,272 1207,272 1233,271 1260,271 1286,271 1312,271 1339,271"/>
                <TextEquiv>
                    <Unicode>y al estrangero me voy.</Unicode>
                </TextEquiv>
            </TextLine>
            <TextLine id="r_4_1l4" custom="readingOrder {index:3;}">
                <Coords points="915,336 940,336 965,335 990,335 1015,335 1040,335 1065,335 1090,334 1115,334 1140,334 1165,334 1190,333 1215,333 1240,333 1265,332 1290,332 1315,332 1341,331 1341,297 1315,298 1290,298 1265,298 1240,299 1215,299 1190,299 1165,300 1140,300 1115,300 1090,300 1065,301 1040,301 1015,301 990,301 965,301 940,302 915,302"/>
                <Baseline points="915,325 940,325 965,324 990,324 1015,324 1040,324 1065,324 1090,323 1115,323 1140,323 1165,323 1190,322 1215,322 1240,322 1265,321 1290,321 1315,321 1341,320"/>
                <TextEquiv>
                    <Unicode>Largo yo una puñalá,</Unicode>
                </TextEquiv>
            </TextLine>
            <TextLine id="r_4_1l5" custom="readingOrder {index:4;}">
                <Coords points="864,385 895,385 927,385 958,384 990,384 1021,384 1053,383 1084,383 1116,382 1147,382 1179,381 1210,381 1242,380 1273,380 1305,379 1336,379 1368,378 1399,377 1431,377 1463,376 1463,342 1431,343 1399,343 1368,344 1336,345 1305,345 1273,346 1242,346 1210,347 1179,347 1147,348 1116,348 1084,349 1053,349 1021,350 990,350 958,350 927,351 895,351 864,351"/>
                <Baseline points="864,374 895,374 927,374 958,373 990,373 1021,373 1053,372 1084,372 1116,371 1147,371 1179,370 1210,370 1242,369 1273,369 1305,368 1336,368 1368,367 1399,366 1431,366 1463,365"/>
                <TextEquiv>
                    <Unicode>y aonde cuela mi herramienta</Unicode>
                </TextEquiv>
            </TextLine>
            <TextLine id="r_4_1l6" custom="readingOrder {index:5;}">
                <Coords points="865,434 890,434 916,434 942,434 968,433 993,433 1019,432 1045,432 1071,431 1097,431 1122,430 1148,430 1174,430 1200,429 1226,429 1251,428 1277,428 1303,428 1329,428 1355,428 1355,394 1329,394 1303,394 1277,394 1251,394 1226,395 1200,395 1174,396 1148,396 1122,396 1097,397 1071,397 1045,398 1019,398 993,399 968,399 942,400 916,400 890,400 865,400"/>
                <Baseline points="865,423 890,423 916,423 942,423 968,422 993,422 1019,421 1045,421 1071,420 1097,420 1122,419 1148,419 1174,419 1200,418 1226,418 1251,417 1277,417 1303,417 1329,417 1355,417"/>
                <TextEquiv>
                    <Unicode>menuilla es la tormenta</Unicode>
                </TextEquiv>
            </TextLine>
            <TextLine id="r_4_1l7" custom="readingOrder {index:6;}">
                <Coords points="870,483 896,483 922,483 948,482 974,482 1000,482 1027,481 1053,481 1079,480 1105,480 1131,479 1157,479 1184,478 1210,477 1236,477 1262,477 1288,476 1314,476 1341,476 1341,442 1314,442 1288,442 1262,443 1236,443 1210,443 1184,444 1157,445 1131,445 1105,446 1079,446 1053,447 1027,447 1000,448 974,448 948,448 922,449 896,449 870,449"/>
                <Baseline points="870,472 896,472 922,472 948,471 974,471 1000,471 1027,470 1053,470 1079,469 1105,469 1131,468 1157,468 1184,467 1210,466 1236,466 1262,466 1288,465 1314,465 1341,465"/>
                <TextEquiv>
                    <Unicode>que ayí se llega á enreá. </Unicode>
                </TextEquiv>
            </TextLine>
            <TextLine id="r_4_1l8" custom="readingOrder {index:7;}">
                <Coords points="864,531 889,531 915,530 940,530 966,530 992,529 1017,529 1043,529 1069,528 1094,528 1120,528 1146,527 1171,527 1197,527 1223,526 1248,526 1274,526 1300,525 1300,491 1274,492 1248,492 1223,492 1197,493 1171,493 1146,493 1120,494 1094,494 1069,494 1043,495 1017,495 992,495 966,496 940,496 915,496 889,497 864,497"/>
                <Baseline points="864,520 889,520 915,519 940,519 966,519 992,518 1017,518 1043,518 1069,517 1094,517 1120,517 1146,516 1171,516 1197,516 1223,515 1248,515 1274,515 1300,514"/>
                <TextEquiv>
                    <Unicode>Jesucristol vamos, ná!</Unicode>
                </TextEquiv>
            </TextLine>
            <TextLine id="r_4_1l9" custom="readingOrder {index:8;}">
                <Coords points="865,579 890,580 915,580 941,580 966,580 992,579 1017,579 1042,579 1068,578 1093,578 1119,577 1144,576 1170,576 1195,576 1220,575 1246,575 1271,575 1297,575 1322,576 1348,576 1348,542 1322,542 1297,541 1271,541 1246,541 1220,541 1195,542 1170,542 1144,542 1119,543 1093,544 1068,544 1042,545 1017,545 992,545 966,546 941,546 915,546 890,546 865,545"/>
                <Baseline points="865,568 890,569 915,569 941,569 966,569 992,568 1017,568 1042,568 1068,567 1093,567 1119,566 1144,565 1170,565 1195,565 1220,564 1246,564 1271,564 1297,564 1322,565 1348,565"/>
                <TextEquiv>
                    <Unicode>mi navaja no hace daño,</Unicode>
                </TextEquiv>
            </TextLine>
            <TextLine id="r_4_1l10" custom="readingOrder {index:9;}">
                <Coords points="865,630 890,630 915,629 940,628 966,628 991,627 1016,627 1041,626 1067,626 1092,626 1117,625 1142,625 1168,624 1193,624 1218,624 1243,624 1269,624 1294,624 1319,624 1345,624 1345,590 1319,590 1294,590 1269,590 1243,590 1218,590 1193,590 1168,590 1142,591 1117,591 1092,592 1067,592 1041,592 1016,593 991,593 966,594 940,594 915,595 890,596 865,596"/>
                <Baseline points="865,619 890,619 915,618 940,617 966,617 991,616 1016,616 1041,615 1067,615 1092,615 1117,614 1142,614 1168,613 1193,613 1218,613 1243,613 1269,613 1294,613 1319,613 1345,613"/>
                <TextEquiv>
                    <Unicode>hueso y carne la rebaño</Unicode>
                </TextEquiv>
            </TextLine>
            <TextLine id="r_4_1l11" custom="readingOrder {index:10;}">
                <Coords points="872,677 897,677 922,677 947,677 972,677 997,676 1022,676 1047,676 1072,675 1097,674 1122,674 1147,674 1172,673 1197,673 1222,673 1247,673 1272,673 1297,673 1322,673 1322,639 1297,639 1272,639 1247,639 1222,639 1197,639 1172,639 1147,640 1122,640 1097,640 1072,641 1047,642 1022,642 997,642 972,643 947,643 922,643 897,643 872,643"/>
                <Baseline points="872,666 897,666 922,666 947,666 972,666 997,665 1022,665 1047,665 1072,664 1097,663 1122,663 1147,663 1172,662 1197,662 1222,662 1247,662 1272,662 1297,662 1322,662"/>
                <TextEquiv>
                    <Unicode>y la sangre la chorreo</Unicode>
                </TextEquiv>
            </TextLine>
            <TextLine id="r_4_1l12" custom="readingOrder {index:11;}">
                <Coords points="867,727 892,727 917,726 943,726 968,725 993,725 1019,724 1044,724 1069,723 1095,723 1120,722 1145,722 1171,722 1196,722 1221,722 1247,722 1272,722 1298,722 1298,688 1272,688 1247,688 1221,688 1196,688 1171,688 1145,688 1120,688 1095,689 1069,689 1044,690 1019,690 993,691 968,691 943,692 917,692 892,693 867,693"/>
                <Baseline points="867,716 892,716 917,715 943,715 968,714 993,714 1019,713 1044,713 1069,712 1095,712 1120,711 1145,711 1171,711 1196,711 1221,711 1247,711 1272,711 1298,711"/>
                <TextEquiv>
                    <Unicode>y al aire sartá la veo,</Unicode>
                </TextEquiv>
            </TextLine>
            <TextLine id="r_4_1l13" custom="readingOrder {index:12;}">
                <Coords points="875,776 900,776 925,775 951,774 976,774 1002,773 1027,772 1053,772 1078,771 1104,771 1129,771 1154,770 1180,770 1205,770 1231,770 1256,770 1282,771 1307,771 1333,771 1333,737 1307,737 1282,737 1256,736 1231,736 1205,736 1180,736 1154,736 1129,737 1104,737 1078,737 1053,738 1027,738 1002,739 976,740 951,740 925,741 900,742 875,742"/>
                <Baseline points="875,765 900,765 925,764 951,763 976,763 1002,762 1027,761 1053,761 1078,760 1104,760 1129,760 1154,759 1180,759 1205,759 1231,759 1256,759 1282,760 1307,760 1333,760"/>
                <TextEquiv>
                    <Unicode>con solo jasé un araño.</Unicode>
                </TextEquiv>
            </TextLine>
            <TextLine id="r_4_1l14" custom="readingOrder {index:13;}">
                <Coords points="924,823 949,822 975,822 1001,821 1027,821 1053,820 1079,820 1105,820 1131,819 1157,819 1183,818 1209,818 1235,818 1261,818 1287,818 1313,819 1339,819 1365,819 1391,820 1391,786 1365,785 1339,785 1313,785 1287,784 1261,784 1235,784 1209,784 1183,784 1157,785 1131,785 1105,786 1079,786 1053,786 1027,787 1001,787 975,788 949,788 924,789"/>
                <Baseline points="924,812 949,811 975,811 1001,810 1027,810 1053,809 1079,809 1105,809 1131,808 1157,808 1183,807 1209,807 1235,807 1261,807 1287,807 1313,808 1339,808 1365,808 1391,809"/>
                <TextEquiv>
                    <Unicode>Vaya un jumo y valentia?</Unicode>
                </TextEquiv>
            </TextLine>
            <TextLine id="r_4_1l15" custom="readingOrder {index:14;}">
                <Coords points="872,875 897,874 922,874 948,873 973,872 998,871 1024,870 1049,870 1074,869 1100,868 1125,868 1151,867 1176,867 1201,866 1227,866 1252,866 1277,866 1303,867 1328,867 1354,868 1354,834 1328,833 1303,833 1277,832 1252,832 1227,832 1201,832 1176,833 1151,833 1125,834 1100,834 1074,835 1049,836 1024,836 998,837 973,838 948,839 922,840 897,840 872,841"/>
                <Baseline points="872,864 897,863 922,863 948,862 973,861 998,860 1024,859 1049,859 1074,858 1100,857 1125,857 1151,856 1176,856 1201,855 1227,855 1252,855 1277,855 1303,856 1328,856 1354,857"/>
                <TextEquiv>
                    <Unicode>en llegándome á quemá</Unicode>
                </TextEquiv>
            </TextLine>
            <TextLine id="r_4_1l16" custom="readingOrder {index:15;}">
                <Coords points="869,922 894,921 919,921 945,921 970,920 996,919 1021,919 1046,918 1072,918 1097,917 1123,917 1148,916 1173,916 1199,916 1224,916 1250,916 1275,916 1300,916 1326,917 1351,918 1377,919 1377,885 1351,884 1326,883 1300,882 1275,882 1250,882 1224,882 1199,882 1173,882 1148,882 1123,883 1097,883 1072,884 1046,884 1021,885 996,885 970,886 945,887 919,887 894,887 869,888"/>
                <Baseline points="869,911 894,910 919,910 945,910 970,909 996,908 1021,908 1046,907 1072,907 1097,906 1123,906 1148,905 1173,905 1199,905 1224,905 1250,905 1275,905 1300,905 1326,906 1351,907 1377,908"/>
                <TextEquiv>
                    <Unicode>se junta er cielo y la má,</Unicode>
                </TextEquiv>
            </TextLine>
            <TextLine id="r_4_1l17" custom="readingOrder {index:16;}">
                <Coords points="876,970 901,970 927,970 952,969 978,968 1003,968 1029,967 1054,966 1080,966 1105,965 1131,965 1156,965 1182,964 1207,964 1233,964 1258,964 1284,965 1309,965 1335,966 1335,932 1309,931 1284,931 1258,930 1233,930 1207,930 1182,930 1156,931 1131,931 1105,931 1080,932 1054,932 1029,933 1003,934 978,934 952,935 927,936 901,936 876,936"/>
                <Baseline points="876,959 901,959 927,959 952,958 978,957 1003,957 1029,956 1054,955 1080,955 1105,954 1131,954 1156,954 1182,953 1207,953 1233,953 1258,953 1284,954 1309,954 1335,955"/>
                <TextEquiv>
                    <Unicode>y la noche se hace dia,</Unicode>
                </TextEquiv>
            </TextLine>
            <TextLine id="r_4_1l18" custom="readingOrder {index:17;}">
                <Coords points="881,1019 907,1019 933,1018 959,1017 985,1016 1011,1016 1037,1015 1063,1015 1089,1014 1115,1014 1141,1014 1167,1014 1193,1014 1219,1014 1245,1014 1271,1014 1297,1014 1323,1015 1349,1015 1376,1016 1376,982 1349,981 1323,981 1297,980 1271,980 1245,980 1219,980 1193,980 1167,980 1141,980 1115,980 1089,980 1063,981 1037,981 1011,982 985,982 959,983 933,984 907,985 881,985"/>
                <Baseline points="881,1008 907,1008 933,1007 959,1006 985,1005 1011,1005 1037,1004 1063,1004 1089,1003 1115,1003 1141,1003 1167,1003 1193,1003 1219,1003 1245,1003 1271,1003 1297,1003 1323,1004 1349,1004 1376,1005"/>
                <TextEquiv>
                    <Unicode>poique soy de Andalucia;</Unicode>
                </TextEquiv>
            </TextLine>
            <TextLine id="r_4_1l19" custom="readingOrder {index:18;}">
                <Coords points="878,1069 903,1068 929,1067 954,1066 980,1065 1005,1064 1031,1064 1057,1063 1082,1063 1108,1063 1133,1062 1159,1062 1184,1062 1210,1062 1236,1062 1261,1062 1287,1062 1312,1062 1338,1062 1364,1062 1364,1028 1338,1028 1312,1028 1287,1028 1261,1028 1236,1028 1210,1028 1184,1028 1159,1028 1133,1028 1108,1029 1082,1029 1057,1029 1031,1030 1005,1030 980,1031 954,1032 929,1033 903,1034 878,1035"/>
                <Baseline points="878,1058 903,1057 929,1056 954,1055 980,1054 1005,1053 1031,1053 1057,1052 1082,1052 1108,1052 1133,1051 1159,1051 1184,1051 1210,1051 1236,1051 1261,1051 1287,1051 1312,1051 1338,1051 1364,1051"/>
                <TextEquiv>
                    <Unicode>remuchito y con salero!</Unicode>
                </TextEquiv>
            </TextLine>
            <TextLine id="r_4_1l20" custom="readingOrder {index:19;}">
                <Coords points="875,1116 903,1115 932,1114 960,1114 989,1113 1018,1112 1046,1112 1075,1111 1103,1111 1132,1111 1161,1110 1189,1110 1218,1110 1246,1110 1275,1110 1304,1110 1332,1110 1361,1110 1389,1110 1418,1110 1447,1110 1447,1076 1418,1076 1389,1076 1361,1076 1332,1076 1304,1076 1275,1076 1246,1076 1218,1076 1189,1076 1161,1076 1132,1077 1103,1077 1075,1077 1046,1078 1018,1078 989,1079 960,1080 932,1080 903,1081 875,1082"/>
                <Baseline points="875,1105 903,1104 932,1103 960,1103 989,1102 1018,1101 1046,1101 1075,1100 1103,1100 1132,1100 1161,1099 1189,1099 1218,1099 1246,1099 1275,1099 1304,1099 1332,1099 1361,1099 1389,1099 1418,1099 1447,1099"/>
                <TextEquiv>
                    <Unicode>soy mas valiente que quiero!</Unicode>
                </TextEquiv>
            </TextLine>
            <TextLine id="r_4_1l21" custom="readingOrder {index:20;}">
                <Coords points="871,1164 899,1163 927,1163 955,1162 984,1162 1012,1161 1040,1160 1068,1160 1097,1160 1125,1159 1153,1159 1181,1158 1210,1158 1238,1158 1266,1158 1294,1158 1323,1159 1351,1160 1379,1160 1407,1161 1436,1163 1436,1129 1407,1127 1379,1126 1351,1126 1323,1125 1294,1124 1266,1124 1238,1124 1210,1124 1181,1124 1153,1125 1125,1125 1097,1126 1068,1126 1040,1126 1012,1127 984,1128 955,1128 927,1129 899,1129 871,1130"/>
                <Baseline points="871,1153 899,1152 927,1152 955,1151 984,1151 1012,1150 1040,1149 1068,1149 1097,1149 1125,1148 1153,1148 1181,1147 1210,1147 1238,1147 1266,1147 1294,1147 1323,1148 1351,1149 1379,1149 1407,1150 1436,1152"/>
                <TextEquiv>
                    <Unicode>Prosupuesto! quien lo duda,</Unicode>
                </TextEquiv>
            </TextLine>
            <TextLine id="r_4_1l22" custom="readingOrder {index:21;}">
                <Coords points="883,1215 908,1215 933,1213 959,1212 984,1212 1010,1211 1035,1210 1060,1210 1086,1209 1111,1209 1137,1208 1162,1208 1188,1207 1213,1207 1238,1207 1264,1207 1289,1207 1315,1207 1340,1207 1366,1207 1366,1173 1340,1173 1315,1173 1289,1173 1264,1173 1238,1173 1213,1173 1188,1173 1162,1174 1137,1174 1111,1175 1086,1175 1060,1176 1035,1176 1010,1177 984,1178 959,1178 933,1179 908,1181 883,1181"/>
                <Baseline points="883,1204 908,1204 933,1202 959,1201 984,1201 1010,1200 1035,1199 1060,1199 1086,1198 1111,1198 1137,1197 1162,1197 1188,1196 1213,1196 1238,1196 1264,1196 1289,1196 1315,1196 1340,1196 1366,1196"/>
                <TextEquiv>
                    <Unicode>Quien á Quintanilla acua</Unicode>
                </TextEquiv>
            </TextLine>
            <TextLine id="r_4_1l23" custom="readingOrder {index:22;}">
                <Coords points="881,1262 906,1262 931,1261 956,1260 982,1260 1007,1259 1032,1258 1057,1258 1083,1258 1108,1257 1133,1257 1158,1257 1184,1256 1209,1256 1234,1256 1259,1256 1285,1256 1310,1256 1335,1256 1360,1257 1386,1257 1386,1223 1360,1223 1335,1222 1310,1222 1285,1222 1259,1222 1234,1222 1209,1222 1184,1222 1158,1223 1133,1223 1108,1223 1083,1224 1057,1224 1032,1224 1007,1225 982,1226 956,1226 931,1227 906,1228 881,1228"/>
                <Baseline points="881,1251 906,1251 931,1250 956,1249 982,1249 1007,1248 1032,1247 1057,1247 1083,1247 1108,1246 1133,1246 1158,1246 1184,1245 1209,1245 1234,1245 1259,1245 1285,1245 1310,1245 1335,1245 1360,1246 1386,1246"/>
                <TextEquiv>
                    <Unicode>que se confiese primero:</Unicode>
                </TextEquiv>
            </TextLine>
            <TextLine id="r_4_1l24" custom="readingOrder {index:23;}">
                <Coords points="879,1310 904,1310 929,1310 954,1309 980,1309 1005,1308 1030,1308 1055,1307 1081,1306 1106,1306 1131,1305 1156,1305 1182,1305 1207,1304 1232,1304 1257,1304 1283,1305 1308,1305 1333,1305 1358,1306 1384,1307 1384,1273 1358,1272 1333,1271 1308,1271 1283,1271 1257,1270 1232,1270 1207,1270 1182,1271 1156,1271 1131,1271 1106,1272 1081,1272 1055,1273 1030,1274 1005,1274 980,1275 954,1275 929,1276 904,1276 879,1276"/>
                <Baseline points="879,1299 904,1299 929,1299 954,1298 980,1298 1005,1297 1030,1297 1055,1296 1081,1295 1106,1295 1131,1294 1156,1294 1182,1294 1207,1293 1232,1293 1257,1293 1283,1294 1308,1294 1333,1294 1358,1295 1384,1296"/>
                <TextEquiv>
                    <Unicode>y vengan sables, puñales,</Unicode>
                </TextEquiv>
            </TextLine>
            <TextLine id="r_4_1l25" custom="readingOrder {index:24;}">
                <Coords points="887,1357 912,1357 937,1357 962,1357 987,1357 1013,1357 1038,1357 1063,1356 1088,1356 1114,1355 1139,1355 1164,1354 1189,1354 1215,1354 1240,1354 1265,1354 1290,1355 1316,1356 1316,1322 1290,1321 1265,1320 1240,1320 1215,1320 1189,1320 1164,1320 1139,1321 1114,1321 1088,1322 1063,1322 1038,1323 1013,1323 987,1323 962,1323 937,1323 912,1323 887,1323"/>
                <Baseline points="887,1346 912,1346 937,1346 962,1346 987,1346 1013,1346 1038,1346 1063,1345 1088,1345 1114,1344 1139,1344 1164,1343 1189,1343 1215,1343 1240,1343 1265,1343 1290,1344 1316,1345"/>
                <TextEquiv>
                    <Unicode>y tiritos en la frente,</Unicode>
                </TextEquiv>
            </TextLine>
            <TextLine id="r_4_1l26" custom="readingOrder {index:25;}">
                <Coords points="887,1406 916,1406 946,1406 975,1406 1005,1406 1034,1405 1064,1405 1093,1405 1123,1404 1152,1404 1182,1404 1212,1403 1241,1403 1271,1402 1300,1402 1330,1402 1359,1401 1389,1401 1418,1401 1448,1401 1478,1401 1478,1367 1448,1367 1418,1367 1389,1367 1359,1367 1330,1368 1300,1368 1271,1368 1241,1369 1212,1369 1182,1370 1152,1370 1123,1370 1093,1371 1064,1371 1034,1371 1005,1372 975,1372 946,1372 916,1372 887,1372"/>
                <Baseline points="887,1395 916,1395 946,1395 975,1395 1005,1395 1034,1394 1064,1394 1093,1394 1123,1393 1152,1393 1182,1393 1212,1392 1241,1392 1271,1391 1300,1391 1330,1391 1359,1390 1389,1390 1418,1390 1448,1390 1478,1390"/>
                <TextEquiv>
                    <Unicode>que aquí Quintana er valiente</Unicode>
                </TextEquiv>
            </TextLine>
            <TextLine id="r_4_1l27" custom="readingOrder {index:26;}">
                <Coords points="884,1457 909,1457 934,1457 959,1456 984,1456 1009,1455 1034,1455 1059,1454 1084,1453 1109,1453 1134,1452 1159,1451 1184,1451 1209,1451 1234,1450 1259,1451 1284,1451 1309,1452 1309,1418 1284,1417 1259,1417 1234,1416 1209,1417 1184,1417 1159,1417 1134,1418 1109,1419 1084,1419 1059,1420 1034,1421 1009,1421 984,1422 959,1422 934,1423 909,1423 884,1423"/>
                <Baseline points="884,1446 909,1446 934,1446 959,1445 984,1445 1009,1444 1034,1444 1059,1443 1084,1442 1109,1442 1134,1441 1159,1440 1184,1440 1209,1440 1234,1439 1259,1440 1284,1440 1309,1441"/>
                <TextEquiv>
                    <Unicode>ha plantao sus reales.</Unicode>
                </TextEquiv>
            </TextLine>
            <TextLine id="r_4_1l28" custom="readingOrder {index:27;}">
                <Coords points="917,1503 943,1503 969,1503 995,1503 1021,1503 1047,1503 1074,1502 1100,1502 1126,1501 1152,1501 1178,1501 1204,1500 1231,1500 1257,1500 1283,1501 1309,1501 1335,1502 1362,1504 1362,1470 1335,1468 1309,1467 1283,1467 1257,1466 1231,1466 1204,1466 1178,1467 1152,1467 1126,1467 1100,1468 1074,1468 1047,1469 1021,1469 995,1469 969,1469 943,1469 917,1469"/>
                <Baseline points="917,1492 943,1492 969,1492 995,1492 1021,1492 1047,1492 1074,1491 1100,1491 1126,1490 1152,1490 1178,1490 1204,1489 1231,1489 1257,1489 1283,1490 1309,1490 1335,1491 1362,1493"/>
                <TextEquiv>
                    <Unicode>Serenos, municipales,</Unicode>
                </TextEquiv>
            </TextLine>
            <TextLine id="r_4_1l29" custom="readingOrder {index:28;}">
                <Coords points="876,1554 901,1554 927,1554 952,1554 978,1553 1003,1553 1029,1552 1054,1552 1080,1551 1106,1551 1131,1550 1157,1550 1182,1549 1208,1549 1233,1549 1259,1549 1284,1549 1310,1550 1336,1550 1336,1516 1310,1516 1284,1515 1259,1515 1233,1515 1208,1515 1182,1515 1157,1516 1131,1516 1106,1517 1080,1517 1054,1518 1029,1518 1003,1519 978,1519 952,1520 927,1520 901,1520 876,1520"/>
                <Baseline points="876,1543 901,1543 927,1543 952,1543 978,1542 1003,1542 1029,1541 1054,1541 1080,1540 1106,1540 1131,1539 1157,1539 1182,1538 1208,1538 1233,1538 1259,1538 1284,1538 1310,1539 1336,1539"/>
                <TextEquiv>
                    <Unicode>la partia, er provinciá,</Unicode>
                </TextEquiv>
            </TextLine>
            <TextLine id="r_4_1l30" custom="readingOrder {index:29;}">
                <Coords points="882,1600 908,1600 934,1601 960,1601 987,1600 1013,1600 1039,1599 1066,1599 1092,1599 1118,1598 1144,1598 1171,1597 1197,1597 1223,1597 1250,1597 1250,1563 1223,1563 1197,1563 1171,1563 1144,1564 1118,1564 1092,1565 1066,1565 1039,1565 1013,1566 987,1566 960,1567 934,1567 908,1566 882,1566"/>
                <Baseline points="882,1589 908,1589 934,1590 960,1590 987,1589 1013,1589 1039,1588 1066,1588 1092,1588 1118,1587 1144,1587 1171,1586 1197,1586 1223,1586 1250,1586"/>
                <TextEquiv>
                    <Unicode>y una fragata reá, </Unicode>
                </TextEquiv>
            </TextLine>
            <TextLine id="r_4_1l31" custom="readingOrder {index:30;}">
                <Coords points="883,1653 908,1652 933,1651 959,1650 984,1649 1009,1648 1035,1647 1060,1647 1085,1646 1111,1646 1136,1646 1162,1646 1187,1645 1212,1645 1238,1645 1263,1646 1288,1646 1314,1646 1339,1646 1365,1647 1365,1613 1339,1612 1314,1612 1288,1612 1263,1612 1238,1611 1212,1611 1187,1611 1162,1612 1136,1612 1111,1612 1085,1612 1060,1613 1035,1613 1009,1614 984,1615 959,1616 933,1617 908,1618 883,1619"/>
                <Baseline points="883,1642 908,1641 933,1640 959,1639 984,1638 1009,1637 1035,1636 1060,1636 1085,1635 1111,1635 1136,1635 1162,1635 1187,1634 1212,1634 1238,1634 1263,1635 1288,1635 1314,1635 1339,1635 1365,1636"/>
                <TextEquiv>
                    <Unicode>y murayas con cañones,</Unicode>
                </TextEquiv>
            </TextLine>
            <TextLine id="r_4_1l32" custom="readingOrder {index:31;}">
                <Coords points="883,1702 908,1700 933,1699 959,1698 984,1698 1010,1697 1035,1696 1060,1696 1086,1695 1111,1695 1137,1694 1162,1694 1187,1694 1213,1694 1238,1694 1264,1695 1289,1695 1314,1695 1340,1695 1365,1696 1391,1697 1391,1663 1365,1662 1340,1661 1314,1661 1289,1661 1264,1661 1238,1660 1213,1660 1187,1660 1162,1660 1137,1660 1111,1661 1086,1661 1060,1662 1035,1662 1010,1663 984,1664 959,1664 933,1665 908,1666 883,1668"/>
                <Baseline points="883,1691 908,1689 933,1688 959,1687 984,1687 1010,1686 1035,1685 1060,1685 1086,1684 1111,1684 1137,1683 1162,1683 1187,1683 1213,1683 1238,1683 1264,1684 1289,1684 1314,1684 1340,1684 1365,1685 1391,1686"/>
                <TextEquiv>
                    <Unicode>y fuego por los balcones,</Unicode>
                </TextEquiv>
            </TextLine>
            <TextLine id="r_4_1l33" custom="readingOrder {index:32;}">
                <Coords points="888,1749 913,1748 938,1748 963,1747 988,1747 1013,1746 1038,1746 1064,1745 1089,1745 1114,1744 1139,1743 1164,1743 1189,1743 1214,1742 1240,1742 1265,1742 1290,1742 1315,1742 1340,1742 1365,1743 1391,1744 1391,1710 1365,1709 1340,1708 1315,1708 1290,1708 1265,1708 1240,1708 1214,1708 1189,1709 1164,1709 1139,1709 1114,1710 1089,1711 1064,1711 1038,1712 1013,1712 988,1713 963,1713 938,1714 913,1714 888,1715"/>
                <Baseline points="888,1738 913,1737 938,1737 963,1736 988,1736 1013,1735 1038,1735 1064,1734 1089,1734 1114,1733 1139,1732 1164,1732 1189,1732 1214,1731 1240,1731 1265,1731 1290,1731 1315,1731 1340,1731 1365,1732 1391,1733"/>
                <TextEquiv>
                    <Unicode>que con toos voy á peleá:</Unicode>
                </TextEquiv>
            </TextLine>
            <TextLine id="r_4_1l34" custom="readingOrder {index:33;}">
                <Coords points="890,1795 916,1795 942,1795 968,1795 995,1794 1021,1794 1047,1794 1074,1793 1100,1793 1126,1792 1153,1792 1179,1792 1205,1791 1231,1791 1258,1791 1284,1791 1310,1791 1337,1791 1363,1791 1389,1792 1416,1793 1416,1759 1389,1758 1363,1757 1337,1757 1310,1757 1284,1757 1258,1757 1231,1757 1205,1757 1179,1758 1153,1758 1126,1758 1100,1759 1074,1759 1047,1760 1021,1760 995,1760 968,1761 942,1761 916,1761 890,1761"/>
                <Baseline points="890,1784 916,1784 942,1784 968,1784 995,1783 1021,1783 1047,1783 1074,1782 1100,1782 1126,1781 1153,1781 1179,1781 1205,1780 1231,1780 1258,1780 1284,1780 1310,1780 1337,1780 1363,1780 1389,1781 1416,1782"/>
                <TextEquiv>
                    <Unicode>y que toquen las trompetas</Unicode>
                </TextEquiv>
            </TextLine>
            <TextLine id="r_4_1l35" custom="readingOrder {index:34;}">
                <Coords points="877,1846 902,1846 927,1845 952,1845 977,1844 1002,1843 1028,1842 1053,1842 1078,1841 1103,1841 1128,1840 1153,1840 1179,1839 1204,1839 1229,1839 1254,1840 1279,1841 1304,1842 1330,1843 1330,1809 1304,1808 1279,1807 1254,1806 1229,1805 1204,1805 1179,1805 1153,1806 1128,1806 1103,1807 1078,1807 1053,1808 1028,1808 1002,1809 977,1810 952,1811 927,1811 902,1812 877,1812"/>
                <Baseline points="877,1835 902,1835 927,1834 952,1834 977,1833 1002,1832 1028,1831 1053,1831 1078,1830 1103,1830 1128,1829 1153,1829 1179,1828 1204,1828 1229,1828 1254,1829 1279,1830 1304,1831 1330,1832"/>
                <TextEquiv>
                    <Unicode>á degüello y generala;</Unicode>
                </TextEquiv>
            </TextLine>
            <TextLine id="r_4_1l36" custom="readingOrder {index:35;}">
                <Coords points="893,1894 918,1893 943,1893 968,1892 993,1892 1018,1891 1043,1891 1068,1890 1093,1890 1118,1890 1143,1889 1168,1889 1193,1889 1218,1889 1243,1889 1268,1889 1293,1889 1318,1889 1343,1889 1343,1855 1318,1855 1293,1855 1268,1855 1243,1855 1218,1855 1193,1855 1168,1855 1143,1855 1118,1856 1093,1856 1068,1856 1043,1857 1018,1857 993,1858 968,1858 943,1859 918,1859 893,1860"/>
                <Baseline points="893,1883 918,1882 943,1882 968,1881 993,1881 1018,1880 1043,1880 1068,1879 1093,1879 1118,1879 1143,1878 1168,1878 1193,1878 1218,1878 1243,1878 1268,1878 1293,1878 1318,1878 1343,1878"/>
                <TextEquiv>
                    <Unicode>y carros llenos de bala</Unicode>
                </TextEquiv>
            </TextLine>
            <TextLine id="r_4_1l37" custom="readingOrder {index:36;}">
                <Coords points="883,1948 909,1946 935,1944 961,1942 987,1941 1013,1940 1040,1939 1066,1939 1092,1938 1118,1938 1144,1938 1170,1938 1197,1938 1223,1938 1249,1939 1275,1939 1301,1939 1328,1939 1328,1906 1301,1906 1275,1906 1249,1906 1223,1905 1197,1905 1170,1905 1144,1905 1118,1905 1092,1905 1066,1906 1040,1906 1013,1907 987,1908 961,1909 935,1911 909,1913 883,1915"/>
                <Baseline points="883,1937 909,1935 935,1933 961,1931 987,1930 1013,1929 1040,1928 1066,1928 1092,1927 1118,1927 1144,1927 1170,1927 1197,1927 1223,1927 1249,1928 1275,1928 1301,1928 1328,1928"/>
                <TextEquiv>
                    <Unicode>y fuciles y escopetas,</Unicode>
                </TextEquiv>
            </TextLine>
            <TextLine id="r_4_1l38" custom="readingOrder {index:37;}">
                <Coords points="888,1993 916,1992 944,1991 972,1990 1001,1990 1029,1989 1057,1988 1085,1988 1114,1988 1142,1987 1170,1987 1198,1987 1227,1987 1255,1987 1283,1987 1311,1986 1340,1986 1368,1986 1396,1986 1424,1986 1453,1986 1453,1953 1424,1953 1396,1953 1368,1953 1340,1953 1311,1953 1283,1954 1255,1954 1227,1954 1198,1954 1170,1954 1142,1954 1114,1955 1085,1955 1057,1955 1029,1956 1001,1957 972,1957 944,1958 916,1959 888,1960"/>
                <Baseline points="888,1982 916,1981 944,1980 972,1979 1001,1979 1029,1978 1057,1977 1085,1977 1114,1977 1142,1976 1170,1976 1198,1976 1227,1976 1255,1976 1283,1976 1311,1975 1340,1975 1368,1975 1396,1975 1424,1975 1453,1975"/>
                <TextEquiv>
                    <Unicode>que en soltando la chaqueta. </Unicode>
                </TextEquiv>
            </TextLine>
            <TextLine id="r_4_1l39" custom="readingOrder {index:38;}">
                <Coords points="891,2040 917,2040 943,2039 970,2039 996,2038 1022,2038 1049,2038 1075,2037 1101,2037 1128,2036 1154,2036 1180,2036 1207,2035 1233,2035 1259,2035 1286,2035 1312,2034 1339,2034 1339,2000 1312,2000 1286,2001 1259,2001 1233,2001 1207,2001 1180,2002 1154,2002 1128,2002 1101,2003 1075,2003 1049,2004 1022,2004 996,2004 970,2005 943,2005 917,2006 891,2006"/>
                <Baseline points="891,2029 917,2029 943,2028 970,2028 996,2027 1022,2027 1049,2027 1075,2026 1101,2026 1128,2025 1154,2025 1180,2025 1207,2024 1233,2024 1259,2024 1286,2024 1312,2023 1339,2023"/>
                <TextEquiv>
                    <Unicode>Jesucristo y que aratá! </Unicode>
                </TextEquiv>
            </TextLine>
            <TextLine id="r_4_1l40" custom="readingOrder {index:39;}">
                <Coords points="943,2088 968,2088 993,2087 1018,2087 1044,2087 1069,2086 1094,2086 1119,2085 1145,2085 1170,2085 1195,2084 1221,2084 1246,2083 1271,2083 1296,2083 1322,2082 1347,2082 1372,2082 1398,2082 1398,2048 1372,2048 1347,2048 1322,2048 1296,2049 1271,2049 1246,2049 1221,2050 1195,2050 1170,2051 1145,2051 1119,2051 1094,2052 1069,2052 1044,2053 1018,2053 993,2053 968,2054 943,2054"/>
                <Baseline points="943,2077 968,2077 993,2076 1018,2076 1044,2076 1069,2075 1094,2075 1119,2074 1145,2074 1170,2074 1195,2073 1221,2073 1246,2072 1271,2072 1296,2072 1322,2071 1347,2071 1372,2071 1398,2071"/>
                <TextEquiv>
                    <Unicode>Ya se abrió la eterniá!</Unicode>
                </TextEquiv>
            </TextLine>
            <TextLine id="r_4_1l41" custom="readingOrder {index:40;}">
                <Coords points="887,2145 913,2143 940,2140 967,2138 994,2136 1021,2135 1048,2134 1075,2133 1102,2133 1129,2132 1156,2132 1182,2132 1209,2132 1236,2132 1263,2132 1290,2132 1317,2132 1344,2132 1371,2132 1398,2131 1425,2131 1425,2100 1398,2100 1371,2101 1344,2101 1317,2101 1290,2101 1263,2101 1236,2101 1209,2101 1182,2101 1156,2101 1129,2101 1102,2102 1075,2102 1048,2103 1021,2104 994,2105 967,2107 940,2109 913,2112 887,2114"/>
                <Baseline points="887,2135 913,2133 940,2130 967,2128 994,2126 1021,2125 1048,2124 1075,2123 1102,2123 1129,2122 1156,2122 1182,2122 1209,2122 1236,2122 1263,2122 1290,2122 1317,2122 1344,2122 1371,2122 1398,2121 1425,2121"/>
                <TextEquiv>
                    <Unicode>¡que presenten memoriales</Unicode>
                </TextEquiv>
            </TextLine>
            <TextLine id="r_4_1l42" custom="readingOrder {index:41;}">
                <Coords points="890,2187 915,2187 940,2186 965,2186 990,2185 1015,2185 1040,2184 1065,2184 1090,2183 1115,2183 1141,2183 1166,2182 1191,2182 1216,2181 1241,2181 1266,2181 1291,2181 1316,2181 1341,2180 1367,2180 1367,2149 1341,2149 1316,2150 1291,2150 1266,2150 1241,2150 1216,2150 1191,2151 1166,2151 1141,2152 1115,2152 1090,2152 1065,2153 1040,2153 1015,2154 990,2154 965,2155 940,2155 915,2156 890,2156"/>
                <Baseline points="890,2177 915,2177 940,2176 965,2176 990,2175 1015,2175 1040,2174 1065,2174 1090,2173 1115,2173 1141,2173 1166,2172 1191,2172 1216,2171 1241,2171 1266,2171 1291,2171 1316,2171 1341,2170 1367,2170"/>
                <TextEquiv>
                    <Unicode>pa no morí los chavales, </Unicode>
                </TextEquiv>
            </TextLine>
            <TextLine id="r_4_1l43" custom="readingOrder {index:42;}">
                <Coords points="895,2234 920,2234 945,2234 970,2234 995,2234 1020,2233 1045,2233 1070,2232 1095,2232 1120,2231 1146,2231 1171,2230 1196,2230 1221,2229 1246,2229 1271,2229 1296,2229 1321,2229 1346,2229 1371,2230 1397,2230 1397,2196 1371,2196 1346,2195 1321,2195 1296,2195 1271,2195 1246,2195 1221,2195 1196,2196 1171,2196 1146,2197 1120,2197 1095,2198 1070,2198 1045,2199 1020,2199 995,2200 970,2200 945,2200 920,2200 895,2200"/>
                <Baseline points="895,2223 920,2223 945,2223 970,2223 995,2223 1020,2222 1045,2222 1070,2221 1095,2221 1120,2220 1146,2220 1171,2219 1196,2219 1221,2218 1246,2218 1271,2218 1296,2218 1321,2218 1346,2218 1371,2219 1397,2219"/>
                <TextEquiv>
                    <Unicode>poique sierro el tribunal! </Unicode>
                </TextEquiv>
            </TextLine>
            <TextLine id="r_4_1l44" custom="readingOrder {index:43;}">
                <Coords points="887,2282 913,2282 939,2283 965,2283 991,2282 1017,2282 1043,2282 1069,2282 1095,2281 1121,2281 1148,2280 1174,2280 1200,2279 1226,2279 1252,2279 1278,2279 1304,2279 1330,2279 1356,2279 1383,2280 1383,2246 1356,2245 1330,2245 1304,2245 1278,2245 1252,2245 1226,2245 1200,2245 1174,2246 1148,2246 1121,2247 1095,2247 1069,2248 1043,2248 1017,2248 991,2248 965,2249 939,2249 913,2248 887,2248"/>
                <Baseline points="887,2271 913,2271 939,2272 965,2272 991,2271 1017,2271 1043,2271 1069,2271 1095,2270 1121,2270 1148,2269 1174,2269 1200,2268 1226,2268 1252,2268 1278,2268 1304,2268 1330,2268 1356,2268 1383,2269"/>
                <TextEquiv>
                    <Unicode>Y vereis guiñarme er só</Unicode>
                </TextEquiv>
            </TextLine>
            <TextEquiv>
                <Unicode>y así que jabro jeria, 
sarta la presona mia
y al estrangero me voy.
Largo yo una puñalá,
y aonde cuela mi herramienta
menuilla es la tormenta
que ayí se llega á enreá. 
Jesucristol vamos, ná!
mi navaja no hace daño,
hueso y carne la rebaño
y la sangre la chorreo
y al aire sartá la veo,
con solo jasé un araño.
Vaya un jumo y valentia?
en llegándome á quemá
se junta er cielo y la má,
y la noche se hace dia,
poique soy de Andalucia;
remuchito y con salero!
soy mas valiente que quiero!
Prosupuesto! quien lo duda,
Quien á Quintanilla acua
que se confiese primero:
y vengan sables, puñales,
y tiritos en la frente,
que aquí Quintana er valiente
ha plantao sus reales.
Serenos, municipales,
la partia, er provinciá,
y una fragata reá, 
y murayas con cañones,
y fuego por los balcones,
que con toos voy á peleá:
y que toquen las trompetas
á degüello y generala;
y carros llenos de bala
y fuciles y escopetas,
que en soltando la chaqueta. 
Jesucristo y que aratá! 
Ya se abrió la eterniá!
¡que presenten memoriales
pa no morí los chavales, 
poique sierro el tribunal! 
Y vereis guiñarme er só</Unicode>
            </TextEquiv>
        </TextRegion>
    </Page>
</PcGts>
