1737 2508
1146 96 1463 251 Núm. 280.
494 941 1288 1098 RELACION
869 1025 924 1173 DE
307 1211 1469 1376 QUINTANA.
243 1475 684 1514 Lo pincharaste Pelao!
193 1524 602 1563 has conocio mi poé?
193 1573 687 1613 en cuanto me olió la pié
202 1618 637 1659 ese manté se á najao.
193 1666 683 1709 Tengo yo mucho sentío!
199 1717 754 1758 Pero... escucha y qué pasó?
200 1765 590 1805 Pues que, no viste?
666 1820 802 1858 Yo? no.
192 1860 817 1907 No ha sio na, que lo he partio,
195 1912 788 1953 Mas valiente soy que quiero!
199 1958 769 2002 Vaya un moso pa un fregao!
203 2005 670 2051 verás como fué, Pelao,
204 2058 622 2098 á vé si tengo salero.
248 2109 805 2148 Llega un moso y dice, «jé!»
203 2161 595 2195 y yo le ije, es á mí!
208 2205 725 2248 asi señor,  pues alto ahí,
208 2253 680 2297 que ha venio sumersé,
906 1480 1420 1528 Verme, y jasé una figura,
912 1531 1322 1568 too fué uno, Pelaiyo;
906 1579 1434 1623 en cuanto soné el pestillo,
915 1627 1440 1672 se murió aquella criatura,
952 1676 1442 1719 El se me asora, estás tú?
916 1726 1342 1766 y yo sin queré lo piso,
916 1774 1368 1813 paese que Dios lo jíso!
917 1824 1342 1862 lo puso el doló barlú.
956 1870 1439 1913 No sé que demostracion
911 1920 1417 1960 jiso el chavó paa rascase,
923 1970 1488 2013 que yo sin dejá que hablase,
913 2018 1396 2059 lo partí de un pescoson.
919 2067 1326 2106 Asi le dí pa er pelo,
916 2115 1370 2156 le ije, yo soy Quintana!
919 2163 1406 2206 si eres valiente, mañana
923 2211 1418 2254 ven á buscarme, siñuelo.
915 2262 1360 2301 Aquí dió fin: too ruio:
