1649 2295
164 144 644 182 Echan al Novio en la cama
153 188 619 226 á la Novia acuden luego,
162 231 593 271 que pegaba los soplidos
155 277 613 315 como un Muleto Gallego,
154 323 544 357 aflojaronle el petillo,
163 367 628 401 vino un Albeitar Barbero,
158 407 599 446 dispuso unas ligaduras,
160 452 637 491 y unos canterios de fuego.
159 498 619 533 Hechas estas diligencias,
151 540 658 579 la Negra volvió en si luego;
157 584 576 622 pero con un gran dolor
160 631 578 666 en el costado derecho.
143 675 683 708 Mandó el Barbero le echaran
154 720 548 753 lavativas al momento
147 765 618 799 de orines, sal, y vinagre,
150 811 612 842 oregano, ajo y pimiento.
144 850 588 886 Se dispuso el servicial,
147 897 623 931 con lo que ya dicho tengo
152 942 586 977 pusieronlo á la candela,
154 987 646 1024 con el fuego no muy lento,
148 1031 646 1067 hirvió muy bastantemente,
148 1077 608 1110 y apartandolo del fuego,
140 1120 628 1155 llevan la Novia á la cama,
143 1164 629 1200 cargaron el ínstrumento,
158 1209 631 1245 que les pareció estar frio,
153 1254 554 1286 y podia pelar puercos.
144 1297 655 1334 Pusose la Negra en cuatro,
139 1342 588 1377 apuntanle á el agujero,
143 1386 615 1421 y apretando el palitroque
144 1430 627 1468 del geringal instrumento,
148 1474 587 1509 sin resistencia ninguna
141 1521 772 1555 el caldo sezcoló dentro.
144 1565 773 1599 La Negra dió un gran bufido,
139 1607 713 1646 soltó tresbombas de viento;
144 1652 761 1687 y dijo: Miren ustedes,
144 1697 763 1732 que me abraso, que me quemo,
137 1742 765 1778 venga el gervicio al instante
146 1788 768 1823 que no puedoaguantar estoleva:
831 142 1313 177 Trajeronselo, y sentose
827 189 1450 222 cuando se oyó un gran estruendo,
828 233 1276 265 que parecia los fuelles,
828 277 1364 310 con que soplan los herreros.
832 321 1278 355 Puso los ojos en blanco,
827 365 1412 400 comenzó á temblarle el cuerpo,
834 410 1276 444 acostaronla en la cama,
831 453 1349 488 y cuando á verla volvieron,
827 498 1358 532 hallaron, que habia arrojado
830 541 1257 576 parte de tripar; y sebo.
830 588 1332 624 Las Negras se alborotaron,
831 632 1302 667 el Barbero salió huyendo,
836 677 1300 708 tan de prisa, que ninguno
820 720 1218 753 supo de su paradero.
828 765 1335 798 La Novia pegó un graznido
828 810 1284 843 y á poco largó el pellejo.
819 853 1261 887 El Novio se lo llevaron
820 899 1302 934 al hospital medio muerto,
819 945 1271 979 le entablillaron la pata,
824 989 1302 1022 y en la cabeza le hicieron
826 1033 1316 1065 mas costurones que tiene
826 1077 1328 1111 el alvardon de un jumento,
819 1123 1355 1156 y aunque al fin no se murió;
823 1167 1263 1200 pero quedo cojo y lelo.
823 1212 1314 1245 Al punto entró la Justicia,
822 1258 1371 1289 y á las Negras con los Negrós
822 1300 1325 1334 los llevaron, y en la carcel
814 1344 1270 1380 muchos dias estuvieron,
817 1388 1244 1423 y sustanciada la causa
824 1433 1342 1471 en la calle los pusieron,.
823 1481 1354 1513 pagando todos las costas?
824 1524 1442 1559 que á muchos reales subieron:
816 1568 1390 1601 con que quien salió aqui bien
814 1611 1384 1648 fue quien cobró los derechos,
819 1659 1430 1692 y quien se. comió la carne,
817 1701 1439 1738 porque los demas perdieron;
815 1748 1433 1783 en esto paró la boda,
816 1793 1436 1827 que al fin fue cosa de Negros.
779 1904 859 1968 FIN.
555 2014 975 2048 CARMONA—1858.
211 2057 1371 2097 Imprenta de D. J. M. Moreno, calle Juan de la Cabra núm. 4.
