1649 2307
1042 95 1311 251 (Número 301)
193 1009 1320 1060 BODA DE NEGROS.
120 1109 1414 1141 Romance en que se refiere la celebridad, galánteo, y acasos de esta boda,
264 1148 1272 1181 que se ejecutó en la Ciudad de el Puerto de Santa Maria.
160 1244 506 1278 Cese todo regocijo,
113 1290 494 1321 párese todo recreo,
117 1333 520 1366 dilatense los festines,
103 1378 556 1409 suspendanse los buréos,
107 1421 586 1455 interin mi lengua esplica
116 1465 551 1500 el mas gracióso suceso,
120 1506 729 1545 que han oido llos oyentes
109 1551 730 1589 contar en el-Mundo entero;
111 1593 727 1636 y porquesea notório
108 1639 731 1679 quiero, que de pasatiempo
104 1688 700 1723 les sirva á los cireunstantes,
111 1732 708 1766 por mofa, risa, órfestejo.
108 1768 736 1811 En la célebre-Ciudad
112 1819 711 1855 de Santa Maria el Puerto,
100 1862 716 1898 se crió un Negro famoso,
102 1905 656 1944 llamado Romas de Melo,
103 1952 699 1988 este tal se enamoró
101 2000 695 2033 de una Negra, á quien el Cielo
108 2042 701 2080 se esmeró en darle mile gracias,
107 2086 684 2126 desde la planta al-cabello;
788 1240 1254 1275 cuyo pelo crespo y corto
779 1287 1364 1321 creo, que ha dudado el Pueblo,
784 1330 1232 1364 si es de carnero merino,
779 1375 1219 1408 ó si es solo de borrego.
780 1421 1290 1454 Su frente; por lo espasiosa,
780 1462 1265 1499 y por sus concoyos densos,
776 1508 1248 1542 ha llegado el cordoban:
779 1554 1253 1586 á menospreciar su precio.
776 1598 1210 1632 Sus cejas; puedo decir,
784 1638 1301 1676 que no son de terso pelo,
779 1687 1226 1720 porque esto se le quedó
777 1731 1225 1764 al Maestro en el tintero.
772 1776 1258 1808 Sus ojos, los gatos tienen
771 1821 1260 1856 mucha quejaccontra ellos;
783 1866 1317 1902 pues relumbran como ascuas,
775 1907 1238 1945 y solo se alumbran ellos.
775 1954 1269 1991 Su nariz es corta, y ancha,
774 1998 1277 2035 de gran trabajo al resuello,
774 2046 1264 2079 gran caudal de ventanage,
767 2093 1187 2126 de mal olor el aliento,
