1603 2288
157 147 595 183 y las puertas de la calle
157 192 634 227 muy astutos las abrieron,
161 237 631 270 y sin detenerse un punto
162 282 565 316 á la cocina se fueron,
165 326 642 361 cargaron cen las cazuelas;
159 369 636 404 pero ellos no lo sintieron,
161 415 630 448 por tener su fiesta arriba.
156 460 634 493 Con los guisados salieron
153 505 603 538 á la calle, sin que nadie
166 549 606 583 pusi era reparo en ellos.
155 594 709 629 Fueronse á un horno de pan,
166 638 602 672 y con otros compáñeros
161 684 667 718 de aquellos de buen quijar,
155 728 605 761 á la salud de los Negros
162 773 696 807 dieron sepulcro á las carnes,
158 818 708 853 sin dejar mas que los huesos,
158 862 658 895 los cuales en una espuerta
156 907 620 942 todos juntos recogieron,
153 952 582 985 y un rotulo que decía:
153 996 670 1029 Primo, roedme esos huesos.
154 1040 595 1074 A la puerta le colgaron
153 1086 764 1119 la dicha espuerta á los Negros,
152 1130 607 1167 y fue todo tan en breve,
166 1175 756 1208 que hubo lugar, y hubo tiempo,
155 1221 547 1257 para dejarla corgada;
151 1264 692 1297 mientras que duró el festejo.
154 1309 640 1342 A eso de las diez y media,
154 1350 622 1386 dijo el Novio: Caballeros,
152 1396 584 1430 cese ya tanto fandango,
151 1441 583 1479 y ya de cenar tratemos,
156 1485 588 1519 porque mi plima Lucia,
153 1529 567 1563 me parece; que la veo
153 1573 585 1608 á su merced sufocada,
155 1617 607 1655 y yo sudo como un perro.
161 1663 585 1695 Responden todos á una:
161 1706 602 1740 Pongase la mesa presto,
159 1750 559 1784 calientese la comida.
153 1796 686 1828 Fueron lasNegras corriendo
158 1841 562 1874 á reformar los anafes,
158 1885 694 1922 y no hallando nada en ellos,
159 1930 609 1963 comienzan á alborotarse,
158 1974 712 2007 y á decir: JESUS, qué es esto?
151 2018 650 2050 Las cazuela se han llevado:
153 2065 749 2096 Quien esta infamia habrá hecho?
830 145 1458 182 quien nos habrá hecho este agravio?
836 190 1364 229 Los Negros que olleron esto,
833 234 1316 272 echan mano á las espadas,
834 278 1277 316 y bajan como podencos,
832 322 1282 357 saltando por la escalera
834 367 1262 399 á cual llegaba primero.
826 412 1301 448 El Novio quiso arrojarse,
830 457 1294 494 la Novia fue á detenerlo,
833 499 1197 533 él forsejeando cayó
838 546 1342 582 desde lo alto hasta el suelo,
836 591 1174 622 y se hizo contador
829 633 1342 670 de escalones con el cuerpo.
829 679 1253 712 Una pierna se quebró,
834 724 1284 757 las pasas se convirtieron
826 768 1316 803 todos en en pasa desangre,
817 812 1211 852 y la tapa de los sesos
829 858 1345 893 por una, dos, ó tres partes,
822 903 1252 935 se dejaba ver el hueso;
823 947 1233 981 y los demas á la calle
828 991 1264 1023 todos juntos se salieron
823 1036 1320 1070 dando voces; dando gritos,
825 1080 1277 1112 arañandose, y diciendo:
824 1125 1268 1160 Son unos picaros todos,
826 1170 1344 1203 los que tal infamia hicieron:
828 1214 1302 1247 que si supieramos quien,
823 1259 1341 1292 se acordaran de los Negros.
830 1303 1310 1336 A este tiempo una patrulla
831 1347 1244 1382 de soldados acudieron,
827 1392 1257 1425 y atrabillandolos todos,
826 1436 1306 1468 en la carcel los metieron.
818 1481 1380 1516 Quien vió los Negros llorando,
820 1525 1252 1558 su fortuna maldiciendo,
820 1570 1236 1603 arrañandose las pasas,
826 1613 1304 1647 dandosegolpes tremendos,
819 1658 1276 1691 Entre todas con el novio
819 1702 1294 1736 cargaron, y arriba fueron,
817 1747 1287 1780 á donde hallaron la Novia
821 1793 1284 1825 revolcandose en el suelo
822 1837 1248 1872 con un mal de corazon,
828 1882 1316 1917 con todos los moños menos,
824 1926 1308 1962 todas las brebas de afuera,
825 1971 1258 2004 echando los ojos fuegos
817 2016 1210 2050 la cara toda arañada:
817 2062 1303 2094 y á el aire todo el trasero,
