1543 2291
766 76 782 229 2
128 207 494 241 De dia dijo el Señor:
136 248 564 282 Adán, este árbol te vedo.
127 288 569 321 Nunca de su fruta comas,
133 329 590 362 no quiebres este precepto;
141 369 672 402 pero en fin pecó como hombre,
133 409 635 443 porque de su esposa á ruegos
136 451 622 484 comió un dia aquella fruta,
127 492 634 524 la gracia entonces perdiendo.
125 533 533 564 De dia quedó desnudo,
134 569 538 605 él y su espesa cogiendo
133 613 573 646 algunas hójas de higuera,
121 654 650 687 cubriendo los dos sus cuerpos.
121 694 464 728 De dia le dijo Dios:
121 735 737 768 Adán, donde estas? que has hecho?
126 777 628 808 Dime, cómo has quebrantado
121 815 547 849 mi divino Mandamiento?
130 859 540 890 Adán resporlió al Señor
122 897 530 930 entonces, así diciendo:
121 938 548 971 Esta muger que me diste
126 979 538 1012 ha sido la causa de ello.
113 1020 505 1052 Enejado contra Adán
128 1060 494 1093 el Señor, dijo severo:
122 1098 592 1134 con el sudor de tu rostro:
118 1142 562 1175 has de ganar tu sustento.
117 1183 531 1215 Al justo Abél iñocente
123 1225 600 1256 Cain su, hermano protervo,
125 1265 536 1297 de dia le dió la muerte
123 1306 577 1338 con notable atrevimiento.
117 1345 446 1378 De dia le dijo Dios
122 1386 628 1419 á Cain, que andaba huyendo,
118 1427 642 1460 dime, donde está tu hermano?
117 1466 642 1501 y él respondió muy soberbio;
113 1509 662 1540 soy yo guarda de mi hermano
113 1546 596 1583 para saber de él por cierto?
123 1589 572 1623 Y entonces Dios le maldijo
128 1631 557 1664 porque ejecutó tal hecho.
119 1670 568 1704 De dia el maldito Cain
121 1711 645 1748 vió á su padre Noé durmiendo,
119 1751 555 1786 y porque de él hizo burla
114 1791 594 1829 le echó su maldicion luego.
113 1831 568 1863 De dia muchos profetas
114 1871 569 1906 anunciaron y escribieron
122 1911 551 1947 que áyedimirnos vendria
117 1951 477 1982 el Mesías verdadero.
116 1988 520 2023 De dia bajó Moisés
119 2030 595 2067 del monte los Mandamientos
798 205 1254 238 que mandó los guardase
797 244 1271 278 y los enseñase al pueblo.
797 286 1163 318 El Nazareno Sanson
797 327 1246 359 de dia derribó el Templo
794 369 1339 400 con solo arrimarse á un poste,
799 407 1167 441 y mató los Filisteos.
792 449 1225 480 De dia el pastor David
792 490 1238 522 mató aquel gigante fiero
795 532 1235 563 que tan o temor causaba,
798 572 1264 604 con arrosanciay esfuerzo.
790 613 1161 644 De dia lbró el Señor
792 654 1245 687 á lsrael del cautiverio,
796 695 1080 726 y de dia dividió
795 734 1293 767 las aguas del mar Bermejo.
791 776 1226 809 De dia el profeta Elías
796 817 1236 849 el mandato dejó á Eliseo,
786 858 1258 890 al ir rompiendo los aires
791 899 1257 932 en aquel carro de fuego.
791 940 1212 973 De dia el paciente Job,
787 980 1302 1013 todos los bienes perdiendo,
790 1020 1182 1055 en un muladar estaba
793 1062 1263 1093 de podre, J gusanos lleno
792 1102 1202 1136 En la ribera de un rio
785 1142 1155 1175 al gigante Cananeo
791 1183 1297 1217 se apareció Cristo un dia
794 1225 1312 1259 en forma de un niño tierno
795 1264 1238 1299 pásame de la otra parte,
787 1307 1332 1339 dijo: así te premie el Cielo,;
790 1345 1282 1379 porque el rio es caudaloso
785 1386 1286 1424 y ya ves que yo no puedo.
788 1429 1358 1463 Tomóle al hombro el gigante
791 1468 1266 1501 y dijo llegando al medio:
789 1508 1320 1543 Cristo válgame lo que pesas,
785 1550 1347 1583 niño, aunque eres tan pequeño.
791 1590 1234 1624 Dijole entonces el niño::
785 1631 1260 1664 ese tu nombre pretendo
790 1672 1354 1706 que sea desde hoy, Cristoval,
790 1713 1290 1746 y desapareció al momento.
789 1753 1212 1787 De dia estaba Agustino
786 1793 1248 1827 á orillas del mar soberbio
784 1833 1236 1869 imaginativo y solo,
786 1875 1246 1909 confuso su entendimiento:
786 1916 1244 1950 cómo es posible, decia
786 1956 1326 1990 que sea tan grande el misterio
786 1995 1262 2030 de la Trinidad sagrada
784 2038 1302 2071 que no pueda comprenderlo?
