1568 2289
760 47 797 202 3
128 169 590 205 Volvió los ojos entonces,
127 213 611 243 y vió estar un niño bello
119 252 590 285 que sacando agua del mar.
127 293 583 324 la echaba en un agugero:
116 334 666 368 ¿que haces, niño? le pregunta.
123 374 617 406 Respondió: agotar pretendo
125 415 652 445 todo el mar con esta concha:
126 455 659 487 y él replicó: es caso incierto.
119 495 644 527 Respondió al punto el niño:
123 537 629 568 pues aun es inas fácil esto
126 575 1224 609 que el que tu comprender puedas De dia dijo la Vírgen:
119 618 668 651 lo que está en tu pensamiento.
120 659 556 690 El santo admirado, dijo:
119 699 642 731 aguarda, niño, que entiendo.
123 739 666 772 que eres tu sin duda aquel
116 780 748 814 que Ambrosio me dijo un tiempo.
116 819 600 852 Dióle por respuesta el niño:
118 861 612 895 harto has dicho ya con eso;
122 902 618 934 quédate en paz; y esto baste,
116 942 596 974 Agusin, para un díscreto.
116 982 552 1014 Un sarao tuvo un dia
111 1022 586 1054 aquel maldito y perverso
111 1064 595 1095 rey Herodes en su alcázar
109 1104 637 1138 con los grandes de su reiño.
116 1143 552 1176 Danzó la hija Herodías,
108 1185 650 1218 dando á todos gran contento,
105 1226 613 1260 y el padre la dijo entonces:
115 1267 657 1298 qué merced pides en premio?
107 1307 576 1338 La maldita de su madre,
109 1348 582 1379 que todo lo estaba oyendo
108 1388 572 1421 por detras de una cortina,
107 1427 531 1460 la llamó y la dijo esto:
103 1469 649 1503 dí que la merced que pides,
101 1509 587 1543 y que te la otorgue luego,
111 1549 522 1582 la cabeza del Bautista,
109 1590 649 1623 y que no quieres mas premio.
106 1631 568 1665 Pidióla: y dijola el padre,
104 1671 514 1705 eso yo te lo concedo,
105 1710 481 1744 y así de dia murió
104 1752 524 1785 aquel Precursor escelso.
101 1792 528 1826 De dia dijo á santa Ana
104 1833 504 1866 aquel paraninfo bello,
110 1873 580 1905 como en la puerta dorada
101 1913 596 1947 vería á su esposo honesto.
109 1954 408 1987 Al patriarca José
106 1995 514 2029 de dia dispuso el Cielo
791 173 1140 205 le floreciese la vara
803 212 1258 248 delante de todo el pueblo.
807 252 1104 284 Y de dia le eligió
799 293 1296 329 por esposo el Padre Eterno
804 332 1158 366 de su santísima Hija,
800 373 1278 407 y Madre del Hijo inmenso.
793 413 1221 444 De dia estaba la Virgen
800 453 1106 485 en Isaías leyendo
796 494 1204 527 del Redentor Soberano
800 535 1258 571 el glorioso advenimiento.
796 615 1276 649 ¡Oh qué preñada me siento!
800 655 1256 690 esposo mio, no hay duda,
799 696 1354 735 que ya está cercano el tiempo;
797 736 1257 770 y parió de allí á ochó dias
800 777 1242 813 entre la nieve y el hielo,
783 816 1291 853 sin alvergue y con pobreza
784 858 1178 892 al Autor del Universo.
788 898 1120 931 De dia le visitaron.
786 939 1186 977 mil devotos zagalejos;
791 979 1165 1014 llevándole cada uno
784 1021 1310 1055 los presentes que pudieron.
786 1061 1331 1094 La primer sangre que el Niñe
787 1101 1276 1138 derramó para bien nuestro,
779 1141 1250 1177 fué el primer dia del año,
788 1181 1266 1218 como afirma el Evangetio.
776 1221 1288 1258 Los santos Reyes de Oriente
780 1262 1178 1299 trece dias anduvíeron
776 1302 1196 1338 hasta llegar al portal
785 1343 1308 1379 donde nació el Rey escelso.
783 1382 1231 1417 De dia se vieron libres
784 1423 1344 1464 cuando á sus tierras volvieron,
775 1463 1287 1500 del rey Herodes, que estaba
771 1503 1248 1540 encarnizado y sangriento.
767 1543 1236 1579 Mandó aquel maldito rey
780 1583 1302 1625 de envidia en todo su reino,
780 1624 1208 1660 que pasasen á cuchillo
776 1664 1239 1704 á todos los niños tiernos.
766 1704 1162 1742 De dia el santo José,
767 1746 1336 1789 la Vírgen y el Niño huyeron,
768 1787 1216 1826 no por temor del tirano,
768 1827 1281 1868 mas por permision del Cielo.
768 1869 1186 1907 Hallaron en el camino
768 1910 1230 1948 un labrador, que contento
772 1951 1186 1990 sembraba con aficion,
765 1996 1220 2033 y estas palabras digeron:
