1574 2315
810 43 820 197 4
162 173 686 204 hombre, qué siembras ahí?
166 211 690 244 Y le respondió el perverso:
167 253 783 285 piedra es lo que estoy sembrando,
166 290 628 326 qué les importa saberlo?
161 333 625 365 Y al punto permitió Dios
169 374 565 408 por soberano decreto,
161 416 639 450 que se le volviesen piedras,
169 457 641 489 como lo afirmó él mismo:
165 496 567 530 pasaron mas adelante,
165 537 627 571 y aquel mismo dia vieron
161 579 643 610 otro hombre que trabajaba
157 619 701 653 en lo mismo que el primero.
157 659 582 690 Díjole la Virgen Santa:
162 699 696 732 labrador, que estás haciendo?
159 738 626 772 Y el humilde la responde:
163 780 647 813 Señora, este trigo siembro.
157 821 695 853 La Vírgen le dijo entónces:
165 860 707 894 pues ve por las hoces presto
163 897 631 935 y lo segarás, que quiere
157 942 687 978 hacerte esta gracia el Cielo;
161 980 570 1014 y si llegasen algunos,
166 1023 634 1055 preguntando por un viejo
169 1062 669 1097 con una muger y un niño,
166 1104 760 1136 que cuando el trigo sembrabas
171 1144 631 1178 por este camino fueron,
168 1185 556 1217 y desde entonces acá
163 1226 693 1259 nunca mas volviste á verlos.
157 1266 629 1299 Así el labrador lo hizo,
166 1309 708 1341 y estando el trigo cogiendo,
840 173 1296 205 del maldito rey Herodes
835 213 1273 245 unos soldados vinieron.
839 255 1343 286 Por los tres le preguntaron,
876 294 1468 327 él les respondió: estad, ciertos
836 309 1381 371 que á los tres pasar he visto
841 376 1429 415 estando el trigo tendiendo..
837 417 1357 452 Ellos ciegos en el alma
842 456 1411 496 no entendieron el misterio
839 497 1298 530 y por el mismo camino
833 539 1466 575 todos juntos se volvieron..
838 580 1460 619 Antes de llegar, a Egipto
839 620 1219 651 otro dia les salieron
835 661 1413 701 al camino unos ladrones,
837 695 1307 734 y de esta sverte dijeron:
845 740 1369 773 qué gente vá por el campo?
837 775 1362 815 y José respondió: un viejo
837 823 1315 854 con esta doncella hermosa
841 861 1347 902 y con este niño tierno.
835 903 1374 935 Respondió el bueno de Dimas,
844 943 1464 981 que tambien estaba entre ellos
838 984 1268 1016 dejadlos pasar, pues son
835 1023 1437 1056 gente bonrada á lo que entiendo.
836 1064 1392 1107 Llegaron de dia á Egipto
837 1104 1469 1147 y allí estuvieron siete años.
837 1146 1336 1178 con quietud, paz y sosiego.
830 1187 1329 1218 En este estado el romance
834 1227 1320 1259 dejo por no ser molesto,
831 1267 1266 1299 hasta la segunda parte,
840 1309 1377 1342 que al lector curioso ofrezco.
752 1702 914 1763 FIN
183 1890 1448 1936 de la primera parte.
