1593 2286
786 22 818 174 6
161 149 593 182 de circuncidar al Niño,
162 189 632 223 aunque no estaba sujeto
159 230 658 264 á la ley; mas quiso darnos
167 269 586 304 con obedecer ejemplo.
164 311 636 347 Y luego en el dia octavo,
168 353 586 385 estando todo dispuesto,
163 393 626 425 vertió la primera sangre
165 433 643 466 para el humano remedio.
166 474 660 507 De noche los santos Reyes
167 514 627 547 desde el Oriente vinieron
155 555 617 589 guiados por una estrella
168 596 661 628 en busca del Rey inmenso
152 635 604 668 recien nacido en Belén,
168 676 638 711 donde le dieron obsequio,
159 717 625 749 y tambien le presentaron
160 757 634 791 el Oro, Mirra é Incienso.
159 798 632 830 De noche su santa Madre
155 839 644 872 dispuso llevarle al Templo
153 880 498 912 en el dia señalado.
160 921 666 956 en que presentó al cordero.
154 963 731 1001 De noche al santo José;;18
156 1002 666 1038 estando entregado al sueño,
158 1045 681 1077 le revela Dios que al punto,
151 1085 645 1116 á su Esposa y Niño tierno
152 1124 740 1163 lleve á Egipto, porque Herodes,
160 1166 641 1200 rey malicioso y perverso,
159 1209 677 1242 le querias:degollar. :.
159 1249 624 1280 para asegurar su icetro.
158 1290 632 1321 De noche sale la Virgen
159 1329 628 1363 con el niño Dios inmenso
153 1367 636 1406 y con el santo Josée:
160 1410 654 1443 huyendo de aqueste riesgo.
157 1451 623 1484 Y de noche el rey impío
160 1492 694 1528 busca los hiños mas tiernos;
151 1531 655 1569 y á todos los degollaba,
157 1570 671 1610 y tambien á su hijo mismo.
149 1614 662 1649 De noche llegó la Virgen
152 1656 692 1691 á Egipto con gran consuelo,
155 1694 665 1730 y al punto dos dioses, falsos
150 1736 620 1772 hechos ; pedazos: cayeron,
161 1778 624 1810 y despues de siete años
152 1816 584 1849 José avisado del Cielo
152 1857 684 1895 de que era muerto Herodes,
158 1897 666 1933 volvió á Nazareth contento
160 1939 720 1979 con su Esposa y con el Niño,
155 1980 627 2016 donde gustosos vivieron,
828 149 1300 180 hasta que siendo de doce
831 189 1220 221 á Jerusalén vinieron
827 227 1221 261 á asistir al sacrificio
833 269 1298 304 en el sacrosanto Templo,
835 310 1360 344 donde al salir ya de noche
827 349 1300 384 al Niño Jesus perdieron.
828 390 1376 425 Por tres noches con sus dias
834 430 1287 466 le buscaron con anlielo,
823 472 1379 505 ha ta que entre los boctores
827 513 1306 546 le hallaron y se volvieron
831 554 1375 587 de noche á la ciudad Santa
829 595 1392 628 de Nazareth, donde en tiernos
829 636 1388 668 coloquios con su Dios hombre
828 674 1320 711 de noche pasan el tiempo;
828 716 1214 748 de noche salió Jesus
821 757 1189 789 al solitario desierto:
830 798 1322 832 donde ayunó con sus dias
823 839 1342 873 cuareiita noches, ni menos.
823 880 1243 916 Y de noche Satanás,;
832 919 1398 956 que es drágon de siete cuellos,
836 961 1370 996 viendo, ¡con hambre al Señor,
820 1001 1336 1035 le ofrece piedras, diciendo:
820 1041 1300 1077 Si tu eres hijo de Dios,
827 1084 1286 1115 estas piedras te presento
826 1125 1339 1158 para que las vuelvas pan
830 1165 1317 1198 que te sirvan de alimento.
827 1206 1335 1239 De noche respondió Cristo
828 1247 1377 1280 al inicuo Cancerbera:
823 1287 1349 1319 no con solo pan el hombre.
828 1328 1304 1361 puede vivir en el! sueso;
822 1369 1324 1401 Intentó el demonio astuto;
827 1410 1368 1445 entrar en segundo encuentro;
827 1449 1311 1483 y llevó a JEsUs de noche
828 1490 1268 1525 al cenáculo del Templo.
828 1531 1260 1565 Dícele: si  eres divino
823 1573 1460 1607 de aqui ste arroja hásta el suelo;
824 1614 1316 1649 y viendo aqueste milagro
836 1655 1303 1692 le seguirá todo el pueblo.
824 1695 1258 1730 Respon tióle Jesucristo:
834 1735 1316 1774 escrito está de Ab eterno.
828 1776 1256 1812 No tentarás á tu: Dios,
832 1817 1295 1856 y dejó al demonio ciego,
832 1858 1271 1895 el cual irritado intenta
827 1899 1266 1936 tercero acontécimiento,
831 1939 1307 1978 poni ndo á JESUs delante
823 1983 1348 2022 las provincias y los reinos,
