1600 2280
1042 84 1309 238 Número 344.
155 823 1476 890 NUEVO Y CURIOSO ROMANCE EN QUE SE DECLARAN
469 911 1155 977 las virtudes del dia á lo divino.
538 1007 1069 1160 PRIMERA PARTE.
204 1175 628 1206 Al Sacro autor Soberano
161 1216 610 1249 que crió la tierra y Cielo,
160 1255 552 1289 á su Hijo Sacrosanto,
167 1295 568 1330 y al Divino Paracleto,
164 1336 666 1369 un Dios solo y tres personas,
162 1376 604 1408 que así lo creo y confieso
156 1417 592 1449 á pesar de todos cuantos
160 1457 648 1490 fueron contra este misterio.
158 1498 560 1532 A la Virgen soberana,
157 1539 592 1572 Madre del Divino Verbo,
163 1580 675 1614 que en sus sagradas entrañas
158 1620 630 1653 encarnó para bien nuestro.
161 1660 618 1694 A los cuatro Evangelistas.
155 1701 626 1733 que testimonio nos dieron
162 1741 615 1774 de su Fé, Pasion y Muerte
164 1782 656 1815 como escribanos supremos.
155 1823 620 1858 Aquestos cuatro Doctores,
159 1863 660 1902 y el Sacrosanto Colegio
157 1903 631 1936 y á todos los demas Santos
165 1944 679 1975 y Angeles que hay en el Cielo:
157 1983 525 2016 á todos humilde pido
162 2025 704 2057 que ilustren mi entendimiento.
839 1178 1305 1209 y memoria, porque pueda
836 1218 1364 1250 salir bien de aqueste empeño.
835 1258 1300 1289 Tambien pido al auditorio
834 1297 1258 1330 me dé su grato silencio,
842 1338 1272 1370 oirá un curioso romance
841 1378 1441 1409 que ha escrito mi humilde ingenio.
837 1418 1242 1450 Las virtudes son del dia
836 1457 1235 1492 todo fiijo y verdadero,
836 1499 1260 1531 sin fabulas ni mentiras,
848 1539 1260 1570 como lo verá el discreto.
843 1580 1246 1611 Crió Dios con su poder
841 1621 1252 1651 y con su saber inmenso
837 1661 1235 1693 la luz hermosa del dia:.
832 1701 1365 1733 que alumbra con sus reflejos.
833 1742 1235 1773 De dia crió las plantas,
836 1782 1280 1814 las flores y árboles bellos,
838 1823 1306 1854 aves, peces y animales
838 1863 1310 1894 que ilustran los elementos.
838 1903 1348 1935 Formó el sesto dia el mmundo;
835 1943 1298 1975 á nuestro Padre primero
840 1985 1206 2016 á la semejanza suya:
843 2026 1318 2059 de aquel barro damasceno..
