<?xml version="1.0" encoding="UTF-8" standalone="yes"?>
<PcGts xmlns="http://schema.primaresearch.org/PAGE/gts/pagecontent/2013-07-15" xmlns:xsi="http://www.w3.org/2001/XMLSchema-instance" xsi:schemaLocation="http://schema.primaresearch.org/PAGE/gts/pagecontent/2013-07-15 http://schema.primaresearch.org/PAGE/gts/pagecontent/2013-07-15/pagecontent.xsd">
    <Metadata>
        <Creator>prov=University of Rostock/Institute of Mathematics/CITlab|PLANET AI GmbH/Gundram Leifert/gundram.leifert@planet-ai.de:name=Pliegos de Cordel (XIXe) - v3(htr_id=26984)::::v=2.6.7
prov=University of Rostock/Institute of Mathematics/CITlab|PLANET AI GmbH/Tobias Gruening/tobias.gruening@planet-ai.de:name=de.uros.citlab.module.baseline2polygon.B2PSeamMultiOriented:v=2.6.7
prov=University of Rostock/Institute of Mathematics/CITlab|PLANET AI GmbH/Tobias Gruening/tobias.gruening@planet-ai.de:name=/net_tf/LA73_249_0mod360.pb:de.uros.citlab.segmentation.CITlab_LA_ML:v=2.6.7
Transkribus</Creator>
        <Created>2020-10-22T17:41:02.309+02:00</Created>
        <LastChange>2020-10-23T15:57:08.346+02:00</LastChange>
        <TranskribusMetadata docId="523582" pageId="22274684" pageNr="20" tsid="46646976" status="DONE" userId="66244" imgUrl="https://files.transkribus.eu/Get?id=LHNTSCYICGJENVOEZVAQZSJO&amp;fileType=view" xmlUrl="https://files.transkribus.eu/Get?id=MNRGAKMOOZVSDJRYIOKQQXYK" imageId="17350904"/>
    </Metadata>
    <Page imageFilename="Moreno_037_4.jpg" imageWidth="1765" imageHeight="2512">
        <ReadingOrder>
            <OrderedGroup id="ro_1603710073025" caption="Regions reading order">
                <RegionRefIndexed index="0" regionRef="r1"/>
            </OrderedGroup>
        </ReadingOrder>
        <TextRegion orientation="0.0" id="r1" custom="readingOrder {index:0;}">
            <Coords points="72,281 72,2372 1473,2372 1473,281"/>
            <TextLine id="r1l1" custom="readingOrder {index:0;}">
                <Coords points="602,316 627,316 652,316 678,316 703,316 728,316 754,316 779,316 804,316 830,315 855,315 880,316 906,316 931,317 957,318 957,284 931,283 906,282 880,282 855,281 830,281 804,282 779,282 754,282 728,282 703,282 678,282 652,282 627,282 602,282"/>
                <Baseline points="602,305 627,305 652,305 678,305 703,305 728,305 754,305 779,305 804,305 830,304 855,304 880,305 906,305 931,306 957,307"/>
                <TextEquiv>
                    <Unicode>TROVOS</Unicode>
                </TextEquiv>
            </TextLine>
            <TextLine id="r1l2" custom="readingOrder {index:1;}">
                <Coords points="99,434 167,434 236,434 305,434 373,434 442,434 511,435 579,436 648,436 717,437 786,438 854,439 923,440 992,442 1060,443 1129,444 1198,445 1266,445 1335,446 1404,447 1473,447 1473,413 1404,413 1335,412 1266,411 1198,411 1129,410 1060,409 992,408 923,406 854,405 786,404 717,403 648,402 579,402 511,401 442,400 373,400 305,400 236,400 167,400 99,400"/>
                <Baseline points="99,423 167,423 236,423 305,423 373,423 442,423 511,424 579,425 648,425 717,426 786,427 854,428 923,429 992,431 1060,432 1129,433 1198,434 1266,434 1335,435 1404,436 1473,436"/>
                <TextEquiv>
                    <Unicode>Que se cantan en la tonada de la dota.</Unicode>
                </TextEquiv>
            </TextLine>
            <TextLine id="r1l3" custom="readingOrder {index:2;}">
                <Coords points="490,531 515,531 540,532 565,532 591,532 616,532 641,532 666,532 692,532 717,532 742,532 767,532 793,532 818,533 843,534 868,534 894,535 919,536 944,538 970,539 970,508 944,507 919,505 894,504 868,503 843,503 818,502 793,501 767,501 742,501 717,501 692,501 666,501 641,501 616,501 591,501 565,501 540,501 515,500 490,500"/>
                <Baseline points="490,521 515,521 540,522 565,522 591,522 616,522 641,522 666,522 692,522 717,522 742,522 767,522 793,522 818,523 843,524 868,524 894,525 919,526 944,528 970,529"/>
                <TextEquiv>
                    <Unicode>El demonio de mi amo,</Unicode>
                </TextEquiv>
            </TextLine>
            <TextLine id="r1l4" custom="readingOrder {index:3;}">
                <Coords points="446,573 471,574 496,575 521,576 547,576 572,577 597,577 623,577 648,577 673,577 698,577 724,576 749,576 774,576 800,576 825,577 850,577 876,577 876,546 850,546 825,546 800,545 774,545 749,545 724,545 698,546 673,546 648,546 623,546 597,546 572,546 547,545 521,545 496,544 471,543 446,542"/>
                <Baseline points="446,563 471,564 496,565 521,566 547,566 572,567 597,567 623,567 648,567 673,567 698,567 724,566 749,566 774,566 800,566 825,567 850,567 876,567"/>
                <TextEquiv>
                    <Unicode>Parece un poco birote</Unicode>
                </TextEquiv>
            </TextLine>
            <TextLine id="r1l5" custom="readingOrder {index:4;}">
                <Coords points="442,620 473,620 505,620 536,621 568,621 600,621 631,621 663,621 694,621 726,621 758,621 789,621 821,622 852,622 884,623 916,623 947,624 979,626 1010,627 1042,629 1074,630 1074,599 1042,598 1010,596 979,595 947,593 916,592 884,592 852,591 821,591 789,590 758,590 726,590 694,590 663,590 631,590 600,590 568,590 536,590 505,589 473,589 442,589"/>
                <Baseline points="442,610 473,610 505,610 536,611 568,611 600,611 631,611 663,611 694,611 726,611 758,611 789,611 821,612 852,612 884,613 916,613 947,614 979,616 1010,617 1042,619 1074,620"/>
                <TextEquiv>
                    <Unicode>Que ha plantado, un árbol seco,</Unicode>
                </TextEquiv>
            </TextLine>
            <TextLine id="r1l6" custom="readingOrder {index:5;}">
                <Coords points="448,662 474,663 500,664 527,665 553,666 580,666 606,666 632,667 659,667 685,667 712,667 738,667 764,667 791,667 817,667 844,668 870,668 896,669 923,669 949,670 976,671 976,641 949,640 923,639 896,639 870,638 844,638 817,637 791,637 764,637 738,637 712,637 685,637 659,637 632,637 606,636 580,636 553,636 527,635 500,634 474,633 448,632"/>
                <Baseline points="448,652 474,653 500,654 527,655 553,656 580,656 606,656 632,657 659,657 685,657 712,657 738,657 764,657 791,657 817,657 844,658 870,658 896,659 923,659 949,660 976,661"/>
                <TextEquiv>
                    <Unicode>Y ahora quiere que brote.</Unicode>
                </TextEquiv>
            </TextLine>
            <TextLine id="r1l7" custom="readingOrder {index:6;}">
                <Coords points="135,753 160,754 185,754 211,755 236,755 262,755 287,755 312,755 338,755 363,755 389,755 414,756 440,756 465,756 490,756 516,757 541,757 567,759 592,760 618,761 618,730 592,729 567,728 541,726 516,726 490,725 465,725 440,725 414,725 389,724 363,724 338,724 312,724 287,724 262,724 236,724 211,724 185,723 160,723 135,722"/>
                <Baseline points="135,743 160,744 185,744 211,745 236,745 262,745 287,745 312,745 338,745 363,745 389,745 414,746 440,746 465,746 490,746 516,747 541,747 567,749 592,750 618,751"/>
                <TextEquiv>
                    <Unicode>Por pedirle lo que gano,</Unicode>
                </TextEquiv>
            </TextLine>
            <TextLine id="r1l9" custom="readingOrder {index:7;}">
                <Coords points="83,797 111,797 139,798 167,798 195,798 223,798 251,798 280,799 308,799 336,799 364,799 392,799 420,799 448,800 477,800 505,801 533,801 561,802 589,803 617,804 646,805 646,775 617,774 589,773 561,772 533,771 505,771 477,770 448,770 420,769 392,769 364,769 336,769 308,769 280,769 251,768 223,768 195,768 167,768 139,768 111,767 83,767"/>
                <Baseline points="83,787 111,787 139,788 167,788 195,788 223,788 251,788 280,789 308,789 336,789 364,789 392,789 420,789 448,790 477,790 505,791 533,791 561,792 589,793 617,794 646,795"/>
                <TextEquiv>
                    <Unicode>Anteayer tarde en la huerta,</Unicode>
                </TextEquiv>
            </TextLine>
            <TextLine id="r1l11" custom="readingOrder {index:8;}">
                <Coords points="90,839 115,840 141,841 167,842 193,842 219,843 245,843 271,843 297,843 323,843 348,844 374,844 400,844 426,844 452,844 478,845 504,846 530,847 556,848 556,818 530,817 504,816 478,815 452,814 426,814 400,814 374,814 348,814 323,813 297,813 271,813 245,813 219,813 193,812 167,812 141,811 115,810 90,809"/>
                <Baseline points="90,829 115,830 141,831 167,832 193,832 219,833 245,833 271,833 297,833 323,833 348,834 374,834 400,834 426,834 452,834 478,835 504,836 530,837 556,838"/>
                <TextEquiv>
                    <Unicode>De poco nos agarramos,</Unicode>
                </TextEquiv>
            </TextLine>
            <TextLine id="r1l13" custom="readingOrder {index:9;}">
                <Coords points="92,885 117,885 143,886 168,886 194,887 219,887 245,887 270,887 296,887 321,887 347,887 372,887 398,887 423,888 449,888 474,888 500,889 525,890 551,890 576,892 602,893 602,862 576,861 551,859 525,859 500,858 474,857 449,857 423,857 398,856 372,856 347,856 321,856 296,856 270,856 245,856 219,856 194,856 168,855 143,855 117,854 92,854"/>
                <Baseline points="92,875 117,875 143,876 168,876 194,877 219,877 245,877 270,877 296,877 321,877 347,877 372,877 398,877 423,878 449,878 474,878 500,879 525,880 551,880 576,882 602,883"/>
                <TextEquiv>
                    <Unicode>Y no tiene buenas vueltas</Unicode>
                </TextEquiv>
            </TextLine>
            <TextLine id="r1l15" custom="readingOrder {index:10;}">
                <Coords points="84,929 109,929 135,930 160,931 186,931 211,931 237,932 263,932 288,931 314,931 339,931 365,931 390,931 416,931 442,932 467,932 493,932 518,933 544,934 570,935 570,904 544,903 518,902 493,901 467,901 442,901 416,900 390,900 365,900 339,900 314,900 288,900 263,901 237,901 211,900 186,900 160,900 135,899 109,898 84,898"/>
                <Baseline points="84,919 109,919 135,920 160,921 186,921 211,921 237,922 263,922 288,921 314,921 339,921 365,921 390,921 416,921 442,922 467,922 493,922 518,923 544,924 570,925"/>
                <TextEquiv>
                    <Unicode>El demonio de mi amo.</Unicode>
                </TextEquiv>
            </TextLine>
            <TextLine id="r1l17" custom="readingOrder {index:11;}">
                <Coords points="129,974 154,974 179,975 204,975 229,975 254,975 279,976 304,976 329,976 354,976 379,977 404,977 429,977 454,978 479,978 504,978 529,979 555,980 555,949 529,948 504,947 479,947 454,947 429,946 404,946 379,946 354,945 329,945 304,945 279,945 254,944 229,944 204,944 179,944 154,943 129,943"/>
                <Baseline points="129,964 154,964 179,965 204,965 229,965 254,965 279,966 304,966 329,966 354,966 379,967 404,967 429,967 454,968 479,968 504,968 529,969 555,970"/>
                <TextEquiv>
                    <Unicode>Es tan duro de cogote</Unicode>
                </TextEquiv>
            </TextLine>
            <TextLine id="r1l19" custom="readingOrder {index:12;}">
                <Coords points="86,1017 111,1018 136,1019 162,1020 187,1020 213,1020 238,1021 263,1020 289,1020 314,1020 340,1020 365,1020 390,1020 416,1020 441,1021 467,1021 492,1022 518,1024 518,994 492,992 467,991 441,991 416,990 390,990 365,990 340,990 314,990 289,990 263,990 238,991 213,990 187,990 162,990 136,989 111,988 86,987"/>
                <Baseline points="86,1007 111,1008 136,1009 162,1010 187,1010 213,1010 238,1011 263,1010 289,1010 314,1010 340,1010 365,1010 390,1010 416,1010 441,1011 467,1011 492,1012 518,1014"/>
                <TextEquiv>
                    <Unicode>En inclinar la cabeza,</Unicode>
                </TextEquiv>
            </TextLine>
            <TextLine id="r1l21" custom="readingOrder {index:13;}">
                <Coords points="77,1062 103,1062 129,1063 155,1064 181,1064 207,1065 233,1065 259,1065 285,1065 311,1066 338,1066 364,1066 390,1066 416,1066 442,1066 468,1066 494,1066 520,1066 546,1067 572,1067 599,1068 599,1038 572,1037 546,1037 520,1036 494,1036 468,1036 442,1036 416,1036 390,1036 364,1036 338,1036 311,1036 285,1035 259,1035 233,1035 207,1035 181,1034 155,1034 129,1033 103,1032 77,1032"/>
                <Baseline points="77,1052 103,1052 129,1053 155,1054 181,1054 207,1055 233,1055 259,1055 285,1055 311,1056 338,1056 364,1056 390,1056 416,1056 442,1056 468,1056 494,1056 520,1056 546,1057 572,1057 599,1058"/>
                <TextEquiv>
                    <Unicode>Se emboza con su capote:</Unicode>
                </TextEquiv>
            </TextLine>
            <TextLine id="r1l23" custom="readingOrder {index:14;}">
                <Coords points="85,1106 111,1107 138,1108 165,1109 192,1109 218,1109 245,1109 272,1109 299,1109 325,1109 352,1109 379,1109 406,1109 432,1109 459,1109 486,1110 513,1110 539,1111 566,1112 593,1114 620,1115 620,1084 593,1083 566,1081 539,1080 513,1079 486,1079 459,1078 432,1078 406,1078 379,1078 352,1078 325,1078 299,1078 272,1078 245,1078 218,1078 192,1078 165,1078 138,1077 111,1076 85,1075"/>
                <Baseline points="85,1096 111,1097 138,1098 165,1099 192,1099 218,1099 245,1099 272,1099 299,1099 325,1099 352,1099 379,1099 406,1099 432,1099 459,1099 486,1100 513,1100 539,1101 566,1102 593,1104 620,1105"/>
                <TextEquiv>
                    <Unicode>Como es teniente de orejas,</Unicode>
                </TextEquiv>
            </TextLine>
            <TextLine id="r1l25" custom="readingOrder {index:15;}">
                <Coords points="80,1151 105,1152 131,1153 157,1153 183,1153 208,1154 234,1154 260,1154 286,1154 311,1154 337,1154 363,1154 389,1154 414,1154 440,1154 466,1154 492,1155 518,1155 518,1124 492,1124 466,1123 440,1123 414,1123 389,1123 363,1123 337,1123 311,1123 286,1123 260,1123 234,1123 208,1123 183,1122 157,1122 131,1122 105,1121 80,1120"/>
                <Baseline points="80,1141 105,1142 131,1143 157,1143 183,1143 208,1144 234,1144 260,1144 286,1144 311,1144 337,1144 363,1144 389,1144 414,1144 440,1144 466,1144 492,1145 518,1145"/>
                <TextEquiv>
                    <Unicode>Parece un poco birote.</Unicode>
                </TextEquiv>
            </TextLine>
            <TextLine id="r1l27" custom="readingOrder {index:16;}">
                <Coords points="122,1197 150,1198 178,1198 206,1198 234,1198 262,1198 290,1198 318,1198 346,1198 374,1198 402,1198 430,1198 458,1198 486,1198 514,1198 542,1199 570,1200 598,1200 626,1201 654,1202 682,1204 682,1173 654,1171 626,1170 598,1169 570,1169 542,1168 514,1167 486,1167 458,1167 430,1167 402,1167 374,1167 346,1167 318,1167 290,1167 262,1167 234,1167 206,1167 178,1167 150,1167 122,1166"/>
                <Baseline points="122,1187 150,1188 178,1188 206,1188 234,1188 262,1188 290,1188 318,1188 346,1188 374,1188 402,1188 430,1188 458,1188 486,1188 514,1188 542,1189 570,1190 598,1190 626,1191 654,1192 682,1194"/>
                <TextEquiv>
                    <Unicode>En un ribazo hay un hueco, </Unicode>
                </TextEquiv>
            </TextLine>
            <TextLine id="r1l28" custom="readingOrder {index:17;}">
                <Coords points="84,1243 110,1243 136,1243 162,1243 188,1242 214,1242 240,1242 266,1242 292,1242 318,1242 345,1242 371,1242 397,1242 423,1242 449,1242 475,1242 501,1243 527,1243 553,1244 579,1245 606,1245 606,1215 579,1215 553,1214 527,1213 501,1213 475,1212 449,1212 423,1212 397,1212 371,1212 345,1212 318,1212 292,1212 266,1212 240,1212 214,1212 188,1212 162,1213 136,1213 110,1213 84,1213"/>
                <Baseline points="84,1233 110,1233 136,1233 162,1233 188,1232 214,1232 240,1232 266,1232 292,1232 318,1232 345,1232 371,1232 397,1232 423,1232 449,1232 475,1232 501,1233 527,1233 553,1234 579,1235 606,1235"/>
                <TextEquiv>
                    <Unicode>Que se ha caido un peñon,</Unicode>
                </TextEquiv>
            </TextLine>
            <TextLine id="r1l30" custom="readingOrder {index:18;}">
                <Coords points="84,1285 110,1285 136,1286 163,1286 189,1286 216,1287 242,1287 268,1286 295,1286 321,1286 348,1286 374,1286 400,1286 427,1286 453,1287 480,1287 506,1287 532,1288 559,1289 585,1290 612,1291 612,1261 585,1260 559,1259 532,1258 506,1257 480,1257 453,1257 427,1256 400,1256 374,1256 348,1256 321,1256 295,1256 268,1256 242,1257 216,1257 189,1256 163,1256 136,1256 110,1255 84,1255"/>
                <Baseline points="84,1275 110,1275 136,1276 163,1276 189,1276 216,1277 242,1277 268,1276 295,1276 321,1276 348,1276 374,1276 400,1276 427,1276 453,1277 480,1277 506,1277 532,1278 559,1279 585,1280 612,1281"/>
                <TextEquiv>
                    <Unicode>Y me hace llevar estiercol,</Unicode>
                </TextEquiv>
            </TextLine>
            <TextLine id="r1l32" custom="readingOrder {index:19;}">
                <Coords points="80,1329 105,1330 131,1331 157,1331 182,1331 208,1331 234,1331 259,1331 285,1331 311,1331 336,1331 362,1331 388,1331 413,1331 439,1331 465,1331 490,1332 516,1332 542,1333 568,1333 568,1303 542,1303 516,1302 490,1302 465,1301 439,1301 413,1301 388,1301 362,1301 336,1301 311,1301 285,1301 259,1301 234,1301 208,1301 182,1301 157,1301 131,1301 105,1300 80,1299"/>
                <Baseline points="80,1319 105,1320 131,1321 157,1321 182,1321 208,1321 234,1321 259,1321 285,1321 311,1321 336,1321 362,1321 388,1321 413,1321 439,1321 465,1321 490,1322 516,1322 542,1323 568,1323"/>
                <TextEquiv>
                    <Unicode>Y como es tan cabezon,</Unicode>
                </TextEquiv>
            </TextLine>
            <TextLine id="r1l34" custom="readingOrder {index:20;}">
                <Coords points="81,1375 108,1375 135,1376 162,1376 190,1376 217,1376 244,1376 271,1375 299,1375 326,1375 353,1374 380,1374 408,1374 435,1374 462,1374 489,1374 517,1374 544,1375 571,1376 598,1378 626,1379 626,1349 598,1348 571,1346 544,1345 517,1344 489,1344 462,1344 435,1344 408,1344 380,1344 353,1344 326,1345 299,1345 271,1345 244,1346 217,1346 190,1346 162,1346 135,1346 108,1345 81,1345"/>
                <Baseline points="81,1365 108,1365 135,1366 162,1366 190,1366 217,1366 244,1366 271,1365 299,1365 326,1365 353,1364 380,1364 408,1364 435,1364 462,1364 489,1364 517,1364 544,1365 571,1366 598,1368 626,1369"/>
                <TextEquiv>
                    <Unicode>Ha plantado un árbol seco.</Unicode>
                </TextEquiv>
            </TextLine>
            <TextLine id="r1l36" custom="readingOrder {index:21;}">
                <Coords points="123,1421 149,1421 175,1422 201,1422 227,1422 253,1421 279,1421 305,1421 331,1420 357,1420 383,1420 409,1419 435,1419 461,1419 487,1420 513,1420 539,1421 565,1422 591,1422 591,1391 565,1391 539,1390 513,1389 487,1389 461,1388 435,1388 409,1388 383,1389 357,1389 331,1389 305,1390 279,1390 253,1390 227,1391 201,1391 175,1391 149,1390 123,1390"/>
                <Baseline points="123,1411 149,1411 175,1412 201,1412 227,1412 253,1411 279,1411 305,1411 331,1410 357,1410 383,1410 409,1409 435,1409 461,1409 487,1410 513,1410 539,1411 565,1412 591,1412"/>
                <TextEquiv>
                    <Unicode>A yer tuvo un alboroque</Unicode>
                </TextEquiv>
            </TextLine>
            <TextLine id="r1l39" custom="readingOrder {index:22;}">
                <Coords points="84,1461 110,1463 136,1464 162,1465 188,1465 214,1465 240,1465 266,1464 292,1464 318,1464 344,1463 370,1463 396,1463 422,1463 448,1464 474,1465 500,1467 526,1469 526,1438 500,1436 474,1434 448,1433 422,1432 396,1432 370,1432 344,1432 318,1433 292,1433 266,1433 240,1434 214,1434 188,1434 162,1434 136,1433 110,1432 84,1430"/>
                <Baseline points="84,1451 110,1453 136,1454 162,1455 188,1455 214,1455 240,1455 266,1454 292,1454 318,1454 344,1453 370,1453 396,1453 422,1453 448,1454 474,1455 500,1457 526,1459"/>
                <TextEquiv>
                    <Unicode>En una grande funcion,</Unicode>
                </TextEquiv>
            </TextLine>
            <TextLine id="r1l41" custom="readingOrder {index:23;}">
                <Coords points="83,1506 109,1507 135,1507 162,1508 188,1508 215,1508 241,1508 268,1508 294,1507 321,1507 347,1507 374,1507 400,1507 427,1508 453,1509 480,1510 480,1479 453,1478 427,1477 400,1476 374,1476 347,1476 321,1476 294,1476 268,1477 241,1477 215,1477 188,1477 162,1477 135,1476 109,1476 83,1475"/>
                <Baseline points="83,1496 109,1497 135,1497 162,1498 188,1498 215,1498 241,1498 268,1498 294,1497 321,1497 347,1497 374,1497 400,1497 427,1498 453,1499 480,1500"/>
                <TextEquiv>
                    <Unicode>El grandisimo birote;</Unicode>
                </TextEquiv>
            </TextLine>
            <TextLine id="r1l43" custom="readingOrder {index:24;}">
                <Coords points="80,1550 105,1551 131,1552 156,1552 182,1552 207,1552 233,1552 259,1552 284,1552 310,1552 335,1552 361,1552 386,1553 412,1554 438,1555 438,1524 412,1523 386,1522 361,1521 335,1521 310,1521 284,1521 259,1521 233,1521 207,1521 182,1521 156,1521 131,1521 105,1520 80,1519"/>
                <Baseline points="80,1540 105,1541 131,1542 156,1542 182,1542 207,1542 233,1542 259,1542 284,1542 310,1542 335,1542 361,1542 386,1543 412,1544 438,1545"/>
                <TextEquiv>
                    <Unicode>El arbol ya se seco,</Unicode>
                </TextEquiv>
            </TextLine>
            <TextLine id="r1l45" custom="readingOrder {index:25;}">
                <Coords points="90,1597 116,1597 142,1598 168,1598 194,1598 221,1598 247,1598 273,1598 299,1598 326,1598 352,1598 378,1597 404,1598 430,1598 457,1598 483,1598 509,1598 535,1599 562,1599 562,1568 535,1568 509,1567 483,1567 457,1567 430,1567 404,1567 378,1566 352,1567 326,1567 299,1567 273,1567 247,1567 221,1567 194,1567 168,1567 142,1567 116,1566 90,1566"/>
                <Baseline points="90,1587 116,1587 142,1588 168,1588 194,1588 221,1588 247,1588 273,1588 299,1588 326,1588 352,1588 378,1587 404,1588 430,1588 457,1588 483,1588 509,1588 535,1589 562,1589"/>
                <TextEquiv>
                    <Unicode>Y ahora quiere que brote.</Unicode>
                </TextEquiv>
            </TextLine>
            <TextLine id="r1l48" custom="readingOrder {index:26;}">
                <Coords points="124,1687 153,1687 182,1687 211,1687 240,1687 270,1687 299,1686 328,1686 357,1686 386,1686 416,1686 445,1686 474,1686 503,1686 532,1686 562,1686 591,1687 620,1687 649,1688 678,1689 708,1690 708,1659 678,1658 649,1657 620,1656 591,1656 562,1655 532,1655 503,1655 474,1655 445,1655 416,1655 386,1655 357,1655 328,1655 299,1655 270,1656 240,1656 211,1656 182,1656 153,1656 124,1656"/>
                <Baseline points="124,1677 153,1677 182,1677 211,1677 240,1677 270,1677 299,1676 328,1676 357,1676 386,1676 416,1676 445,1676 474,1676 503,1676 532,1676 562,1676 591,1677 620,1677 649,1678 678,1679 708,1680"/>
                <TextEquiv>
                    <Unicode>A un jóven y á un viejo quiero,</Unicode>
                </TextEquiv>
            </TextLine>
            <TextLine id="r1l50" custom="readingOrder {index:27;}">
                <Coords points="73,1730 98,1731 124,1731 149,1731 175,1732 200,1732 226,1731 251,1731 277,1731 303,1731 328,1730 354,1730 379,1730 405,1730 430,1730 456,1730 481,1730 507,1730 533,1731 533,1700 507,1699 481,1699 456,1699 430,1699 405,1699 379,1699 354,1699 328,1699 303,1700 277,1700 251,1700 226,1700 200,1701 175,1701 149,1700 124,1700 98,1700 73,1699"/>
                <Baseline points="73,1720 98,1721 124,1721 149,1721 175,1722 200,1722 226,1721 251,1721 277,1721 303,1721 328,1720 354,1720 379,1720 405,1720 430,1720 456,1720 481,1720 507,1720 533,1721"/>
                <TextEquiv>
                    <Unicode>Aunque con distinta ley: </Unicode>
                </TextEquiv>
            </TextLine>
            <TextLine id="r1l52" custom="readingOrder {index:28;}">
                <Coords points="78,1775 104,1775 131,1775 158,1775 185,1775 212,1775 238,1775 265,1775 292,1775 319,1774 346,1774 372,1774 399,1774 426,1774 453,1774 480,1774 506,1774 533,1775 560,1775 587,1776 614,1778 614,1747 587,1745 560,1744 533,1744 506,1743 480,1743 453,1743 426,1743 399,1743 372,1743 346,1743 319,1743 292,1744 265,1744 238,1744 212,1744 185,1744 158,1744 131,1744 104,1744 78,1744"/>
                <Baseline points="78,1765 104,1765 131,1765 158,1765 185,1765 212,1765 238,1765 265,1765 292,1765 319,1764 346,1764 372,1764 399,1764 426,1764 453,1764 480,1764 506,1764 533,1765 560,1765 587,1766 614,1768"/>
                <TextEquiv>
                    <Unicode>Quiero al joven por su cara,</Unicode>
                </TextEquiv>
            </TextLine>
            <TextLine id="r1l54" custom="readingOrder {index:29;}">
                <Coords points="84,1817 109,1818 135,1819 160,1819 186,1819 211,1819 237,1819 262,1819 288,1819 314,1819 339,1818 365,1818 390,1818 416,1818 441,1818 467,1819 492,1819 518,1820 544,1821 544,1791 518,1790 492,1789 467,1789 441,1788 416,1788 390,1788 365,1788 339,1788 314,1789 288,1789 262,1789 237,1789 211,1789 186,1789 160,1789 135,1789 109,1788 84,1787"/>
                <Baseline points="84,1807 109,1808 135,1809 160,1809 186,1809 211,1809 237,1809 262,1809 288,1809 314,1809 339,1808 365,1808 390,1808 416,1808 441,1808 467,1809 492,1809 518,1810 544,1811"/>
                <TextEquiv>
                    <Unicode>Y al viejo por la del Rey. </Unicode>
                </TextEquiv>
            </TextLine>
            <TextLine id="r1l56" custom="readingOrder {index:30;}">
                <Coords points="122,1864 147,1864 172,1864 198,1864 223,1865 249,1865 274,1864 299,1864 325,1864 350,1864 376,1864 401,1864 426,1865 452,1865 477,1865 503,1866 528,1867 554,1868 554,1835 528,1834 503,1833 477,1832 452,1832 426,1832 401,1831 376,1831 350,1831 325,1831 299,1831 274,1831 249,1832 223,1832 198,1831 172,1831 147,1831 122,1831"/>
                <Baseline points="122,1853 147,1853 172,1853 198,1853 223,1854 249,1854 274,1853 299,1853 325,1853 350,1853 376,1853 401,1853 426,1854 452,1854 477,1854 503,1855 528,1856 554,1857"/>
                <TextEquiv>
                    <Unicode>Es mi caracter grosero,</Unicode>
                </TextEquiv>
            </TextLine>
            <TextLine id="r1l58" custom="readingOrder {index:31;}">
                <Coords points="82,1906 108,1907 134,1907 160,1907 187,1908 213,1908 239,1908 265,1908 292,1907 318,1907 344,1907 370,1907 397,1907 423,1908 449,1908 476,1908 476,1877 449,1877 423,1877 397,1876 370,1876 344,1876 318,1876 292,1876 265,1877 239,1877 213,1877 187,1877 160,1876 134,1876 108,1876 82,1875"/>
                <Baseline points="82,1896 108,1897 134,1897 160,1897 187,1898 213,1898 239,1898 265,1898 292,1897 318,1897 344,1897 370,1897 397,1897 423,1898 449,1898 476,1898"/>
                <TextEquiv>
                    <Unicode>Y no puedo remediar,</Unicode>
                </TextEquiv>
            </TextLine>
            <TextLine id="r1l60" custom="readingOrder {index:32;}">
                <Coords points="75,1950 100,1951 125,1952 151,1953 176,1953 201,1953 227,1953 252,1953 277,1952 303,1952 328,1952 353,1951 379,1951 404,1951 429,1952 455,1952 480,1953 506,1954 506,1923 480,1922 455,1921 429,1921 404,1920 379,1920 353,1920 328,1921 303,1921 277,1921 252,1922 227,1922 201,1922 176,1922 151,1922 125,1921 100,1920 75,1919"/>
                <Baseline points="75,1940 100,1941 125,1942 151,1943 176,1943 201,1943 227,1943 252,1943 277,1942 303,1942 328,1942 353,1941 379,1941 404,1941 429,1942 455,1942 480,1943 506,1944"/>
                <TextEquiv>
                    <Unicode>Y mi genio placentero;</Unicode>
                </TextEquiv>
            </TextLine>
            <TextLine id="r1l62" custom="readingOrder {index:33;}">
                <Coords points="72,1994 98,1995 124,1996 150,1997 176,1997 202,1997 228,1996 254,1996 280,1996 306,1995 332,1995 358,1996 384,1996 410,1997 437,1998 437,1967 410,1966 384,1965 358,1965 332,1964 306,1964 280,1965 254,1965 228,1965 202,1966 176,1966 150,1966 124,1965 98,1964 72,1963"/>
                <Baseline points="72,1984 98,1985 124,1986 150,1987 176,1987 202,1987 228,1986 254,1986 280,1986 306,1985 332,1985 358,1986 384,1986 410,1987 437,1988"/>
                <TextEquiv>
                    <Unicode>Y para especulizar,</Unicode>
                </TextEquiv>
            </TextLine>
            <TextLine id="r1l64" custom="readingOrder {index:34;}">
                <Coords points="72,2039 100,2040 128,2041 157,2041 185,2041 214,2041 242,2041 270,2041 299,2041 327,2041 356,2041 384,2041 412,2041 441,2041 469,2040 498,2040 526,2040 554,2041 583,2041 611,2041 640,2042 640,2011 611,2010 583,2010 554,2010 526,2009 498,2009 469,2009 441,2010 412,2010 384,2010 356,2010 327,2010 299,2010 270,2010 242,2010 214,2010 185,2010 157,2010 128,2010 100,2009 72,2008"/>
                <Baseline points="72,2029 100,2030 128,2031 157,2031 185,2031 214,2031 242,2031 270,2031 299,2031 327,2031 356,2031 384,2031 412,2031 441,2031 469,2030 498,2030 526,2030 554,2031 583,2031 611,2031 640,2032"/>
                <TextEquiv>
                    <Unicode>A un jóven y á un viejo quiero.</Unicode>
                </TextEquiv>
            </TextLine>
            <TextLine id="r1l66" custom="readingOrder {index:35;}">
                <Coords points="122,2083 148,2085 174,2085 200,2086 227,2086 253,2086 279,2086 305,2085 332,2085 358,2085 384,2085 410,2085 437,2085 463,2085 489,2085 515,2085 542,2086 568,2087 594,2088 621,2090 621,2059 594,2057 568,2056 542,2055 515,2054 489,2054 463,2054 437,2054 410,2054 384,2054 358,2054 332,2054 305,2054 279,2055 253,2055 227,2055 200,2055 174,2054 148,2054 122,2052"/>
                <Baseline points="122,2073 148,2075 174,2075 200,2076 227,2076 253,2076 279,2076 305,2075 332,2075 358,2075 384,2075 410,2075 437,2075 463,2075 489,2075 515,2075 542,2076 568,2077 594,2078 621,2080"/>
                <TextEquiv>
                    <Unicode>Soy mas tenaz que Muley, </Unicode>
                </TextEquiv>
            </TextLine>
            <TextLine id="r1l68" custom="readingOrder {index:36;}">
                <Coords points="76,2126 102,2128 129,2129 155,2130 182,2130 209,2130 235,2131 262,2131 288,2130 315,2130 342,2130 368,2130 395,2129 421,2129 448,2129 475,2129 501,2129 528,2130 554,2130 581,2131 608,2132 608,2101 581,2100 554,2099 528,2099 501,2098 475,2098 448,2098 421,2098 395,2098 368,2099 342,2099 315,2099 288,2099 262,2100 235,2100 209,2099 182,2099 155,2099 129,2098 102,2097 76,2095"/>
                <Baseline points="76,2116 102,2118 129,2119 155,2120 182,2120 209,2120 235,2121 262,2121 288,2120 315,2120 342,2120 368,2120 395,2119 421,2119 448,2119 475,2119 501,2119 528,2120 554,2120 581,2121 608,2122"/>
                <TextEquiv>
                    <Unicode>Y voy siguiendo mi intento,</Unicode>
                </TextEquiv>
            </TextLine>
            <TextLine id="r1l70" custom="readingOrder {index:37;}">
                <Coords points="76,2171 105,2172 134,2173 163,2173 193,2174 222,2174 251,2174 281,2174 310,2174 339,2173 369,2173 398,2173 427,2173 456,2173 486,2173 515,2173 544,2174 574,2175 603,2175 632,2177 662,2178 662,2147 632,2146 603,2144 574,2144 544,2143 515,2142 486,2142 456,2142 427,2142 398,2142 369,2142 339,2142 310,2143 281,2143 251,2143 222,2143 193,2143 163,2142 134,2142 105,2141 76,2140"/>
                <Baseline points="76,2161 105,2162 134,2163 163,2163 193,2164 222,2164 251,2164 281,2164 310,2164 339,2163 369,2163 398,2163 427,2163 456,2163 486,2163 515,2163 544,2164 574,2165 603,2165 632,2167 662,2168"/>
                <TextEquiv>
                    <Unicode>Tengo mas calma que un buey, </Unicode>
                </TextEquiv>
            </TextLine>
            <TextLine id="r1l72" custom="readingOrder {index:38;}">
                <Coords points="76,2215 104,2216 133,2217 161,2217 190,2217 218,2217 247,2217 275,2217 304,2217 332,2217 361,2217 389,2217 418,2217 446,2217 475,2218 503,2218 532,2218 560,2219 589,2220 617,2221 646,2222 646,2191 617,2190 589,2189 560,2188 532,2187 503,2187 475,2187 446,2186 418,2186 389,2186 361,2186 332,2186 304,2186 275,2186 247,2186 218,2186 190,2186 161,2186 133,2186 104,2185 76,2184"/>
                <Baseline points="76,2205 104,2206 133,2207 161,2207 190,2207 218,2207 247,2207 275,2207 304,2207 332,2207 361,2207 389,2207 418,2207 446,2207 475,2208 503,2208 532,2208 560,2209 589,2210 617,2211 646,2212"/>
                <TextEquiv>
                    <Unicode>Y á los dos doy cumplimiento,</Unicode>
                </TextEquiv>
            </TextLine>
            <TextLine id="r1l74" custom="readingOrder {index:39;}">
                <Coords points="74,2262 99,2263 125,2263 151,2264 177,2264 203,2264 229,2264 254,2264 280,2264 306,2263 332,2263 358,2263 384,2263 409,2263 435,2263 461,2264 487,2264 513,2265 539,2266 539,2233 513,2232 487,2231 461,2231 435,2230 409,2230 384,2230 358,2230 332,2230 306,2230 280,2231 254,2231 229,2231 203,2231 177,2231 151,2231 125,2230 99,2230 74,2229"/>
                <Baseline points="74,2251 99,2252 125,2252 151,2253 177,2253 203,2253 229,2253 254,2253 280,2253 306,2252 332,2252 358,2252 384,2252 409,2252 435,2252 461,2253 487,2253 513,2254 539,2255"/>
                <TextEquiv>
                    <Unicode>Aun que con distinta tey.</Unicode>
                </TextEquiv>
            </TextLine>
            <TextLine id="r1l8" custom="readingOrder {index:40;}">
                <Coords points="848,759 873,759 899,760 925,761 951,761 977,761 1003,762 1029,762 1055,762 1081,763 1106,763 1132,764 1158,764 1184,765 1210,765 1236,766 1262,766 1288,767 1314,768 1340,769 1340,738 1314,737 1288,736 1262,735 1236,735 1210,734 1184,734 1158,733 1132,733 1106,732 1081,732 1055,731 1029,731 1003,731 977,730 951,730 925,730 899,729 873,728 848,728"/>
                <Baseline points="848,749 873,749 899,750 925,751 951,751 977,751 1003,752 1029,752 1055,752 1081,753 1106,753 1132,754 1158,754 1184,755 1210,755 1236,756 1262,756 1288,757 1314,758 1340,759"/>
                <TextEquiv>
                    <Unicode>Es en el mundo muy rara</Unicode>
                </TextEquiv>
            </TextLine>
            <TextLine id="r1l10" custom="readingOrder {index:41;}">
                <Coords points="804,802 829,803 854,804 879,804 904,805 929,805 954,805 979,806 1004,806 1029,806 1054,806 1079,807 1104,807 1129,807 1154,807 1179,808 1204,808 1229,809 1254,809 1254,778 1229,778 1204,777 1179,777 1154,776 1129,776 1104,776 1079,776 1054,775 1029,775 1004,775 979,775 954,774 929,774 904,774 879,773 854,773 829,772 804,771"/>
                <Baseline points="804,792 829,793 854,794 879,794 904,795 929,795 954,795 979,796 1004,796 1029,796 1054,796 1079,797 1104,797 1129,797 1154,797 1179,798 1204,798 1229,799 1254,799"/>
                <TextEquiv>
                    <Unicode>La que suele despreciar,</Unicode>
                </TextEquiv>
            </TextLine>
            <TextLine id="r1l12" custom="readingOrder {index:42;}">
                <Coords points="804,845 830,846 856,847 882,848 908,849 934,850 960,850 986,850 1012,851 1039,851 1065,851 1091,852 1117,852 1143,852 1169,853 1195,853 1221,854 1248,855 1248,824 1221,823 1195,822 1169,822 1143,821 1117,821 1091,821 1065,820 1039,820 1012,820 986,819 960,819 934,819 908,818 882,817 856,816 830,815 804,814"/>
                <Baseline points="804,835 830,836 856,837 882,838 908,839 934,840 960,840 986,840 1012,841 1039,841 1065,841 1091,842 1117,842 1143,842 1169,843 1195,843 1221,844 1248,845"/>
                <TextEquiv>
                    <Unicode>Con el interés soy clara,</Unicode>
                </TextEquiv>
            </TextLine>
            <TextLine id="r1l14" custom="readingOrder {index:43;}">
                <Coords points="800,891 826,891 852,892 879,892 905,893 931,893 958,894 984,894 1010,894 1037,895 1063,895 1089,895 1116,896 1142,896 1168,897 1195,897 1221,898 1247,899 1274,899 1274,868 1247,868 1221,867 1195,866 1168,866 1142,865 1116,865 1089,864 1063,864 1037,864 1010,863 984,863 958,863 931,862 905,862 879,861 852,861 826,860 800,860"/>
                <Baseline points="800,881 826,881 852,882 879,882 905,883 931,883 958,884 984,884 1010,884 1037,885 1063,885 1089,885 1116,886 1142,886 1168,887 1195,887 1221,888 1247,889 1274,889"/>
                <TextEquiv>
                    <Unicode>Pero en tocando al casar,</Unicode>
                </TextEquiv>
            </TextLine>
            <TextLine id="r1l16" custom="readingOrder {index:44;}">
                <Coords points="804,938 829,938 855,938 881,938 906,938 932,938 958,938 983,939 1009,939 1035,939 1061,939 1086,940 1112,940 1138,940 1163,941 1189,941 1215,941 1240,941 1266,942 1292,942 1318,942 1318,911 1292,911 1266,911 1240,910 1215,910 1189,910 1163,910 1138,909 1112,909 1086,909 1061,908 1035,908 1009,908 983,908 958,907 932,907 906,907 881,907 855,907 829,907 804,907"/>
                <Baseline points="804,928 829,928 855,928 881,928 906,928 932,928 958,928 983,929 1009,929 1035,929 1061,929 1086,930 1112,930 1138,930 1163,931 1189,931 1215,931 1240,931 1266,932 1292,932 1318,932"/>
                <TextEquiv>
                    <Unicode>Quiero al joven por su cara.</Unicode>
                </TextEquiv>
            </TextLine>
            <TextLine id="r1l18" custom="readingOrder {index:45;}">
                <Coords points="844,981 871,982 899,982 927,983 955,984 983,984 1010,984 1038,984 1066,985 1094,985 1122,985 1149,985 1177,985 1205,986 1233,986 1261,987 1288,988 1316,989 1344,990 1372,992 1400,994 1400,963 1372,961 1344,959 1316,958 1288,957 1261,956 1233,955 1205,955 1177,954 1149,954 1122,954 1094,954 1066,954 1038,953 1010,953 983,953 955,953 927,952 899,951 871,951 844,950"/>
                <Baseline points="844,971 871,972 899,972 927,973 955,974 983,974 1010,974 1038,974 1066,975 1094,975 1122,975 1149,975 1177,975 1205,976 1233,976 1261,977 1288,978 1316,979 1344,980 1372,982 1400,984"/>
                <TextEquiv>
                    <Unicode>Aunque me pretenda un Rey,</Unicode>
                </TextEquiv>
            </TextLine>
            <TextLine id="r1l20" custom="readingOrder {index:46;}">
                <Coords points="800,1023 825,1024 851,1026 877,1026 903,1027 929,1027 955,1028 981,1028 1007,1028 1033,1028 1058,1029 1084,1029 1110,1029 1136,1029 1162,1029 1188,1030 1214,1031 1240,1031 1266,1032 1292,1033 1292,1002 1266,1001 1240,1000 1214,1000 1188,999 1162,998 1136,998 1110,998 1084,998 1058,998 1033,997 1007,997 981,997 955,997 929,996 903,996 877,995 851,995 825,993 800,992"/>
                <Baseline points="800,1013 825,1014 851,1016 877,1016 903,1017 929,1017 955,1018 981,1018 1007,1018 1033,1018 1058,1019 1084,1019 1110,1019 1136,1019 1162,1019 1188,1020 1214,1021 1240,1021 1266,1022 1292,1023"/>
                <TextEquiv>
                    <Unicode>Con su opulencia y su oro,</Unicode>
                </TextEquiv>
            </TextLine>
            <TextLine id="r1l22" custom="readingOrder {index:47;}">
                <Coords points="796,1069 821,1069 847,1070 873,1070 899,1070 924,1071 950,1071 976,1071 1002,1072 1028,1072 1053,1072 1079,1073 1105,1073 1131,1074 1156,1074 1182,1075 1208,1075 1234,1076 1260,1076 1260,1045 1234,1045 1208,1044 1182,1044 1156,1043 1131,1043 1105,1042 1079,1042 1053,1041 1028,1041 1002,1041 976,1040 950,1040 924,1040 899,1039 873,1039 847,1039 821,1038 796,1038"/>
                <Baseline points="796,1059 821,1059 847,1060 873,1060 899,1060 924,1061 950,1061 976,1061 1002,1062 1028,1062 1053,1062 1079,1063 1105,1063 1131,1064 1156,1064 1182,1065 1208,1065 1234,1066 1260,1066"/>
                <TextEquiv>
                    <Unicode>No he de faltar á mi ley;</Unicode>
                </TextEquiv>
            </TextLine>
            <TextLine id="r1l24" custom="readingOrder {index:48;}">
                <Coords points="798,1113 823,1114 848,1114 874,1115 899,1115 925,1116 950,1116 975,1116 1001,1116 1026,1116 1052,1116 1077,1116 1102,1117 1128,1117 1153,1117 1179,1118 1204,1118 1229,1119 1255,1120 1280,1121 1306,1123 1306,1092 1280,1090 1255,1089 1229,1088 1204,1087 1179,1087 1153,1086 1128,1086 1102,1086 1077,1085 1052,1085 1026,1085 1001,1085 975,1085 950,1085 925,1085 899,1084 874,1084 848,1083 823,1083 798,1082"/>
                <Baseline points="798,1103 823,1104 848,1104 874,1105 899,1105 925,1106 950,1106 975,1106 1001,1106 1026,1106 1052,1106 1077,1106 1102,1107 1128,1107 1153,1107 1179,1108 1204,1108 1229,1109 1255,1110 1280,1111 1306,1113"/>
                <TextEquiv>
                    <Unicode>Por su cara al mozo adoro,</Unicode>
                </TextEquiv>
            </TextLine>
            <TextLine id="r1l26" custom="readingOrder {index:49;}">
                <Coords points="804,1158 829,1159 854,1159 879,1159 904,1160 929,1160 954,1161 979,1161 1004,1161 1029,1162 1054,1162 1079,1162 1104,1163 1129,1163 1154,1164 1179,1164 1204,1165 1229,1165 1255,1166 1255,1135 1229,1134 1204,1134 1179,1133 1154,1133 1129,1132 1104,1132 1079,1131 1054,1131 1029,1131 1004,1130 979,1130 954,1130 929,1129 904,1129 879,1128 854,1128 829,1128 804,1127"/>
                <Baseline points="804,1148 829,1149 854,1149 879,1149 904,1150 929,1150 954,1151 979,1151 1004,1151 1029,1152 1054,1152 1079,1152 1104,1153 1129,1153 1154,1154 1179,1154 1204,1155 1229,1155 1255,1156"/>
                <TextEquiv>
                    <Unicode>Y al viejo por la del Rey. </Unicode>
                </TextEquiv>
            </TextLine>
            <TextLine id="r1l29" custom="readingOrder {index:50;}">
                <Coords points="846,1247 871,1247 896,1247 921,1247 946,1248 971,1248 996,1248 1021,1249 1047,1249 1072,1250 1097,1250 1122,1250 1147,1251 1172,1251 1197,1251 1222,1251 1248,1251 1248,1220 1222,1220 1197,1220 1172,1220 1147,1220 1122,1219 1097,1219 1072,1219 1047,1218 1021,1218 996,1217 971,1217 946,1217 921,1216 896,1216 871,1216 846,1216"/>
                <Baseline points="846,1237 871,1237 896,1237 921,1237 946,1238 971,1238 996,1238 1021,1239 1047,1239 1072,1240 1097,1240 1122,1240 1147,1241 1172,1241 1197,1241 1222,1241 1248,1241"/>
                <TextEquiv>
                    <Unicode>La libertad es un don</Unicode>
                </TextEquiv>
            </TextLine>
            <TextLine id="r1l31" custom="readingOrder {index:51;}">
                <Coords points="806,1292 835,1292 864,1292 893,1292 922,1292 952,1292 981,1292 1010,1292 1039,1292 1068,1293 1098,1293 1127,1294 1156,1294 1185,1295 1214,1295 1244,1296 1273,1297 1302,1297 1331,1298 1360,1298 1390,1299 1390,1268 1360,1267 1331,1267 1302,1266 1273,1266 1244,1265 1214,1264 1185,1264 1156,1263 1127,1263 1098,1262 1068,1262 1039,1261 1010,1261 981,1261 952,1261 922,1261 893,1261 864,1261 835,1261 806,1261"/>
                <Baseline points="806,1282 835,1282 864,1282 893,1282 922,1282 952,1282 981,1282 1010,1282 1039,1282 1068,1283 1098,1283 1127,1284 1156,1284 1185,1285 1214,1285 1244,1286 1273,1287 1302,1287 1331,1288 1360,1288 1390,1289"/>
                <TextEquiv>
                    <Unicode>Que hereda el hombre al nacer;</Unicode>
                </TextEquiv>
            </TextLine>
            <TextLine id="r1l33" custom="readingOrder {index:52;}">
                <Coords points="800,1336 826,1336 852,1336 878,1336 904,1337 930,1337 956,1337 982,1337 1008,1337 1034,1338 1060,1338 1086,1338 1112,1339 1138,1339 1164,1340 1190,1340 1190,1309 1164,1309 1138,1308 1112,1308 1086,1307 1060,1307 1034,1307 1008,1306 982,1306 956,1306 930,1306 904,1306 878,1305 852,1305 826,1305 800,1305"/>
                <Baseline points="800,1326 826,1326 852,1326 878,1326 904,1327 930,1327 956,1327 982,1327 1008,1327 1034,1328 1060,1328 1086,1328 1112,1329 1138,1329 1164,1330 1190,1330"/>
                <TextEquiv>
                    <Unicode>La defiende la razon,</Unicode>
                </TextEquiv>
            </TextLine>
            <TextLine id="r1l35" custom="readingOrder {index:53;}">
                <Coords points="810,1380 836,1380 863,1380 889,1381 916,1381 943,1381 969,1381 996,1382 1022,1382 1049,1382 1076,1382 1102,1383 1129,1383 1155,1383 1182,1383 1209,1384 1209,1353 1182,1352 1155,1352 1129,1352 1102,1352 1076,1351 1049,1351 1022,1351 996,1351 969,1350 943,1350 916,1350 889,1350 863,1349 836,1349 810,1349"/>
                <Baseline points="810,1370 836,1370 863,1370 889,1371 916,1371 943,1371 969,1371 996,1372 1022,1372 1049,1372 1076,1372 1102,1373 1129,1373 1155,1373 1182,1373 1209,1374"/>
                <TextEquiv>
                    <Unicode>Y la combate el poder.</Unicode>
                </TextEquiv>
            </TextLine>
            <TextLine id="r1l37" custom="readingOrder {index:54;}">
                <Coords points="842,1426 867,1426 893,1427 918,1427 944,1427 970,1427 995,1427 1021,1427 1046,1428 1072,1428 1098,1428 1123,1428 1149,1429 1174,1429 1200,1429 1226,1430 1226,1397 1200,1396 1174,1396 1149,1396 1123,1395 1098,1395 1072,1395 1046,1395 1021,1394 995,1394 970,1394 944,1394 918,1394 893,1394 867,1393 842,1393"/>
                <Baseline points="842,1415 867,1415 893,1416 918,1416 944,1416 970,1416 995,1416 1021,1416 1046,1417 1072,1417 1098,1417 1123,1417 1149,1418 1174,1418 1200,1418 1226,1419"/>
                <TextEquiv>
                    <Unicode>Cuando hay buena fé y union,</Unicode>
                </TextEquiv>
            </TextLine>
            <TextLine id="r1l40" custom="readingOrder {index:55;}">
                <Coords points="802,1469 828,1469 855,1470 881,1470 908,1470 934,1470 961,1470 987,1470 1014,1471 1040,1471 1067,1471 1093,1471 1120,1472 1146,1472 1173,1472 1200,1473 1200,1442 1173,1441 1146,1441 1120,1441 1093,1440 1067,1440 1040,1440 1014,1440 987,1439 961,1439 934,1439 908,1439 881,1439 855,1439 828,1438 802,1438"/>
                <Baseline points="802,1459 828,1459 855,1460 881,1460 908,1460 934,1460 961,1460 987,1460 1014,1461 1040,1461 1067,1461 1093,1461 1120,1462 1146,1462 1173,1462 1200,1463"/>
                <TextEquiv>
                    <Unicode>Se respeta la igualdad</Unicode>
                </TextEquiv>
            </TextLine>
            <TextLine id="r1l42" custom="readingOrder {index:56;}">
                <Coords points="796,1511 821,1512 847,1512 872,1513 898,1513 924,1513 949,1514 975,1514 1001,1514 1026,1514 1052,1515 1078,1515 1103,1515 1129,1516 1155,1516 1180,1517 1206,1518 1232,1519 1232,1488 1206,1487 1180,1486 1155,1485 1129,1485 1103,1484 1078,1484 1052,1484 1026,1483 1001,1483 975,1483 949,1483 924,1482 898,1482 872,1482 847,1481 821,1481 796,1480"/>
                <Baseline points="796,1501 821,1502 847,1502 872,1503 898,1503 924,1503 949,1504 975,1504 1001,1504 1026,1504 1052,1505 1078,1505 1103,1505 1129,1506 1155,1506 1180,1507 1206,1508 1232,1509"/>
                <TextEquiv>
                    <Unicode>Se reprime la ambicion</Unicode>
                </TextEquiv>
            </TextLine>
            <TextLine id="r1l44" custom="readingOrder {index:57;}">
                <Coords points="792,1555 818,1557 845,1557 872,1558 898,1558 925,1559 952,1559 979,1559 1005,1559 1032,1559 1059,1560 1085,1560 1112,1560 1139,1561 1166,1562 1166,1531 1139,1530 1112,1529 1085,1529 1059,1529 1032,1528 1005,1528 979,1528 952,1528 925,1528 898,1527 872,1527 845,1526 818,1526 792,1524"/>
                <Baseline points="792,1545 818,1547 845,1547 872,1548 898,1548 925,1549 952,1549 979,1549 1005,1549 1032,1549 1059,1550 1085,1550 1112,1550 1139,1551 1166,1552"/>
                <TextEquiv>
                    <Unicode>Y se acata laverdad,</Unicode>
                </TextEquiv>
            </TextLine>
            <TextLine id="r1l46" custom="readingOrder {index:58;}">
                <Coords points="798,1601 823,1602 848,1602 873,1603 899,1603 924,1603 949,1603 974,1603 1000,1603 1025,1603 1050,1603 1075,1603 1101,1604 1126,1604 1151,1604 1176,1605 1202,1607 1202,1576 1176,1574 1151,1573 1126,1573 1101,1573 1075,1572 1050,1572 1025,1572 1000,1572 974,1572 949,1572 924,1572 899,1572 873,1572 848,1571 823,1571 798,1570"/>
                <Baseline points="798,1591 823,1592 848,1592 873,1593 899,1593 924,1593 949,1593 974,1593 1000,1593 1025,1593 1050,1593 1075,1593 1101,1594 1126,1594 1151,1594 1176,1595 1202,1597"/>
                <TextEquiv>
                    <Unicode>La libertad es un don.</Unicode>
                </TextEquiv>
            </TextLine>
            <TextLine id="r1l47" custom="readingOrder {index:59;}">
                <Coords points="840,1645 865,1646 891,1646 916,1646 942,1647 967,1647 993,1647 1018,1648 1044,1648 1069,1648 1095,1649 1120,1649 1146,1650 1171,1650 1197,1650 1222,1650 1248,1650 1248,1619 1222,1619 1197,1619 1171,1619 1146,1619 1120,1618 1095,1618 1069,1617 1044,1617 1018,1617 993,1616 967,1616 942,1616 916,1615 891,1615 865,1615 840,1614"/>
                <Baseline points="840,1635 865,1636 891,1636 916,1636 942,1637 967,1637 993,1637 1018,1638 1044,1638 1069,1638 1095,1639 1120,1639 1146,1640 1171,1640 1197,1640 1222,1640 1248,1640"/>
                <TextEquiv>
                    <Unicode>Unos la suelen perder</Unicode>
                </TextEquiv>
            </TextLine>
            <TextLine id="r1l49" custom="readingOrder {index:60;}">
                <Coords points="788,1689 820,1690 853,1690 885,1691 918,1691 950,1691 983,1692 1015,1692 1048,1692 1080,1693 1113,1693 1145,1693 1178,1694 1210,1694 1243,1695 1275,1695 1308,1696 1340,1696 1373,1697 1405,1698 1438,1699 1438,1669 1405,1668 1373,1667 1340,1666 1308,1666 1275,1665 1243,1665 1210,1664 1178,1664 1145,1663 1113,1663 1080,1663 1048,1662 1015,1662 983,1662 950,1661 918,1661 885,1661 853,1660 820,1660 788,1659"/>
                <Baseline points="788,1679 820,1680 853,1680 885,1681 918,1681 950,1681 983,1682 1015,1682 1048,1682 1080,1683 1113,1683 1145,1683 1178,1684 1210,1684 1243,1685 1275,1685 1308,1686 1340,1686 1373,1687 1405,1688 1438,1689"/>
                <TextEquiv>
                    <Unicode>Porque en robar no hay enmienda,</Unicode>
                </TextEquiv>
            </TextLine>
            <TextLine id="r1l51" custom="readingOrder {index:61;}">
                <Coords points="796,1731 822,1732 848,1733 874,1734 900,1735 926,1735 952,1736 978,1736 1004,1736 1030,1736 1056,1736 1082,1737 1108,1737 1134,1738 1160,1738 1186,1739 1186,1709 1160,1708 1134,1708 1108,1707 1082,1707 1056,1706 1030,1706 1004,1706 978,1706 952,1706 926,1705 900,1705 874,1704 848,1703 822,1702 796,1701"/>
                <Baseline points="796,1721 822,1722 848,1723 874,1724 900,1725 926,1725 952,1726 978,1726 1004,1726 1030,1726 1056,1726 1082,1727 1108,1727 1134,1728 1160,1728 1186,1729"/>
                <TextEquiv>
                    <Unicode>Otros por una muger</Unicode>
                </TextEquiv>
            </TextLine>
            <TextLine id="r1l53" custom="readingOrder {index:62;}">
                <Coords points="792,1779 817,1779 842,1779 867,1779 892,1779 917,1779 942,1779 967,1779 992,1780 1017,1780 1042,1780 1067,1781 1092,1781 1117,1781 1142,1782 1167,1782 1192,1782 1217,1782 1242,1782 1267,1783 1292,1783 1292,1752 1267,1752 1242,1751 1217,1751 1192,1751 1167,1751 1142,1751 1117,1750 1092,1750 1067,1750 1042,1749 1017,1749 992,1749 967,1748 942,1748 917,1748 892,1748 867,1748 842,1748 817,1748 792,1748"/>
                <Baseline points="792,1769 817,1769 842,1769 867,1769 892,1769 917,1769 942,1769 967,1769 992,1770 1017,1770 1042,1770 1067,1771 1092,1771 1117,1771 1142,1772 1167,1772 1192,1772 1217,1772 1242,1772 1267,1773 1292,1773"/>
                <TextEquiv>
                    <Unicode>Les quitan la mejor prenda</Unicode>
                </TextEquiv>
            </TextLine>
            <TextLine id="r1l55" custom="readingOrder {index:63;}">
                <Coords points="799,1827 827,1826 855,1825 883,1824 911,1824 940,1823 968,1823 996,1824 1024,1824 1052,1824 1081,1825 1109,1825 1137,1826 1165,1826 1193,1827 1222,1827 1250,1827 1278,1828 1306,1828 1334,1828 1363,1828 1363,1798 1334,1798 1306,1798 1278,1798 1250,1797 1222,1797 1193,1797 1165,1796 1137,1796 1109,1795 1081,1795 1052,1794 1024,1794 996,1794 968,1793 940,1793 911,1794 883,1794 855,1795 827,1796 799,1797"/>
                <Baseline points="799,1817 827,1816 855,1815 883,1814 911,1814 940,1813 968,1813 996,1814 1024,1814 1052,1814 1081,1815 1109,1815 1137,1816 1165,1816 1193,1817 1222,1817 1250,1817 1278,1818 1306,1818 1334,1818 1363,1818"/>
                <TextEquiv>
                    <Unicode>Que hereda el hombre al nacer,</Unicode>
                </TextEquiv>
            </TextLine>
            <TextLine id="r1l57" custom="readingOrder {index:64;}">
                <Coords points="831,1868 856,1867 881,1867 907,1867 932,1868 958,1868 983,1868 1009,1868 1034,1868 1059,1869 1085,1869 1110,1869 1136,1870 1161,1870 1187,1871 1212,1871 1238,1871 1238,1841 1212,1841 1187,1841 1161,1840 1136,1840 1110,1839 1085,1839 1059,1839 1034,1838 1009,1838 983,1838 958,1838 932,1838 907,1837 881,1837 856,1837 831,1838"/>
                <Baseline points="831,1858 856,1857 881,1857 907,1857 932,1858 958,1858 983,1858 1009,1858 1034,1858 1059,1859 1085,1859 1110,1859 1136,1860 1161,1860 1187,1861 1212,1861 1238,1861"/>
                <TextEquiv>
                    <Unicode>Traspasan un corazon</Unicode>
                </TextEquiv>
            </TextLine>
            <TextLine id="r1l59" custom="readingOrder {index:65;}">
                <Coords points="794,1911 819,1912 845,1912 870,1912 896,1912 921,1912 947,1912 973,1912 998,1913 1024,1913 1049,1913 1075,1913 1100,1913 1126,1914 1152,1914 1177,1914 1203,1915 1228,1916 1254,1916 1280,1917 1280,1886 1254,1885 1228,1885 1203,1884 1177,1883 1152,1883 1126,1883 1100,1882 1075,1882 1049,1882 1024,1882 998,1882 973,1881 947,1881 921,1881 896,1881 870,1881 845,1881 819,1881 794,1880"/>
                <Baseline points="794,1901 819,1902 845,1902 870,1902 896,1902 921,1902 947,1902 973,1902 998,1903 1024,1903 1049,1903 1075,1903 1100,1903 1126,1904 1152,1904 1177,1904 1203,1905 1228,1906 1254,1906 1280,1907"/>
                <TextEquiv>
                    <Unicode>Los tiranos con sus tretas;</Unicode>
                </TextEquiv>
            </TextLine>
            <TextLine id="r1l61" custom="readingOrder {index:66;}">
                <Coords points="794,1955 819,1956 845,1956 870,1956 896,1957 921,1957 947,1957 972,1957 998,1957 1023,1957 1049,1957 1074,1958 1100,1958 1125,1958 1151,1958 1176,1959 1202,1959 1227,1960 1253,1961 1278,1962 1304,1963 1304,1932 1278,1931 1253,1930 1227,1929 1202,1928 1176,1928 1151,1927 1125,1927 1100,1927 1074,1927 1049,1926 1023,1926 998,1926 972,1926 947,1926 921,1926 896,1926 870,1925 845,1925 819,1925 794,1924"/>
                <Baseline points="794,1945 819,1946 845,1946 870,1946 896,1947 921,1947 947,1947 972,1947 998,1947 1023,1947 1049,1947 1074,1948 1100,1948 1125,1948 1151,1948 1176,1949 1202,1949 1227,1950 1253,1951 1278,1952 1304,1953"/>
                <TextEquiv>
                    <Unicode>Se arman de la inquisicion,</Unicode>
                </TextEquiv>
            </TextLine>
            <TextLine id="r1l63" custom="readingOrder {index:67;}">
                <Coords points="791,2000 816,2000 841,2000 866,2001 891,2001 917,2001 942,2001 967,2001 992,2001 1018,2001 1043,2001 1068,2002 1093,2002 1119,2002 1144,2003 1169,2003 1194,2004 1220,2005 1220,1974 1194,1973 1169,1972 1144,1972 1119,1971 1093,1971 1068,1971 1043,1970 1018,1970 992,1970 967,1970 942,1970 917,1970 891,1970 866,1970 841,1969 816,1969 791,1969"/>
                <Baseline points="791,1990 816,1990 841,1990 866,1991 891,1991 917,1991 942,1991 967,1991 992,1991 1018,1991 1043,1991 1068,1992 1093,1992 1119,1992 1144,1993 1169,1993 1194,1994 1220,1995"/>
                <TextEquiv>
                    <Unicode>A mas de las bayonetas</Unicode>
                </TextEquiv>
            </TextLine>
            <TextLine id="r1l65" custom="readingOrder {index:68;}">
                <Coords points="792,2044 817,2044 842,2044 867,2044 893,2044 918,2044 943,2044 968,2044 994,2045 1019,2045 1044,2045 1069,2046 1095,2047 1120,2047 1145,2048 1170,2048 1196,2049 1196,2018 1170,2017 1145,2017 1120,2016 1095,2016 1069,2015 1044,2014 1019,2014 994,2014 968,2013 943,2013 918,2013 893,2013 867,2013 842,2013 817,2013 792,2013"/>
                <Baseline points="792,2034 817,2034 842,2034 867,2034 893,2034 918,2034 943,2034 968,2034 994,2035 1019,2035 1044,2035 1069,2036 1095,2037 1120,2037 1145,2038 1170,2038 1196,2039"/>
                <TextEquiv>
                    <Unicode>La defiende la razon.</Unicode>
                </TextEquiv>
            </TextLine>
            <TextLine id="r1l67" custom="readingOrder {index:69;}">
                <Coords points="840,2089 865,2089 891,2089 917,2089 942,2089 968,2090 994,2090 1020,2090 1045,2090 1071,2091 1097,2091 1123,2091 1148,2092 1174,2092 1200,2092 1226,2093 1226,2062 1200,2061 1174,2061 1148,2061 1123,2060 1097,2060 1071,2060 1045,2059 1020,2059 994,2059 968,2059 942,2058 917,2058 891,2058 865,2058 840,2058"/>
                <Baseline points="840,2079 865,2079 891,2079 917,2079 942,2079 968,2080 994,2080 1020,2080 1045,2080 1071,2081 1097,2081 1123,2081 1148,2082 1174,2082 1200,2082 1226,2083"/>
                <TextEquiv>
                    <Unicode>Absolutos quieren ser</Unicode>
                </TextEquiv>
            </TextLine>
            <TextLine id="r1l69" custom="readingOrder {index:70;}">
                <Coords points="789,2133 814,2133 839,2133 864,2134 889,2134 915,2134 940,2134 965,2134 990,2134 1016,2134 1041,2134 1066,2135 1091,2135 1117,2135 1142,2136 1167,2137 1192,2138 1218,2139 1218,2108 1192,2107 1167,2106 1142,2105 1117,2104 1091,2104 1066,2104 1041,2103 1016,2103 990,2103 965,2103 940,2103 915,2103 889,2103 864,2103 839,2102 814,2102 789,2102"/>
                <Baseline points="789,2123 814,2123 839,2123 864,2124 889,2124 915,2124 940,2124 965,2124 990,2124 1016,2124 1041,2124 1066,2125 1091,2125 1117,2125 1142,2126 1167,2127 1192,2128 1218,2129"/>
                <TextEquiv>
                    <Unicode>Los reyes para mandar;</Unicode>
                </TextEquiv>
            </TextLine>
            <TextLine id="r1l71" custom="readingOrder {index:71;}">
                <Coords points="793,2178 818,2178 843,2178 868,2178 893,2178 919,2178 944,2178 969,2178 994,2178 1019,2179 1045,2179 1070,2179 1095,2180 1120,2180 1145,2181 1171,2181 1196,2181 1221,2182 1246,2182 1272,2182 1272,2152 1246,2152 1221,2152 1196,2151 1171,2151 1145,2151 1120,2150 1095,2150 1070,2149 1045,2149 1019,2149 994,2148 969,2148 944,2148 919,2148 893,2148 868,2148 843,2148 818,2148 793,2148"/>
                <Baseline points="793,2168 818,2168 843,2168 868,2168 893,2168 919,2168 944,2168 969,2168 994,2168 1019,2169 1045,2169 1070,2169 1095,2170 1120,2170 1145,2171 1171,2171 1196,2171 1221,2172 1246,2172 1272,2172"/>
                <TextEquiv>
                    <Unicode>No quiere el pueblo ceder</Unicode>
                </TextEquiv>
            </TextLine>
            <TextLine id="r1l73" custom="readingOrder {index:72;}">
                <Coords points="792,2220 818,2220 844,2221 870,2221 896,2221 922,2221 948,2221 974,2222 1000,2222 1026,2222 1052,2223 1078,2223 1104,2224 1130,2225 1156,2225 1182,2226 1182,2196 1156,2195 1130,2195 1104,2194 1078,2193 1052,2193 1026,2192 1000,2192 974,2192 948,2191 922,2191 896,2191 870,2191 844,2191 818,2190 792,2190"/>
                <Baseline points="792,2210 818,2210 844,2211 870,2211 896,2211 922,2211 948,2211 974,2212 1000,2212 1026,2212 1052,2213 1078,2213 1104,2214 1130,2215 1156,2215 1182,2216"/>
                <TextEquiv>
                    <Unicode>Ni dejarse esclavizar,</Unicode>
                </TextEquiv>
            </TextLine>
            <TextLine id="r1l75" custom="readingOrder {index:73;}">
                <Coords points="799,2269 824,2269 850,2268 875,2268 901,2268 927,2268 952,2269 978,2269 1004,2269 1029,2269 1055,2270 1080,2270 1106,2270 1132,2271 1157,2271 1183,2272 1209,2273 1209,2240 1183,2239 1157,2238 1132,2238 1106,2237 1080,2237 1055,2237 1029,2236 1004,2236 978,2236 952,2236 927,2235 901,2235 875,2235 850,2235 824,2236 799,2236"/>
                <Baseline points="799,2258 824,2258 850,2257 875,2257 901,2257 927,2257 952,2258 978,2258 1004,2258 1029,2258 1055,2259 1080,2259 1106,2259 1132,2260 1157,2260 1183,2261 1209,2262"/>
                <TextEquiv>
                    <Unicode>Y la combate el poder.</Unicode>
                </TextEquiv>
            </TextLine>
            <TextLine id="r1l76" custom="readingOrder {index:74;}">
                <Coords points="88,2359 155,2359 222,2360 290,2360 357,2360 425,2361 492,2361 559,2362 627,2363 694,2363 762,2364 829,2365 896,2366 964,2367 1031,2368 1099,2369 1166,2370 1233,2370 1301,2371 1368,2372 1436,2372 1436,2338 1368,2338 1301,2337 1233,2336 1166,2336 1099,2335 1031,2334 964,2333 896,2332 829,2331 762,2330 694,2329 627,2329 559,2328 492,2327 425,2327 357,2326 290,2326 222,2326 155,2325 88,2325"/>
                <Baseline points="88,2348 155,2348 222,2349 290,2349 357,2349 425,2350 492,2350 559,2351 627,2352 694,2352 762,2353 829,2354 896,2355 964,2356 1031,2357 1099,2358 1166,2359 1233,2359 1301,2360 1368,2361 1436,2361"/>
                <TextEquiv>
                    <Unicode>CARMONA:—Imp. de D. J. M. M. calle Juan de la Cabra núm. 5.</Unicode>
                </TextEquiv>
            </TextLine>
            <TextEquiv>
                <Unicode>TROVOS
Que se cantan en la tonada de la dota.
El demonio de mi amo,
Parece un poco birote
Que ha plantado, un árbol seco,
Y ahora quiere que brote.
Por pedirle lo que gano,
Anteayer tarde en la huerta,
De poco nos agarramos,
Y no tiene buenas vueltas
El demonio de mi amo.
Es tan duro de cogote
En inclinar la cabeza,
Se emboza con su capote:
Como es teniente de orejas,
Parece un poco birote.
En un ribazo hay un hueco, 
Que se ha caido un peñon,
Y me hace llevar estiercol,
Y como es tan cabezon,
Ha plantado un árbol seco.
A yer tuvo un alboroque
En una grande funcion,
El grandisimo birote;
El arbol ya se seco,
Y ahora quiere que brote.
A un jóven y á un viejo quiero,
Aunque con distinta ley: 
Quiero al joven por su cara,
Y al viejo por la del Rey. 
Es mi caracter grosero,
Y no puedo remediar,
Y mi genio placentero;
Y para especulizar,
A un jóven y á un viejo quiero.
Soy mas tenaz que Muley, 
Y voy siguiendo mi intento,
Tengo mas calma que un buey, 
Y á los dos doy cumplimiento,
Aun que con distinta tey.
Es en el mundo muy rara
La que suele despreciar,
Con el interés soy clara,
Pero en tocando al casar,
Quiero al joven por su cara.
Aunque me pretenda un Rey,
Con su opulencia y su oro,
No he de faltar á mi ley;
Por su cara al mozo adoro,
Y al viejo por la del Rey. 
La libertad es un don
Que hereda el hombre al nacer;
La defiende la razon,
Y la combate el poder.
Cuando hay buena fé y union,
Se respeta la igualdad
Se reprime la ambicion
Y se acata laverdad,
La libertad es un don.
Unos la suelen perder
Porque en robar no hay enmienda,
Otros por una muger
Les quitan la mejor prenda
Que hereda el hombre al nacer,
Traspasan un corazon
Los tiranos con sus tretas;
Se arman de la inquisicion,
A mas de las bayonetas
La defiende la razon.
Absolutos quieren ser
Los reyes para mandar;
No quiere el pueblo ceder
Ni dejarse esclavizar,
Y la combate el poder.
CARMONA:—Imp. de D. J. M. M. calle Juan de la Cabra núm. 5.</Unicode>
            </TextEquiv>
        </TextRegion>
    </Page>
</PcGts>
