1715 2459
264 241 612 273 y Juana que opina
262 284 883 320 esconderle en el arca de harina,
263 328 666 365 y el doctor conviene,
261 372 788 405 y Juanita ya no se detiene;
260 416 778 450 mi esposo es quien llama,
257 459 739 493 ella le abre, y su Juan
262 505 600 538 se fué á la cama.
296 544 737 582 Se quejaba el arriero
259 594 573 627 y ella con calma
261 637 671 672 le decia: ¿qué tienes
260 683 604 716 Juan de mi alma?
258 726 660 758 Ves, llama al doctor
249 770 896 804 que me quite este acerbo dolor.
261 815 591 849 Juana bien sabia
257 859 901 893 que en su casa no le encontraria;
258 903 566 937 pero la taimada
257 945 913 981 fue, y volvio diciendo que no estaba
259 991 679 1031 ¿Qué hacemos ahora?
259 1034 901 1069 El no está, que venga la doctora
257 1078 716 1114 que ya habra aprendido
256 1123 827 1158 á curar de ver á su marido.
262 1170 583 1202 Se fué diligente,
262 1212 582 1247 y la médica vino
260 1258 634 1292 y pulsó al pasiente.
260 1301 651 1336 La doctora enterada
261 1346 622 1378 de su compleccion,
253 1388 916 1423 le propinó el jarabe de estomaticón,
257 1433 670 1467 por ser muy probado;
255 1476 923 1511 ve por él que yo tendré cuidado;
253 1523 572 1556 se solió Juanita.
251 1565 898 1601 Juan que vió á la doctora solicita,
260 1610 774 1644 fué y le contó un cuento
252 1653 924 1688 sobre el arca, y logrado su intento,
254 1699 654 1734 Juan quedó aliviado,
259 1741 916 1777 y el doctor por su culpa afrentado;
255 1784 656 1821 el lance no es flojo,
258 1830 851 1867 porque hay para volverse loco,
255 1877 603 1911 para no amigarse,
258 1919 791 1953 y motivos para no casarse,
256 1962 723 1998 ni hablar con mugeres:
258 2007 890 2043 todo aquel que en pos de placeres
253 2053 649 2086 no mira su afrenta
253 2095 914 2130 llevará si es casado la cornamenta,
256 2139 685 2175 Entró Juanita, y dijo:
260 2186 559 2219 toma el jarabe;
256 2230 798 2264 no es menester bien mio;
255 2274 605 2308 Dios se lo pague
257 2320 599 2354 aqui á la señora:
972 235 1646 267 que ha acabado de curarme ahora:
976 277 1359 310 y estoy convencido
978 325 1645 358 que á curar le gana á su marido;
977 367 1353 400 yo ya lo obeservaba
972 412 1557 444 en la calle cuando te curaba
973 455 1289 487 veas de pagarle;
972 500 1494 533 el favor que me ha hecho
978 544 1278 576 es muy grande.
981 588 1460 621 Y aun que esté el doctor,
976 633 1536 665 si me vuelve atacar el dolor
973 676 1356 710 vendrá á visitarme,
969 721 1597 754 y tendrá la bondad de curarme:
975 765 1314 798 entonees, Juanita,
973 809 1589 845 echó mano y le dió media oncita,
975 853 1421 887 se fué á acompañarla,
973 898 1434 931 y á Juan le dió la idea
977 943 1362 975 de quemar él arca.
974 987 1292 1020 El arriero decia,
971 1030 1310 1065 haciendo el bobó,
970 1074 1423 1108 esta arca no me sirve
977 1120 1376 1154 mas que de estorbo.
977 1163 1292 1198 Le pegaré fuego,
972 1208 1639 1241 y si acaso hay algun raton dentro
982 1253 1338 1287 por comer harina,
973 1297 1518 1330 pagará tambien su golosina.
976 1342 1328 1374 El doctor caliente
973 1386 1546 1418 chámuscado salió de repente;
971 1431 1316 1462 revento la traca,
969 1475 1608 1508 y Juanillo echó mano á la estaca,
974 1519 1322 1551 sin valerle Juana,
972 1564 1554 1597 al doctor le zurró la badana;
967 1608 1383 1640 cuanto mas chillaba,
974 1652 1526 1684 el arriero mejor le zurraba;
974 1696 1324 1729 cuanto mas huía,
970 1740 1575 1774 con mas alma Juan le sacudia:
970 1785 1310 1818 hasta una vecina
974 1829 1503 1862 le tiraba agua por encima.
969 1873 1342 1905 Se salio engachado,
976 1916 1594 1949 sin bolsillo y bien escarmentado,
973 1961 1376 1993 se metió en su casa,
976 2003 1633 2040 la muger le preguntó: ¿qué te pasa?
971 2051 1398 2088 ¿tu tambien lo sabes?
976 2094 1635 2128 no hay motivo para que te alabes.
968 2138 1337 2172 Cuando vino Juana
970 2183 1499 2218 le contaron toda la jarana
967 2227 1395 2260 y Juan muy contento
973 2271 1331 2305 convidó la doctora
969 2318 1345 2351 por fin del cuento,
