1733 2463
194 250 587 284 hasta que resuelto
199 296 858 330 dijo á Juana, ¿Me vendes tu huerto?
199 341 571 373 y ella la responde,
192 384 794 420 esta es otra como la del coche,
189 430 644 462 mas yo no me quejo;
196 474 794 506 ni por otro á mi marido dejo;
201 516 603 550 estoy muy contenta;
195 560 703 595 mas si él llaga á caer en la cuenta
199 605 714 639 que habla usted conmigo,
202 651 696 684 saldrá el médico á palos
199 694 485 726 por el postigo.
239 736 597 771 El médico quejoso
195 781 610 815 de aquella audiencia
202 827 636 860 dijo; no me conformo,
199 870 581 904 ni puedo, ni quiero
200 914 809 948 olvidar tu cuerpo zandunguero:
194 960 592 994 por tí estoy perdido,
192 1003 853 1039 ¡cuanto diera por ser tu marido!
199 1046 681 1084 y ya que no es posible,
195 1091 843 1128 para amarte bien mio soy libre;
196 1135 535 1170 te doy mil reales
199 1180 642 1214 si me otorgas, Juanita,
185 1224 499 1259 lo que tu sabes.
236 1269 629 1302 Juanita que deseaba
193 1313 474 1347 salir del paso,
188 1358 624 1392 le contó a su marido
190 1401 487 1436 todo el fracaso;
201 1445 578 1483 y el muy sosegado,
192 1490 792 1524 dijo; calla no tengas cuydado,
200 1534 509 1570 cógele el dinero,
197 1579 856 1612 y escarmienta á ese gran majadero,
191 1622 518 1657 dile que mañana
191 1664 789 1701 me voy fuera por una semana:
195 1711 854 1746 será venir por lana, é ir trasquilado,
243 1755 562 1789 Obedeció Juanita
193 1801 451 1835 á su marido,
195 1843 622 1881 sin salir del mandato
199 1889 414 1925 ya referido.
195 1930 559 1969 Mientras el arriero
199 1976 829 2013 con sus mulas se salió del pueblo,
193 2020 572 2057 como quien se iba
195 2065 742 2100 á viajar para toda su vida,
200 2109 520 2144 el médico estaba
200 2151 812 2190 esperando que Juan se marchara
194 2196 644 2233 para lograr su intento,
192 2240 853 2276 fué á buscarla sin perder momento
201 2285 731 2323 y aunque estaba en cama,
195 2332 754 2369 sin embargo le dijo la dama,
910 249 1339 281 traiga usted el dinero
916 293 1479 326 esta noche, á cenar le espero
911 337 1283 374 y estarémos juntos
912 381 1364 415 porque yo tengo miedo,
911 425 1181 458 á los difuntos.
911 469 1305 501 El médico prorumpe
920 514 1214 546 blanca azucena,
911 556 1444 590 ya hace tiempo que andaba
914 602 1226 633 tras de tu cena,
920 645 1340 677 vendré á acompañarte,
912 689 1582 723 y pondré mi esmero en obsequiarte,
917 733 1333 765 pues por complacerte
915 778 1456 810 sufriria mil veces la muerte,
914 821 1220 856 dijo enamorado,
915 866 1511 898 y á ese tiempo cayó desmayado.
910 910 1252 943 Juana le levanta;
912 955 1512 986 con su voz de cirena lo encanta,
909 999 1186 1033 y le reanima,
913 1045 1551 1076 y el doctor poco á poco se arrima,
907 1088 1233 1122 y ella dijo tato,
907 1132 1439 1164 caballero eso no es el trato;
913 1176 1348 1207 no hay que propasarse,
911 1221 1539 1252 mire usted que puede sofocarse,
909 1264 1171 1300 y no nesecita
912 1309 1576 1340 sabiendo que esta noche estoy solita,
947 1353 1441 1385 Se fué el médico alegre
909 1398 1190 1432 y esperanzado,
907 1441 1589 1476 y no tuvo en su vida dia mas largo;
911 1486 1263 1518 las horas contaba
909 1531 1505 1563 y á menudo del sol se quejaba,
915 1576 1246 1607 porque no corria
914 1620 1424 1652 tan aprisa como él queria
909 1661 1235 1695 llegada la noche
912 1707 1542 1741 por las calles iba troche y moche,
907 1751 1295 1784 llamando á Juanita;
911 1796 1503 1829 el doctor no hizo falta á la cita
920 1839 1318 1873 no llamó á la puerta,
910 1885 1419 1919 porque ya estaba habierta.
914 1928 1251 1964 Entró muy gozoso
915 1973 1440 2006 á su lado se sentó amoroso,
914 2017 1326 2051 muy franco y sencillo
908 2061 1471 2096 á la dama presento el bolsillo:
912 2105 1202 2138 ella lo asegura
909 2149 1464 2181 y en su seno le dió sepultura:
916 2195 1270 2226 y estando cenando,
912 2238 1495 2271 este aquí á la puerta llamando;
908 2284 1215 2316 decia el arriero,
910 2329 1580 2362 abre, chica, pronto que mefmuero,
