1737 2508
129 287 717 329 porque el reloj de mi anhielo
130 337 674 377 me tiene pronto á las siete;
132 386 597 426 á las ocho me promete
128 435 589 473 que mis penas cesarán
137 481 601 520 y que á las nueve serán
138 532 609 569 mis fatigas bien pesadas,
135 582 693 617 ¡qué horas tan desgraciadas!
129 631 589 668 y qué poco á poco dan.
174 678 614 715 Señora, bien cierto es
129 725 647 762 que la noche paso en vela
135 774 549 811 en contínua centinela
132 822 609 861 solo por verte á las diez;
131 869 622 910 á las once pienso que es
128 919 584 958 bien pagada mi aficion,
131 967 563 1006 y cuando las doce son
127 1018 554 1053 te busco determinado
136 1066 611 1103 para que dés de contado
136 1117 522 1152 dlivio á mi corazon.
378 1211 582 1251 TROVO I.
175 1309 627 1348 Para formase la frula
133 1361 547 1397 nace primero la flor;
129 1408 692 1444 la que de pequeña es chusca
129 1457 623 1497 ¿qué será cuando mayor?
179 1553 716 1590 La doncella que está enjuta
128 1599 646 1642 y quiere apagar su fuego,
130 1650 610 1689 se convierte en disoluta,
135 1699 680 1736 que todo árbol quiere riego
128 1748 588 1786 para formarse la fruta.
181 1798 667 1834 No puede entrar en calor
128 1844 575 1885 sin tener parte fogosa,
128 1894 607 1933 es tan ardiente el amor,
133 1943 652 1981 que hasta para nacer rosa
138 1992 542 2028 nace primero la flor.
187 2041 730 2078 Armo entre mí una disputa,
135 2087 566 2128 y no doy con la razon,
139 2138 716 2175 ¿en qué pende el no dar fruta
140 2187 540 2223 recibiendo la sazon,
135 2236 704 2272 la que de pequeña es chusca?
181 2285 739 2322 La que á humedecer su flor
138 2334 612 2370 desde joven se despeña,
1414 217 1454 262 3
861 286 1434 323 dice un sabio en su interior;
864 333 1328 371 siendo esto de pequeña
860 381 1351 426 ¿qué será cuando mayor?
1095 474 1314 518 TROVO II.
908 556 1409 592 Tengo mi amor vepartido
864 605 1380 643 entre tres ó cuatro dumas;
860 654 1354 691 yo me divierto con todas
864 704 1405 739 y ellas conmigo se engañan
912 798 1389 835 Hago como qué soy fino
861 851 1335 883 y me manifiesto franeo,
866 897 1270 933 á todas las doy oido;
867 947 1328 982 pero para danlas chaseo
867 995 1370 1032 tengo mi amor repartido.
919 1043 1539 1078 Yo me enciendo en vivas llamas
865 1092 1308 1128 de un ardiente frenesí,
861 1142 1482 1178 soy como un tronco sin ramas,
869 1190 1301 1226 y no me sujetan á mí
861 1239 1382 1275 entre tres o cuatro dumas.
907 1288 1331 1322 Dejaré correr la bola
868 1337 1307 1373 porque al fin vendrá á parar,
859 1385 1321 1422 y aunque me entiendan la moda
865 1434 1266 1469 á mí poco se me dá
859 1482 1353 1519 yo me diviertoscon todas.
904 1531 1383 1567 Por cualquier parte que vaya
869 1580 1380 1617 tropiezo con unas y ótras,
871 1628 1388 1667 puede ser de que yo caiga,
870 1676 1308 1714 pero pobrecitas tontas,
864 1727 1422 1763 y ellas conmigo se engañan.
1081 1819 1323 1860 TROVO III.
907 1892 1416 1930 El hombre para ser bueno
868 1942 1358 1980 debe tener tres,partidas,
868 1990 1395 2029 hablar bien y obrar mejor,
865 2037 1370 2077 y no alabarse en su vida.
912 2135 1458 2175 No ha de codiciar lo ajeno,
865 2185 1432 2222 ni el sesto ha de quebrantar,
861 2232 1382 2270 ni el sétimo ni el noveno;
864 2282 1307 2319 al prógimo debe amar
865 2330 1381 2369 el hombre para ser bueno.
