1761 2440
232 190 268 225 2
143 238 609 274 que por la misma razon
137 287 617 323 para astuto un alguacil.
195 333 580 370 Un padecer infinito
139 383 731 421 tiene el hombre en su mujer;
140 430 626 466 si este se llega á encoger
139 480 630 515 al punto lo hace cabrito:
146 528 696 565 tan mañso está el pobrecito,
140 576 788 616 que aun el hablar no le es dado,
144 624 626 663 cavilando el desdichado,
142 673 588 711 entre esperar y gemir,
133 721 622 757 de aquí sale aquel decir
136 770 644 807 para paciencia un casado.
189 867 702 905 En dándome de almorzar,
144 914 591 955 de comer al medio dia,
140 964 582 1005 y de cenar á la noche,
135 1014 625 1051 me atrevo á pasar el dia.
192 1107 630 1147 Si acaso alguna mujer
146 1158 650 1196 pretende que yo la quiera,
144 1206 630 1246 toda una semana entera
140 1254 700 1295 me ha de dar bien de comer,
139 1304 578 1343 y tambien para beber,
139 1353 512 1390 dinero para gastar,
142 1401 668 1439 con amor me ha de tratar,
133 1450 729 1489 y no me ha de armar quimera
139 1498 605 1534 y dejaré que me quiera
139 1547 646 1583 en dándome de almorzar.
180 1595 662 1634 Me ha de calzar y vestir
142 1644 608 1683 de una ropita muy fina,
136 1692 670 1733 buen capon, buena gallina,
138 1741 618 1778 buen catre para dormir:
140 1790 670 1828 tambien me ha de preferir
146 1839 524 1877 una gran botillería,
144 1888 574 1924 de licor buena bebida
144 1936 588 1975 para podeí yo brindar;
146 1984 653 2021 tambien me tiene que dar
141 2033 602 2070 de comer al medio dia.
195 2081 675 2119 Un paje me ha de buscar
146 2131 722 2169 que venga siempre á mi lado.
145 2178 636 2215 que me sirva con agrado
137 2228 641 2267 lo que yo quiera mandar:
136 2278 570 2316 cuando vaya á pasear
869 235 1457 273 me ha de llevar en birlocho
872 285 1380 322 en un caballo ó en coche,
864 334 1330 372 á la comedia y al baile,
866 382 1394 419 buen refresco por la tarde,
871 432 1355 467 y de cenar por la noche.
914 479 1516 519 Me ha de tener en sus brazos,
872 528 1412 565 me ha de cantar jah bonito!
872 575 1287 611 Con todo su requisito
867 624 1380 662 me dormiré en su regazo,
872 676 1334 712 y sin ningun embarazo,
872 723 1386 765 con gran placer y alegria,
868 771 1316 808 diciéndome, vida mia,
870 819 1400 856 tú eres mi dueño adorado,
871 868 1399 902 y en cumpliendo lo tratado
872 916 1366 952 me atrevo á pasar el. dia.
927 1014 1423 1051 Qué largas las horas son
880 1063 1312 1100 en el reloj de mi afan,
871 1112 1308 1149 y qué poco á poco dan
870 1161 1268 1196 dlivio á mi corazon,
914 1256 1466 1295 Para mí no hay sol ni luna,
868 1304 1314 1344 noche, mañana ni dia,
866 1354 1378 1393 pensando en tí, vida mia,
882 1403 1356 1439 persiguiendo mi fortuna;
880 1451 1412 1490 pienso á las dos y á la una,
880 1500 1356 1538 pongo en tí sola aficion,
874 1548 1314 1585 te entrego mi corazon,
872 1595 1375 1637 á las tres busco la suerte,
876 1645 1274 1682 vida mia, para verte;
877 1695 1369 1731 qué largas las horas son.
924 1742 1458 1781 Con tanto amor te idolatro,
867 1794 1320 1829 y con tal fé te venero,
872 1841 1421 1877 las tres potencias te entrego
874 1888 1376 1927 á las cinco y á las cuatro;
870 1938 1326 1973 los sentidos con recato
872 1986 1328 2026 mis cariños en tí están,
867 2034 1288 2071 y las seis ya llegarán
872 2083 1410 2120 solo por ver tu hermosura,
876 2132 1412 2169 porque no hay hora segura
873 2182 1294 2219 en el reloy de mi afan.
918 2230 1502 2270 No hay rigor que me sujete,
869 2282 1411 2318 pensando en tí me desvelo,
