1752 2480
224 198 244 238 4
174 248 658 285 Estas prudentes medidas
124 296 658 333 que el hombre debe tomar,
128 344 634 382 son por Dios establecidas;
119 392 538 430 si las ha de observar
117 442 606 479 debe tener tres partidas.
169 492 636 529 La prudencia y el valor
117 539 590 576 regularán sus acciones,
122 588 602 624 la honradez y pundonor;
119 635 673 672 á mas de estas perfecciones
130 685 653 721 hablar bien y obrar mejor.
163 732 628 770 La inocencia protegida
128 780 614 820 por el hombre debe ser,
125 830 542 868 la pobreza socorrida,
125 878 525 915 oculto si puede ser,
118 927 630 966 y no alabarse en su vida.
343 1020 582 1062 TROVO IV.
165 1122 639 1158 El corazon tengo triste,
121 1169 723 1209 porque siempre estoy pensando
126 1219 669 1257 que otro ha de coger la flor
125 1269 603 1305 del jardin de mi regalo.
172 1364 789 1402 A mí no hay quien me conquiste
115 1413 665 1452 ni me ponga en bien estar,
121 1462 747 1499 soy como un leon que embiste:
124 1509 640 1549 de que me pongo á pensar
124 1560 584 1597 el corazon tengo triste.
172 1608 716 1645 Mi alma se halla pensando,
121 1657 630 1693 y siempre de noche y dia
132 1706 590 1744 mi corazon suspirando;
129 1755 594 1791 conmigo no hay alegria
119 1803 724 1841 porque siempre estoy pensado.
162 1852 682 1888 No encuentro cosa mejor
130 1900 722 1937 que es amar á tu hermosura,
127 1952 567 1990 y te adoro con fervor,
849 244 1331 282 pero estoy en amargura
849 295 1307 332 que otro ha de cojer la
904 343 1518 379 Yo siempre estoy maquinando,
847 390 1301 431 y si la ocasion llegára,
858 439 1344 477 muerte le diera al tirano,
857 489 1311 523 si así la flor maltratára
857 535 1314 572 del jardin de mi regalo.
1077 626 1298 669 TROVO V.
893 729 1413 766 Por tu flor bella madama
856 778 1308 815 solo en tu jardin entré,
856 827 1354 862 no pude alcanzar el árbol,
849 874 1212 915 la fruta si la caté.
841 974 1309 1016 El dinero me gastaba
860 1025 1226 1060 con cosillas para tí,
860 1073 1294 1109 á mí, poco se me daba,
851 1121 1287 1156 que lo hacia con el fin
849 1168 1347 1205 por tu flor bellamadama.
907 1216 1392 1252 Yo muy bien lo esplicaré
849 1265 1398 1302 á los que escuchando están,
848 1314 1188 1351 á solas te lo diré,
851 1364 1335 1400 que por la fruta de Adán
856 1412 1304 1446 solo en ta jardin entré.
904 1458 1432 1500 Yo no desciendo de idalgo,
851 1508 1344 1547 soy el segundo Afavonio,
847 1557 1249 1594 mira se ti digo algo,
857 1606 1377 1645 que por culpa del demonio
852 1654 1367 1692 no pude alcanzar el árbol.
907 1703 1338 1738 Es cierto me enamoré
850 1750 1284 1790 resalada, prenda mia,
860 1801 1323 1839 de lo que intenté logré,
855 1851 1340 1886 lo logré con alma y vida,
851 1900 1219 1939 la frula si la caté:
720 2100 950 2142 FIN.
627 2238 1016 2278 CARMONA.—1864.
146 2289 1513 2331 Imprenta y lib. de D. José M.a Moreno, calle Madre de Dios núm. 1.
