1737 2508
821 1587 1396 1637 TOMA DE SEVILLA.
633 1811 1452 1847 SEGUNDA PARTE.
337 1948 819 1983 Ya que al discreto lector
263 1996 763 2033 dige en la parte primera,
264 2044 894 2082 que el Santo Rey don Fernando
266 2094 788 2130 tomó la Ciudad por fuerza,
259 2142 849 2178 ahora digo, que el Rey Santo
261 2188 858 2226 (segun las historias cuentan,
260 2239 668 2275 llevado de su fervor,
988 1949 1593 1995 mandó fabricar diversas
987 1996 1439 2033 Imágenes de la Virgen
989 2048 1567 2081 por ver sí alguna de aquellas
981 2093 1440 2129 se parece á la que vió
987 2139 1587 2181 y habló, porque las potencias,
988 2189 1408 2226 alma, corazon y vida,
987 2238 1480 2277 le robó con su luz bella.
