1752 2480
260 215 312 277 8
177 280 767 325 que á sus queridas las Mónjas
173 330 733 373 de San Clemente les dieran,
171 377 751 421 las cuales dos prendas dieron
171 429 609 470 las Religiosas atentas
171 477 632 518 al muy llustre Cabildo
183 528 625 566 de la Catedral Iglesia,
174 575 703 615 quien con gran estimacion
177 625 665 663 las aprecia y las venera.
177 673 684 712 Hechas estas particiones,
172 721 672 760 lo llamó Dios á la eterna
178 770 684 807 morada, porque descanse
175 801 800 857 de las pasadas tormentas
180 852 796 910 que en defensa de la Fé
177 916 720 956 y ecsaltacion de la Iglesia
181 963 660 1004 trabajó incesantemente,
179 1012 696 1052 hasta poner sus Vanderas
183 1059 642 1099 en la muy Noble y Leal
176 1107 686 1148 Ciudad de Sevilla escelsa.
183 1156 653 1196 Postróle una calentura,
186 1206 700 1246 que le dió de tal manera,
185 1255 682 1295 que luego al punto pidió,
186 1305 687 1344 que sin dilacion trageran
185 1353 615 1390 el Divino Sacramento
189 1403 768 1442 porque quiere con tal prenda
187 1451 579 1488 asegurar su partida
184 1499 652 1535 á la Gloria sempiterna..
185 1546 684 1585 Vino, pues, su Magestad,
185 1595 671 1637 y con grande reverencia
180 1644 733 1683 se arrojó de su Real lecho,
197 1690 688 1730 y arrodillado en la tierra
184 1740 746 1780 recibió aquel Pan de Gracia;
191 1788 699 1836 y porque sus ojos vieran
898 271 1357 313 como deben venerarse
896 323 1393 359 al Rey de Cielo y tierra,
900 367 1466 407 y asi: cantando el TE DEUM,
900 415 1504 456 á Dios su alma le entrega.
903 467 1484 504 Yasmurió nuestro Rey Santo,
909 514 1431 553 y en su testamento ordena
908 562 1530 605 que á las plantas de la Virgen
899 611 1400 653 su difunto Cuerpo fuera
902 661 1379 701 depositado, y la Espada
900 710 1389 751 en gran estima tuvieran
905 758 1468 797 pues con ella, por la ayuda
910 802 1545 847 de la Magestad Suprema
903 848 1551 894 le dió triunfos á la Fé
908 903 1432 941 engrandeciendo su Iglesia.
904 953 1515 991 En memoria de estos triunfos,
910 998 1554 1040 todos los años se esmeran
905 1050 1405 1087 los dos llustres Cabildos,
916 1098 1478 1137 tanto la estiman y aprecian,
916 1146 1385 1185 en sacarla en procesion
905 1195 1379 1233 al rededor de la Iglesia
904 1243 1520 1282 á veinte y tres de Noviembre,
914 1292 1454 1331 con su piausible asistencia,
915 1342 1425 1381 que es dia en que se ganó
907 1389 1460 1428 esta Ciudad siempre Regia,
909 1436 1344 1477 saliendo de la Capilla
907 1486 1436 1524 de esta Celestial Princesa.
919 1534 1414 1572 Y aqui el poéta rendido
904 1584 1458 1621 confiesa, que es mal poéta,
917 1632 1345 1672 y al auditorio suplica,
917 1681 1469 1722 que tendrá á grande fineza,
923 1729 1479 1769 que le perdonen sus yerros,
918 1778 1373 1819 que afectuoso lo desea.
783 1984 1013 2141 FIN.
209 2351 1603 2408 CARMONA=186O. Jep.de D. José Maria Moreno, calle de Madre deDios.
