1737 2508
187 335 608 374 la comida que mandó
184 384 754 423 se les pusiese, y que entera,
187 435 698 470 conforme alli la pusieron
192 482 639 519 asimismo se conserva.
193 530 695 569 Entró mas adentro, y vió
185 578 638 620 á la Celestial Princesa,
186 626 687 667 á la que es de pecadores
185 677 625 715 Abogada y Medianera
195 722 647 765 á la impecable MARIA,
187 772 737 814 á la que es de Reyes Reina,
188 819 726 866 á la Virgen de los REVES,
187 866 705 911 ya en una cláusula entera
190 916 668 960 dije lo que el Santo vió.
198 966 783 1010 En verla y postrarse en tierra
184 1016 766 1060 no hubo distancia de tiempo,
193 1065 774 1108 pues fue tal la complasencia,
185 1114 751 1154 que al ver la Divina Imagen
196 1162 651 1203 tuvo, que toda la tierra
190 1212 747 1252 no era bastante á templarle
195 1260 695 1301 el fervor que le enagena,
195 1309 670 1347 viendo habia consegido
186 1356 670 1398 lo que tenia en su idea.
187 1404 656 1446 Los júbilos, la alegria,
184 1454 660 1492 las innumerables fiestas
195 1503 875 1542 que á esta Imagen se le hicieron
196 1550 617 1589 es imposible traerlas
189 1597 680 1640 á la memoria, pues que
188 1649 682 1685 en cualesquiera refriegas
196 1698 724 1739 de batallas y reencuentros,
193 1745 839 1789 que con los Moros tuviera,
195 1796 637 1832 entraba con tal fervor,
189 1840 748 1884 y todos los suyos, que eran
195 1890 701 1929 tan devotos, tan amantes
189 1939 708 1978 de esa Celestial Princesa,
187 1988 686 2027 sin temor se abalanzaban
187 2035 615 2075 á las furias Agarenas
195 2084 753 2122 quedando siempre triunfante
185 2131 751 2173 solo nombrando por prenda
189 2180 653 2219 de su mayor patrocinio
187 2229 732 2270 á la que es del Cielo Reina,
193 2276 734 2319 Virgen Santa de los Reyes.
184 2326 750 2368 Pues consta por cosa cierta,
193 2375 655 2413 que desde su aparacion
179 2424 871 2469 fueron perdiendo las fuerzas
1450 298 1460 332 7
909 343 1441 381 los Moros, rindiendo todos
911 392 1434 431 las cervices de por fuerza.
909 439 1401 480 Bien claro se vé la toma
910 487 1448 529 de Sevilla pues demuestra
911 535 1378 575 ser un patente milagro
918 584 1482 625 haberse heclo dueño de ella
907 633 1410 673 San Fernando pues tenia
917 681 1456 721 dentro de la Ciudad mesma
928 730 1402 769 de gente muy escogida)
919 780 1456 819 el Rey Moro mas de treinta
920 828 1488 868 mil Moros de armas, y el Rey
912 878 1441 917 San Fernando solo cuenta
908 928 1580 965 nueve mil, con dos mil hombres,
920 974 1414 1016 que Garciperez gobierna,
915 1021 1438 1066 debiendole todo el triunfo,
912 1071 1409 1113 á la proteccion suprema
911 1120 1420 1161 de la Virgen de los Reyes
916 1167 1586 1208 que es por quien los Reyes rainan.
919 1218 1468 1257 Hizo el Santo Rey Fernando
917 1267 1419 1306 repartimiento do aquellas
918 1315 1435 1357 prendas de su estimacion.
917 1363 1324 1404 A la Catedral Iglesia,
915 1411 1438 1455 en todo grande, é insigne,
920 1458 1436 1504 dejó nuestra Imagen bella
922 1508 1399 1550 de los Reyes con intento
919 1557 1409 1597 de que falleciendo fuera
924 1606 1424 1648 depositaria de su cuerpo.
923 1655 1473 1698 Otra Imagen que le hicieran
918 1702 1461 1758 cuando mandó fabricar
916 1755 1378 1793 la que tenia en su idea,
921 1799 1454 1843 y dijo, que entre dos aguas
915 1847 1378 1892 estaba si era la mesma,
917 1896 1400 1941 esta dió á San Salvador,
920 1946 1458 1990 que en su templo se venera
920 1994 1384 2038 con titulo de las Aguas,
915 2044 1482 2088 que el Rey Santo se le diera.
907 2091 1349 2131 Otra Imagen las donó
920 2140 1385 2182 con amorosa franqueza
916 2188 1436 2232 á los maestros de Sastres,
915 2235 1555 2281 y un Pendon, cuyas dos prendas
913 2286 1474 2328 las tienen en mucha estima,
911 2332 1540 2381 y en S. Francisco se encierran.
909 2384 1453 2429 La Espada y el Estandarte,
904 2433 1445 2479 con el Crucifijo ordena
