1765 2512
280 174 294 208 6
182 222 586 267 Y yo para describir,
181 271 620 315 alta y Divina Princesa,
179 318 644 362 vuestro origen necesito
173 366 629 410 de esa luz una centella
178 419 686 462 para que pueda alabaros,
184 466 732 506 que si no es de esa manera,
184 510 544 551 es muy dificil salir
175 559 732 607 felizmente de esta empresa;
173 611 639 648 mas con esta confianza
174 657 651 701 prosigo de esta menera:
172 705 616 750 Llevaron al Santo Rey
172 754 587 795 los Artifices diversas
178 802 762 846 hechuras que habia mándado
176 851 656 894 fabricar por ver la idea,
180 900 742 945 que en si tenia el Rey Sanfo,
180 948 682 992 mas ninguna le contenta,
171 995 704 1042 aunque no las despreciaba,
165 1044 703 1089 pues se quedaba con ellas.
180 1092 675 1139 Confuso quedaba el Rey.
176 1140 718 1186 viendo que ninguno acierta
168 1190 622 1231 á satistacer las ansias
172 1238 610 1280 que su corazon anela.
174 1286 618 1330 Con esta imaginacion,
175 1337 754 1383 con esta angustia, esta pena,
174 1384 754 1431 se hallaba nuestro Fernando,
179 1433 707 1477 cuando la alta providencia
171 1481 662 1524 de nuestro Dios y Señor
172 1530 730 1574 dispuso que en tantas penas
171 1577 682 1624 tuviese especial consuelo,
171 1628 629 1665 y consuelo tal que deja
170 1677 704 1718 sus sentidos muy absortos,
175 1722 668 1765 y fué de aquesta manera.
167 1770 667 1813 Estando el Rey sosegado
181 1819 728 1864 dentro de su misma tienda,
170 1868 717 1909 entró un Soldado y le dijo:
168 1916 714 1957 Señor, á la puerta quedan
172 1964 754 2008 dos mancebos que pretenden
180 2011 714 2057 el hablar á Vuestra Alteza.
168 2061 654 2107 Mandolos entrar el Rey,
172 2112 700 2152 y puestos en su presencia,
170 2158 616 2198 se quedó maravillado,
176 2204 666 2247 y tanto que enmudeciera
175 2251 710 2303 viendo en ellos tal primor,
176 2302 676 2350 tal garvo y tal gentileza,
904 233 1431 271 que no acertaba á decirles
904 281 1440 319 qué querian, ó quien eran.
908 327 1338 367 Ellos le dicen: Señor,
901 375 1392 415 sabemos por cosa cierta,
908 422 1436 462 que vuestra Real Magestad
896 471 1478 514 ha hecho muchas diligencias
901 521 1358 563 para que le fabricasen
907 568 1434 614 una Imágen de la Inmensa
910 616 1348 659 María llena de gracia,
902 667 1424 710 y viendo que nadie acierta
908 715 1334 758 á daros entero gusto,
900 762 1362 807 como teneis en la idea,
898 813 1384 857 nosotros nos obligamos,
899 860 1418 903 que veais por esperiencia
900 908 1422 954 practicar lo que pretende,
895 956 1371 996 y desea Vuestra Alteza.
904 1004 1414 1044 Mande que para tres dias
908 1052 1399 1095 la comida nos prevengan
904 1103 1374 1144 para los dos solamente,
901 1150 1402 1192 y que ninguno se atrava
892 1196 1480 1245 á entrar en donde estarémos,
904 1244 1454 1292 ni aun vos hasta que se vea
901 1293 1266 1336 la obra finalizada.
900 1342 1553 1389 Mandó el Rey, que en una pieza
903 1393 1438 1436 los encerracen, y él propio
899 1441 1477 1486 por su mano echó á la puerta
898 1487 1410 1534 un cerrojo y con su llave,
897 1537 1430 1582 la guardó, hasta que fuera
898 1586 1416 1630 ocasion de que se abriese.
908 1633 1378 1676 Con una santa paciencia
914 1681 1436 1729 estuvo el Rey los tres dias,
908 1729 1422 1775 deseando que á la puerta
908 1779 1450 1826 Pamasen los dos Mancebos,
910 1826 1482 1873 para que el Rey les abriera.
896 1873 1454 1920 No pudo aguardar el Santo,
908 1922 1448 1969 porque el corazon le flecha
906 1970 1262 2015 el deseo de saber
896 2018 1484 2067 si han salido con su empresa.
903 2067 1426 2116 Abrió la puerta Fernando,
898 2115 1365 2159 introdujose en la pieza
893 2164 1400 2215 donde dejó los Mancebos,
906 2215 1394 2261 pero no los halló en ella,
902 2262 1442 2313 de lo cual quedó admirado
896 2316 1384 2357 y mas viendo manifiesta
