1765 2512
237 178 720 246 Ya se acabaron los gustos,
235 226 679 282 los regalos, los vestidos,
233 270 687 328 aquellas cadenas de oro;
228 317 677 370 joyas, perlas y cintillos
238 365 674 418 Ya se acabó el ir á casa
235 403 713 464 las fiestas y los domingos:
233 447 680 502 en aquesto te ocupabas,
229 484 736 553 echando siempre en olvido
233 532 697 593 las misas y los sermones;
238 578 696 634 por no querer ir á oirlos.
234 626 679 679 Y pues ya llegó la hora
238 663 694 727 de tu guerra y el fin mio,
234 709 700 772 tu seras de Dios juzgada,
232 756 718 819 y yo en tierra sumergido.
229 795 661 855 ¡Oh tirano compañero!
234 845 707 898 respondió dando gemidos
229 887 736 947 el alma diciendo al cuerpo:
236 925 781 986 pues sabiendo que tú has sido
239 973 690 1033 el autor de mis engaños,
233 1016 682 1075 la causa de mis delirios,
237 1061 633 1119 ¿ahora me eres cruel,
234 1105 736 1170 tirano, adverso y maligno?
232 1150 717 1213 Sabiendo que por tu boca
231 1191 670 1253 demasiado he comido,
240 1239 746 1300 que mentí tambien con ella,
234 1282 656 1340 y que oí por tus oidos,
233 1322 700 1390 que vide con tus dos ojos
245 1367 637 1429 para perdimiento mio
239 1409 762 1484 muchas cosas, que á mí mas
235 1462 723 1519 me valiera no haber visto,
233 1500 723 1560 y que tomé con tus manos
241 1544 646 1604 por un infame apetito
232 1583 710 1652 muchas cosas asquerosas;
237 1634 782 1696 y que yo con tus pies mismos
235 1676 718 1736 anduve muy malos pasos,
239 1717 722 1784 que me fueron prohibidos.
236 1767 707 1829 Siempre tuviste de sobra
235 1813 734 1869 los manjares mas crecidos,
232 1857 723 1915 y cuando triste te hallaba,
239 1894 666 1953 con cánticos delectivos
239 1939 694 2006 yo procurára, alegrarte,
241 1983 612 2042 y tu desagradecido,
235 2025 723 2093 mientras mas te deleitaba,
244 2074 726 2142 te mostrabas mas esquivo.
241 2113 689 2180 Pues no tienes tú razon
241 2155 688 2227 de ser ingrato conmigo,
238 2203 680 2268 ni de pagarme tan mal,
235 2245 690 2319 habiéndote bien servido.
898 138 946 196 2
934 174 1492 247 Respondió el cuerpo diciendo:
939 233 1369 293 esos manjares crecidos
943 276 1330 337 el haberlos empleado
939 321 1421 381 mejor fuera en el mendigo
943 364 1455 421 cuanto á tus puertas llegaba
943 407 1403 468 dando golpes, desvalido:
943 451 1381 514 entonces te desnudabas
943 494 1356 554 de voluntad el vestido
941 538 1384 605 de aquella gracia divina,
936 585 1351 637 y con cánticos inícuos
941 628 1396 689 procurabas grangearme,
947 672 1488 732 y ahora infamas con tu dicho,
940 712 1441 777 que yo fuí quien te engañé
940 755 1535 831 y no hay tal, que tú has querido
943 806 1379 868 engañarte por tí propia,
935 844 1426 911 que yo soy, seré y he sido
940 889 1503 944 tierra, y donde me has llevado
941 938 1444 996 por allí siempre me he ido.
943 978 1386 1042 Si tú hubieras ayunado,
937 1023 1460 1089 yo hubiera hecho lo mismo;
946 1068 1413 1127 y si al desierto te fueras,
943 1111 1454 1178 tambien te hubiera seguido,
943 1158 1395 1231 y si hicieras penitencia,
942 1198 1365 1268 yo sufriera los silicios.
951 1247 1390 1321 Y pues hacer no quisiste
947 1289 1312 1354 nada de lo referido,
948 1331 1347 1398 solo llevarás la carga,
950 1368 1445 1439 pues tú sola la has querido.
940 1423 1477 1500 Muy triste y turbada el alma,
944 1463 1418 1528 dijo con tiernos suspiros:
951 1512 1425 1573 ¡Ay cuerpo! tú me tapaste
943 1549 1466 1621 los bienes del cielo empíreo,
951 1593 1406 1661 y del suelo me ensenaste
950 1636 1453 1712 los mas horrendos caminos;
943 1685 1371 1749 mas yo te comparo á tí
942 1707 1432 1797 al estiércol, que encendido
943 1773 1414 1836 se quema sin hacer llama,
944 1817 1467 1887 porque la oculta en sí mismo.
949 1859 1355 1918 Pero si yo barruntara
953 1903 1378 1969 de tu fuego lo escesivo
946 1952 1382 2014 vo procurara apagarle,
951 1982 1375 2062 haciendo mis ojos rios.
951 2036 1478 2112 Grande pena es la que siento
943 2082 1417 2145 en ver cercano el fin mio;
946 2121 1377 2191 mas si yo vivir pudiera
949 2169 1327 2234 acompañada contigo
954 2219 1353 2277 un ano tan solamente,
951 2251 1398 2332 llorára todos mis vicios.
