1765 2512
179 223 619 298 No tengo santo ni santa
179 259 762 336 á quien nombrar por padrinos;
182 318 675 379 mas vos, Virgen soberana
179 362 633 424 del buen Suceso, confio
179 407 636 462 me habeis de favorecer:
187 445 679 505 bien sabeis que con cariño
187 494 625 556 yo rezé vuestra corona,
191 532 689 602 trayendo siempre conmigo
190 584 653 637 los sagrados Evangelios,
181 628 559 701 y retrato peregrino
186 665 596 721 de Cristo crucificado,
192 701 695 775 y el vuestro para mi alivio.
194 760 542 819 Sacratísima María,
191 794 728 867 ya tiempo que á vuestro Hijo
191 841 725 912 rogueis por mí, gran señora,
196 888 645 952 use de piedad conmigo,
190 928 671 993 para que no me condene;
195 978 634 1041 un año de vida os pido,
203 1009 698 1078 que por vos me lo conceda
200 1063 628 1128 para llorar mis delitos.
193 1110 639 1169 Aquella Virgen sagrada
199 1152 637 1211 habló con Jesus divino,
194 1188 660 1258 diciendo: Padre y señor,
202 1242 625 1307 amado y querido Hijo,
204 1287 572 1348 el ánima pecadora,
202 1322 672 1380 Señor, de mí se ha valido
201 1378 687 1434 y yo tengo de ampararla,
202 1413 708 1473 porque mi devota ha sido.
213 1461 723 1522 Que no vaya á los infiernos,
209 1506 738 1554 es, Señor, lo que os suplico.
201 1544 749 1604 Respondió Cristo á la Vírgen,
203 1587 699 1647 bastante tiempo ha tenido
203 1634 674 1700 para poder enmendarse,
209 1679 684 1741 y pues ella no ha querido
203 1726 606 1784 sino apartarse de mi,
204 1771 683 1834 yo no la quiero conmigo,
220 1807 660 1882 que los tesoros del cielo
870 177 902 223 4
885 201 1355 283 los quiero para mis hijos,
892 256 1331 316 aquellos que fervorosos
891 294 1345 366 y leales me han servido;
894 348 1393 414 pues los temporales bienes
900 387 1408 445 con los pobres han partido.
896 439 1360 497 La vida y salud sobrada,
898 484 1358 536 tuvo caudales muy ricos,
895 520 1387 581 porque jamás dió limosna,
900 562 1377 629 ni penitencia hacer quiso.
893 606 1394 663 Respondió la Vírgen Pura;
900 651 1291 716 dulcísimo Jesus mio,
901 687 1343 758 cese vuestro gran rigor,
897 737 1365 800 mirad que el rosario mio
891 784 1326 842 muchas veces lo rezó,
898 826 1432 888 haced, señor, lo que ospido,
905 872 1408 934 por la leche que mamásteis
904 915 1380 983 de mis pechos cristalinos,
900 959 1400 1022 que le espereis á que llore
907 1001 1425 1059 las culpas que ha cometido.
901 1055 1386 1113 Pues Madre de pecadores
903 1092 1340 1154 me apellidan, hijo mio,
902 1136 1374 1194 yo los tengo de amparar,
909 1178 1452 1241 pues me demanda mi auxilio.
912 1222 1335 1288 Bijo Jesus: Madre mia,
912 1270 1410 1336 de lo que me habeis pedido
914 1310 1402 1374 nunca os he negado nada,
912 1355 1343 1416 y ahora será lo mismo,
909 1391 1402 1459 si por vos me pide un año
915 1440 1442 1501 yo le otorgo dos cumplidos.
919 1485 1382 1551 Ea, pues, alma cristiana,
917 1532 1375 1592 goza de estos beneficios,
922 1564 1473 1633 que Dios por su madre amada
924 1615 1479 1681 ya el perdon te ha concedido.
922 1659 1399 1719 Y para que á los mortales
918 1705 1345 1770 esto les sirva de aviso,
916 1746 1363 1810 el autor muy fervoroso
918 1789 1435 1857 aqueste romance ha escrito.
849 2011 995 2107 FIN.
236 2275 1586 2365 CARAMON:—Imp. de D. José M. Moreno, Madre de Dios n. 1.
