1737 2508
1153 115 1355 196 Núm. 82.
150 701 1541 846 APARTARIENTO DEL ALMA Y DEL CUERPO.
152 923 1547 996 Relacion para contemplar en la hora de la Muerte, y considerar el gran dolor
421 977 1292 1039 que siente el alma cuando se despide del cuerpo.
677 1065 1039 1154 PRIMERA PARTE.
213 1159 628 1238 Oigan el clarin sonoro
170 1214 644 1281 que con écos compasivos
166 1259 640 1335 pretende muy fervoroso,
168 1300 573 1368 de la caridad movido,
167 1346 622 1416 despertar á los mortales
168 1380 691 1455 que están en culpa metidos,
167 1433 707 1509 sin mirar que á Dios ofenden
163 1478 643 1543 ni que van por el camino
165 1520 686 1584 muy cierto por su despeño;
174 1569 641 1630 por lo cual yo les suplico
171 1608 675 1670 que procuren enmendarse,
175 1657 636 1718 despertando los sentidos,
176 1694 674 1763 porque amenuda la muerte
182 1740 631 1798 viene cortando los hilos
175 1784 609 1848 vitales con su guadaña.
178 1823 676 1889 Bien sabeis que Jesucristo,
179 1884 639 1935 es tan recto y justiciero,
180 1920 647 1981 como piadoso y benigno,
178 1960 602 2026 y que nos ha de pedir
182 2002 711 2075 cuenta estrecha, esto es fijo,
178 2050 655 2116 y tan presto ha de llamar
175 2090 630 2155 al anciano como al niño.
175 2140 640 2198 Ante Dios seremos todos
188 2168 681 2244 iguales, porque alli el rico
192 2219 738 2303 no le ha de valer la hacienda,
177 2280 625 2348 á pontifices y á obispos
864 1148 1280 1227 las tiaras ni las mitras
867 1191 1430 1259 que en el mundo han poseido,
869 1246 1334 1303 ni á los reyes las coronas
874 1289 1328 1352 de esmeraldas y zafiros,
875 1336 1303 1402 porque allí solo valdrá
871 1371 1326 1441 el haber á Dios servido.
876 1415 1347 1487 Y pues con écos tan altos
873 1467 1345 1533 nos está llamando Cristo,
874 1508 1367 1576 noten todos los cristianos,
877 1537 1439 1616 los que hoy se hallaren vivos,
875 1599 1258 1662 el dolor intolerable,
874 1631 1304 1707 los sollozos y suspiros
880 1673 1471 1742 que siente en sí el alma, cuando
884 1728 1343 1796 al partir de aqueste siglo
874 1769 1360 1840 se despide de su cuerpo,
891 1803 1422 1882 pues tiemblo yo al referirlo,
878 1867 1401 1922 oirán lo que dice el cuerpo,
884 1909 1377 1972 disculpándose á sí mismo.
878 1945 1390 2003 Despierta, alma, despierta,
877 1993 1379 2051 harta de mundanos vicios,
888 2036 1325 2100 que ha llegado la hora
891 2076 1463 2149 postrimera en que hemos visto
881 2125 1356 2192 á la parca, que pretende
878 2170 1264 2234 con el acercado filo
888 2208 1289 2276 de su guadaña, cortar
879 2248 1397 2324 hoy de nuestra vida el hilo.
