1737 2508
1368 97 1378 247 3
106 244 551 287 Vamos ahora á los novios
106 292 569 335 que ya quedaron casados:
100 339 618 384 hé aquí por fin que ya llega
104 392 491 433 á la niña el embarazo
104 439 548 481 de un hijo que será suyo
110 487 560 531 ó nó, que está mas abajo;
108 537 565 579 y si mientras no dá á luz
112 587 557 628 piensa tan solo en fulano,
107 634 533 678 y aborrece á su marido,
110 682 643 725 que eso es lo mas cuotidiano,
107 730 599 774 nadita que un hombre hace
115 780 537 822 es de su gusto y agrado;
115 830 521 871 á ella se le antoja todo
110 873 677 920 aunque sepa no hay un cuarto:
117 928 537 968 se le antoja mantequita,
117 974 599 1018 chocolate, el huevo asado,
124 1023 673 1067 pan francés cuando no es rosca,
119 1076 547 1120 y por la noche guisado;
120 1123 631 1165 siempre le hace mal la cena,
119 1172 510 1215 y sobre todos trabajos
120 1220 596 1263 no quiere dormir con uno:
118 1270 560 1309 á esto digo, que me cago
120 1319 464 1357 en las mugeres así;
126 1365 599 1407 caramba, que no me caso.
180 1414 557 1454 Vamos á la canastilla
129 1463 633 1504 que ya se me iba olvidando;
126 1513 553 1553 una porcion de pañales,
123 1562 555 1602 metidillos tres ó cuatro;
130 1610 537 1651 lo menos doce camisas,
127 1658 616 1701 pañitos de ombligo, varios,
131 1710 451 1748 una faja superior,
132 1757 529 1797 gorrito de cristianarlo,
129 1803 540 1847 y luego otros dos ó tres
129 1853 600 1894 y que no sean muy malos,
126 1901 552 1942 mantillas finas y bastas
135 1951 507 1991 de pajizo y colorado,
132 2000 558 2038 tres ó cuatro babaderos,
131 2049 556 2088 una cruz, un relicario,
143 2097 577 2137 para que no le haga mal
143 2147 581 2186 al niño ó se ponga malo,
135 2195 591 2241 y todo se ha de comprar,
813 231 1267 272 pues nada viene volando:
809 280 1284 319 el que no tiene dinero.....
811 328 1285 370 caramba, que no me caso.
852 374 1283 415 Pues antes de todo esto
814 424 1232 466 llega la hora del parto:
826 474 1261 515 empieza con los dolores:
827 523 1305 564 jay que me muero, fulano!
831 571 1265 611 vé al instante á la botica,
824 621 1258 661 la comadre, el cirujano,
819 670 1231 709 el vino blanco, la miel,
836 718 1253 758 para ir al niño lavando,
832 766 1287 807 sale mi hombre á la calle
828 814 1302 855 muy triste y desconsolado,
829 864 1262 903 ve por fin á la comadre,
832 913 1222 952 y le dice con trabajo:
833 958 1384 1000 venga usted pronto, corriendo,
838 1009 1332 1050 que está mi muger de parto;
833 1059 1315 1099 la comadre llega al punto,
834 1105 1304 1149 la pulsa y le dice al cabo:
840 1156 1369 1197 de parto está usted, es cierto,
840 1205 1281 1248 y ya va llegando el paso:
841 1253 1353 1295 ¡ay comadre que me muero!
844 1302 1276 1343 si acaso con vida escapo,
839 1352 1262 1392 ya no quiero parir mas,
841 1397 1441 1442 pues va á ser mi muerte al cabo;
838 1444 1384 1491 no volveré á ver los hombres
844 1498 1254 1539 para no sufrir tal paso;
848 1545 1303 1587 en esto dando un chillido
843 1593 1328 1635 vino á soltar un muchacho
841 1642 1273 1684 haciendo al pobre padre
852 1690 1355 1733 que cargue con él en brazos.
887 1740 1343 1780 Si es para esto el casarse,
839 1789 1313 1830 caramba, que no me caso,
847 1838 1327 1880 ¿no es mejor como yo estoy
852 1888 1203 1928 pacífico y sosegado?
854 1936 1287 1976 para comer voy de prisa,
854 1984 1259 2025 para trabajar despacio;
852 2034 1332 2073 con la chupa hago la cama,
849 2083 1283 2122 de almohada los zapatos,
850 2131 1380 2171 me echo el chaleco á los pies,
851 2183 1271 2224 y con el culo me tapo;
