1765 2512
302 227 332 261 2
203 271 661 309 se juntan todas las mozas
203 321 741 358 y arman un gran chichorreo,
212 368 758 407 que si mi novio es buen mozo,
208 418 688 455 que si es el tuyo mas feo;
201 466 719 504 cuando mi abuela, caramba,
203 517 745 554 no habia estos abucheos,
202 565 704 604 ni esta algazara que arman,
207 613 654 650 tenian las mugeres peso;
205 661 663 699 eran todas mas maduras,
208 711 726 747 hechas de carne y de hueso;
203 758 617 796 mi abuelo me lo decia
209 809 769 845 siendo yo niño, y me acuerdo;
210 857 686 895 en fin no sé que me diga,
203 904 647 946 pero si me están atentos
220 954 658 993 os contaré en un instante
219 1003 644 1041 en relacion un ejemplo;
205 1052 689 1092 me aconsejan que me case,
214 1101 685 1140 que tendré paz y sociego,
219 1149 747 1189 y tendré quien me remiende,
209 1199 741 1242 y quien me guise el puchero,
225 1247 795 1288 quien me asee, quien me barra,
211 1296 751 1340 y quien me guarde el dinero,
211 1345 691 1388 y me cuide si estoy malo,
221 1395 659 1434 y me sufra si soy necio;
220 1445 632 1480 á eso respondo que sí,
223 1493 843 1529 que está muy santo y muy bueno,
223 1540 665 1581 pero no me quiere bien
227 1588 763 1629 quien me aplica este remedio,
223 1639 725 1679 porque si bien me quisiera
228 1687 654 1725 conociera por lo menos,
233 1734 849 1776 que en los tiempos en que estamos
219 1784 779 1822 es muy feo ándar con cuernos.
221 1834 767 1870 Hé aquí que vienen los hijos,
228 1881 662 1921 pues casi se sabe cierto;
233 1931 669 1969 pero si bien lo miramos
226 1981 626 2017 antes que suceda eso,
223 2030 625 2068 lo hacen á uno oficial
227 2078 632 2116 de madera de tintero,
227 2128 637 2165 alcuza de los pastores,
235 2175 609 2213 de cucharas y saleró.
233 2226 699 2263 Caramba que no me caso,
924 264 1453 303 no quiero entrar en el gremio.
915 314 1335 351 Miremos por otra parte,
927 362 1412 400 é inconvenientes toquemos.
919 411 1372 448 Echa novia y tiene padre,
924 460 1358 497 darle parte es necesario,
923 509 1406 547 la pidió y él no es gustoso;
921 556 1354 595 aquí entran los trabajos:
929 606 1300 643 el menaje de la casa,
933 654 1354 691 eso se lo llevó el diablo;
931 705 1356 741 la novia viene sin ropa,
926 751 1432 788 que es comun en estos años
925 800 1431 839 de que los padres se enojen
932 849 1434 887 para no gastar ni un cuarto;
927 897 1411 937 y el pobre novio le compra
935 946 1383 983 todo lo que es necesario;
939 995 1369 1032 que lo compre Belcebú,
939 1043 1404 1081 caramba, que no me caso.
935 1092 1338 1130 En fin enredan á uno,
931 1141 1426 1179 se pricipian á hacer gastos;
933 1191 1440 1228 el padron, tomar los dichos,
935 1238 1463 1278 que hay que pagar al notario
941 1287 1383 1325 derechos del consistorio,
936 1336 1402 1374 los testigos y otros gastós;
931 1384 1424 1422 si el novio es del Salvador,
931 1434 1351 1473 y la novia del Sagrario,
944 1481 1359 1521 aunque no haya dinero
943 1532 1440 1569 es forzoso hacer mas gasto,
942 1580 1407 1617 y el que no tiene dinero,
943 1627 1417 1666 caramba, que no me caso.
943 1675 1403 1715 Luego se siguen las bodas
947 1724 1385 1764 y vienen los convidados:
949 1772 1418 1812 viene el padre de la novia,
946 1821 1459 1861 pues aunque quedó enojado,
947 1870 1369 1910 fué por negar á su hija
952 1921 1406 1959 el ajuar que es necesario,
947 1967 1353 2010 y como logró su gusto
945 2019 1394 2056 pronto se ha desenojado;
949 2065 1374 2106 ahora llenan la barriga
949 2115 1449 2157 padre, madre y convidados,
959 2164 1447 2205 que se la llene el demonio,
957 2214 1425 2253 caramba, que no me caso.
