1737 2508
1135 99 1331 252 Núm. 397.
437 1004 1233 1168 RELACION NUEVA
816 1097 864 1247 DE
229 1264 1483 1376 CARAMBA QUE NO ME CASO.
193 1512 635 1555 Porque no digan ustedes
152 1562 593 1604 de que soy un majadero
150 1614 528 1653 y me hago de rogar,
159 1660 660 1700 por eso salgo aquí enmedio,
160 1708 571 1749 á decir cuatro palabras
160 1758 676 1798 que yo de nada me acuerdo,
161 1807 564 1846 porque lo poco que sé
157 1854 601 1896 es tan sumamente viejo,
163 1904 613 1944 que de oirlo se disgustan
159 1954 596 1992 y no tienen sufrimiento,
159 2000 655 2043 y que yo sé que las damas
167 2050 665 2090 de aqueste presente tiempo,
162 2098 581 2140 tan solo van á la fiesta
167 2151 641 2191 para hablar con el cortejo,
867 1497 1394 1542 las que lo tienen, que otras
861 1546 1290 1590 van á tender el ansuelo
868 1596 1365 1640 por ver si alguno se enlaza;
872 1644 1333 1689 y los mozos son lo mesmo
872 1693 1337 1737 embaucados con las niñas
876 1741 1421 1785 y echando dos mil requiebros:
875 1790 1318 1835 ¡Cómo bailan seguidillas
875 1838 1367 1884 las mozas con los mozuelos!
873 1887 1359 1932 malditas sean sus mollares;
870 1938 1408 1980 yo me consumo y me quemo
873 1987 1336 2028 de ver un baile tan tosco,
878 2037 1339 2077 tan feo y sin lucimiento:
885 2087 1371 2126 y el tocador cojo y manco,
878 2135 1399 2176 con tan solo un movimiento,
