1765 2512
324 183 354 217 4
229 227 685 268 voy á fiestas, me divierto,
217 275 725 318 me echo mis sendos tragos,
221 324 721 366 no tengo á quien contentar,
227 373 653 418 todo hecho me lo hallo;
220 422 724 472 ¿y que haya mozos algunos
227 471 671 512 tan tontos y enamorados
237 518 775 561 que quieran casarse encueros,
233 567 731 610 sin un cuarto y empeñados,
237 615 691 659 que no pueden ír á misa
234 664 696 708 porque no tienen zapatos?
232 712 669 756 algunos suben de pronto
234 760 797 804 á ser conde..... entendámonos
235 809 779 853 de Cabra, ó marqués de Luna,
245 859 759 903 que son dos buenos dictados,
237 906 725 955 y aunque le digan borrego
239 955 707 1001 están contentos y mansos:
249 1006 725 1047 yo no ambiciono ser conde,
249 1054 729 1096 caramba, que no me caso,
249 1102 761 1147 ya digo que yo me entiendo,
245 1152 715 1198 y contaré mis pormenores
241 1203 695 1241 á todos estos caballeros;
249 1250 715 1295 ya de todo me arrepiento,
255 1299 667 1341 ya me caso, caballeros;
253 1347 741 1388 buscaré una muger buena,
252 1395 711 1438 aunque no tenga dinero,
255 1444 705 1486 me llevaré bien con ella,
253 1492 813 1536 con mi suegra y con mi suegro,
255 1544 631 1589 y le ayudaré á llevar
259 1594 713 1632 la cruz de los polaineros;
941 213 1443 255 ¿pero y si vienen chiquillos?
939 262 1413 297 mocitos, aplicar el cuento:
935 308 1377 347 lo cagan de arriba abajo
939 357 1409 397 aunque tenga tres culeros,
945 406 1313 447 y esto de ser casado
939 454 1419 494 siendo un pobre jornalero,
949 503 1339 547 y el año de noviciado
954 554 1405 591 es preciso que paguemos,
956 600 1340 641 y si me quedo parado
949 649 1381 692 y se me acaba el dinero,
959 696 1405 738 preciso es buscar prestado
954 746 1407 787 en casa de algun tendero
960 795 1408 837 siquiera dos ó tres bollos
959 845 1343 885 y una libra de fideos;
954 894 1338 933 se guisasá con aceite,
952 944 1326 983 si me fia el aceitero,
954 991 1395 1031 y en cobrando mi jornal
964 1040 1375 1079 á la noche pagaremos.
959 1089 1439 1127 Caramba, que no me caso,
959 1138 1369 1181 yo quiero vivir soltero,
964 1184 1447 1227 se acabarán mis cuestiones
969 1235 1443 1276 y tambien los chismorreos,
967 1284 1355 1327 y con esto me despido
965 1334 1436 1370 de estos nobles caballeros,
972 1383 1408 1420 me perdonen, porque yo
965 1430 1417 1472 gano muy pocos dineros;
965 1476 1405 1522 y aquí dá fin la relacion
978 1528 1421 1567 del jambriento jornalero.
884 1802 1106 1956 FIN.
754 2121 1179 2166 IMPRESO EN HUELVA.
323 2167 1609 2228 Reimpreso en Carmona, imp. de D. José M. Moreno, Madre de Dios, 1.
