1765 2512
126 255 844 307 rebuelto entre fuego, y sangre,
136 309 607 355 estas palabras diciendo:
137 356 751 400 Confesion, que me has matado,
135 406 645 454 perdona, amigo Montero,
130 455 633 499 no me acabes de matar,
136 503 627 547 traeme los Sacramentos,
137 550 717 594 el alma es la que te encargo,
139 599 723 647 y pague el delito el cuerpo.
136 650 609 690 Mas él, tirano, y aleve,
144 695 695 739 vengativo, horrible, y fiero,
143 741 729 786 se arrimó, y con el cuchillo
140 790 725 836 le ha cercenadó el pescuezo,
144 836 787 883 Se fue á la muger, que estaba
143 890 655 932 casi difunta en el suelo,
146 937 653 980 de los cabellos la agarra,
146 986 685 1029 dos milinjurias haciendo,
143 1034 639 1077 la dice: Falsa, enemiga,
157 1075 831 1126 qué es lo que á mí honor has hecho?
152 1129 689 1171 Mi credito le has perdido,
153 1177 725 1222 pues de esta suerte me veo,
158 1226 585 1271 trai dora, me pagarás
154 1273 709 1319 con forme el merecimiento.
151 1325 547 1366 La cabeza la cortó,
158 1370 686 1415 cón ella el brazo derecho:
164 1419 668 1462 en un baul que llevaban
168 1467 719 1511 de las prendás, y el dinero,
164 1515 730 1559 metió aquestas tres alh jas,
166 1563 625 1607 y en un caballo ligero
167 1614 647 1654 ácia Antequera camina,
171 1661 657 1703 de este caso satisfecho.
168 1708 660 1754 A las doce de la noche
854 239 1355 285 llegó á su casa Montero,
850 287 1357 340 y porsima de las puertas
853 334 1408 382 con daros clavos de hierro
851 382 1399 430 fijó el brazo y las cabezas,
863 431 1487 479 poniendo un letrero en medio,
853 478 1371 528 que con claridad decia:
859 528 1355 574 lo hizo Antonio Montero
861 576 1345 625 por restaurar lo perdido
864 622 1486 672 de su punto, honor, y credito:
872 673 1355 719 de esta suerte los maté
859 720 1460 766 en tal parte quedan muertos.
871 769 1407 812 Volvió la rienda al caballo,
869 818 1379 862 se fue á Malaga derecho,
871 865 1339 911 sentó plaza de Soldado
868 915 1383 959 con muchisimo contento,
871 963 1451 1008 á servir al Rey en la Guerra:
870 1010 1405 1056 haciendo notables hechos.
875 1058 1419 1104 A otro dia, cuando el Alva.
875 1109 1363 1154 se levantó de su lecho,
882 1154 1427 1202 cuantos por la calle pasan
891 1202 1431 1250 quedan confusos, y yertos.
891 1251 1452 1297 Díieron cuenta á la Justicía,
880 1301 1425 1347 los cuales vinieron presto;
879 1350 1367 1394 los Señores admirados
887 1397 1495 1442 despacharon por los cuerpos,
891 1446 1391 1490 donde les dán sepultura.
885 1494 1395 1542 Aquesto sirva de ejemplo
888 1543 1355 1589 á las Señoras mugeres,
895 1590 1425 1637 y á los Galanes mancebos,
897 1637 1449 1686 que no se precien de amar
891 1687 1449 1735 cosa que tenga otro dueño.
760 1962 1008 2118 FIN.
690 2267 1085 2317 CARMONA:—1859.
239 2309 1535 2383 Imp. de D. José María. Moreno, calle de Madre de Dios. Núm. 1.
