1664 2464
1249 158 1499 309 (Núm. 140.)
306 1116 1576 1199 CONDICIONES, VICIOS Y PROPIEDADES
579 1228 1312 1310 de las Señoras Mugeres.
277 1434 810 1469 Promete el Cielo vestido
241 1484 786 1519 de nubes pardas, y densas
244 1532 878 1568 agua al mundo, y tempestades
244 1581 870 1618 dá con granizo, y con piedras.
240 1629 781 1667 Promete el agua regando,
240 1677 710 1715 fertilizando las yerbas,
251 1725 666 1763 y tal vez enfurecida
243 1776 762 1811 vá regando, y las anega.
244 1824 812 1859 Pues si prometiendo bienes
246 1872 788 1909 pueden el Sol, y la tierra
255 1920 795 1957 dar males, no será mucho
253 1969 791 2006 que lo mismo me suceda.
248 2019 694 2054 En la comedia pasada
249 2066 724 2103 prometí decir en esta
243 2117 787 2153 bien de todas las mugeres
967 1433 1453 1471 por dar un dia de fiesta.
966 1482 1572 1520 Mas no es razon, ni justicia,
959 1532 1532 1568 ni de ello tiene apariencia,
964 1580 1532 1615 que buenos dias les demos,
974 1627 1492 1663 dandolos tan malos ellas:
965 1676 1498 1714 y asi podran perdonarme,
970 1725 1531 1761 porque en el alma me pesa
974 1773 1512 1811 de no ser gran mentiroso,
972 1822 1540 1858 para decir que son buenas.
967 1869 1506 1906 Pero despues que estudié
966 1919 1514 1957 Divínas, y humanas letras,
976 1967 1456 2003 jamas he podido hallar
969 2016 1516 2053 cosa buena en su defensa:
976 2066 1376 2102 asi lo dice Alarcón,
967 2114 1573 2153 afirmando, que las hembras
