1765 2512
129 226 702 267 son garzas en las ventanas,
128 275 642 313 picoraces en las puertas,
132 323 644 361 escorpiones en las calles,
126 368 660 409 Demonios en las Iglesias,
132 418 680 458 serpientes dentro de casa,
127 465 729 507 y cabras si estan en huertas.
132 514 678 551 Esto es lo que la historia
132 562 714 606 de las mugeres nos cuenta,
131 613 631 650 y dejando las comunes,
128 662 810 701 porque no hay quien no las sepa,
124 708 708 749 hablo, y digo lo que siento,
128 758 738 798 por descargar mi conciencia,
133 805 736 844 de las cosas de este mundo:
125 854 783 894 pues en qué se funda, y piensa
128 901 664 942 el que á las mugeres ama,
119 949 700 989 sirve, enamora y requiebra?
121 996 664 1038 Si una muger es hermosa,
123 1047 681 1087 se le infunde una soberbia.
126 1095 574 1135 que con ella Lucifer
125 1142 664 1184 viene á ser niño de teta.
125 1191 684 1233 Si la enamoran, se agravia,
118 1240 731 1281 si no la quieren, se afrenta
121 1290 744 1333 quiere, que la quieran todos,
118 1341 664 1379 y que ninguno las quiera.
118 1390 652 1425 A las puertas y ventanas
124 1435 680 1477 se ponen, porque las vean,
118 1485 672 1526 y si las ven, luego huyen,
123 1532 755 1574 porque lo contrario entiendan.
120 1579 775 1626 Si salen, le hacen mal de ojo,
123 1628 603 1668 en casa les dá tristeza:
119 1677 716 1720 si cenan mucho, se ahitan,
113 1726 668 1768 se desmayan, si no cenan.
119 1773 630 1817 Del aire les dá catarro
119 1823 634 1865 del Sol dolor de cabeza,
116 1873 658 1914 una muger les dá zelos:
120 1923 626 1962 y yo pierdo la paciencia
118 1970 624 2011 con estas niñas bonitas;
123 2019 802 2061 no hay diablos, que las estienda,
121 2067 618 2106 ni quien las pueda tener
126 2116 658 2158 en este murée contentes,
860 230 1480 270 Las que no son de estas faltas
857 277 1392 320 son desaliñadas, puercas,
853 325 1410 368 las faldas pisando charcos,
854 375 1410 417 los zapatos en chanquetas,
851 426 1527 464 que se irá un hombre al Infiern:
856 471 1368 513 solamente por no verlas.
864 520 1370 559 Mas quien podrá tolerar
856 568 1381 609 una, que pica en discreta
854 617 1292 659 aforrando disparates,
856 667 1495 705 cae siempre y no en la cuenta?
860 714 1297 755 Entran en una visita,
850 762 1512 807 cuatro, cinco, ó seis doncellas,
852 814 1328 851 y gastan toda la tarde
851 860 1334 899 en repetidas quimeras.
850 908 1538 949 Cómo está usted? (le preguntan
852 954 1394 998 á una Señorita de estas)
860 1004 1360 1047 Y responde. Muy malita,
850 1052 1316 1093 perdida de la cabeza:
856 1101 1360 1141 esta noche tuve un flato
854 1149 1378 1193 que me aflgió de manera,
856 1200 1308 1239 que pedia Confesion.
854 1247 1446 1291 Comadre, si usted me viera,
856 1293 1316 1338 le causara compasion,
854 1344 1430 1387 ya no me hallo con fuerzas.
848 1392 1312 1433 Y como lo pasa usted?
858 1439 1480 1484 Yo (responde otra embustera)
849 1490 1382 1532 tengo el estómago malo,
852 1537 1480 1581 solo he comido una almendra,
848 1585 1282 1630 aborrezco la comida,
852 1636 1408 1680 y he perdido la apetencia;
856 1686 1370 1729 y mascan á dos carrillos,
848 1735 1499 1775 y se comen cuanto encuentran.
856 1781 1254 1824 Otra dice: fulanico,
852 1831 1394 1870 el de la chupa de nobleza
855 1880 1448 1919 me quiere mucho, no sábes?
854 1927 1362 1966 El otro dia en la puerta
856 1976 1439 2016 me dió un polvo de tabaco
856 2026 1330 2065 y me dijo mil ternezas.
850 2075 1386 2113 No es lindo mozo mi vida
848 2126 1362 2165 Cué galan! Qué gentileza
