1668 2440
139 255 657 292 Y á todas juntas igualan
140 304 724 343 con Cleopatra, conLucrecia,
134 353 691 389 Pues siendo aquesto verdad
133 400 669 439 para qué nos la chancela?
127 452 718 487 Escuche, y oirá sus gracias
129 499 642 535 todas al pie de la letra.
136 546 700 583 Despues de ser mentirosos
138 595 653 633 son (porque todo se sepa)
136 644 651 681 fantasticos, falsos, locos,
136 692 690 731 sucios y de bajas prendas,
139 741 634 776 Y qué fuera de ellos, si
143 791 637 827 las mugeres no vivieran
141 840 694 877 pues los asean, y limpian
140 889 726 926 los visten, calzan y peinan,
140 936 640 973 los corrigen y los sufren
139 987 727 1025 tambien por fin los enseñan,
866 256 1268 294 y nos debian pagar
860 305 1366 343 estas referidas prendas,
866 352 1418 392 como á espejo de cristal,
859 400 1460 440 mirandose en las doncellas.
862 449 1482 492 Y desde aqui aunque muger,
857 498 1374 539 por gentil y por atenta,
854 547 1358 586 le perdono el desacato,
860 596 1434 634 y otra vez no le acontezca,
865 645 1551 685 que aunque muger, vive Apolo,
864 693 1440 732 pues me falta la paciencia,
858 741 1528 783 han de temblar de mis manos,
859 790 1404 829 sin querer oir mi lengua.
859 839 1442 879 Y aunque tambien enojada,
861 888 1425 926 perdon le otorgo al Poéta,
863 938 1389 975 y el favorecer las Damas
867 987 1404 1024 aqueste perdon merezca.
755 1480 965 1632 FIN.
655 2099 1046 2138 CARMONA:—1857.
261 2150 1441 2189 Imprenta de D. J. M. M. calle Juan de la Cabra núm. 4.
