1765 2512
100 336 540 384 con mi faja lo amarré,
97 381 585 430 no se me juera á escapa,
105 424 547 474 para jacer yo mi gusto
104 469 533 516 con el probe perillan:
102 513 505 561 lo primerito que jise
108 556 621 604 fué echarme bragas atras,
115 599 559 651 y me jiñé en su bigote
115 645 539 691 pa que pudiese chupa.
107 687 535 736 Despues de toico esto
116 734 601 780 tambien le jalsé el pañal,
115 777 549 825 y le pegué una azotea
107 822 485 869 que suaba rejalgar.
116 866 532 912 La recamara de abajo
115 911 517 956 se le hubo de afloja,
125 953 545 1000 y jué menesté dejarlo
119 997 583 1045 porque nos iba á anega:
123 1043 577 1090 yo de verlo, compasivo,
115 1085 567 1132 entre mi puse á pensá,
123 1130 645 1177 que el probe estaba irrítao,
128 1178 405 1224 y podia resultá
123 1217 596 1265 una irritacion é sangre:
129 1263 551 1309 le ije, aguante y verá;
126 1309 575 1352 un favó quiere jaserle,
132 1351 671 1397 que mucho le puee importá,
135 1396 525 1441 que por la salu toico
134 1440 537 1486 lo tenemos que dejá:
134 1483 639 1528 quiero darle un refrescon
137 1528 551 1573 y la sangre aquietará:
136 1572 589 1616 lo coji é bajito el brazo,
139 1617 588 1660 como si juera un costa,
135 1662 511 1709 y le ije: mal gaché,
139 1705 557 1748 so criaturilla arrastrá,
143 1749 503 1791 no conoces el favó
143 1790 636 1837 que te voy á proporcioná:
141 1836 607 1879 ví una guertecilla al lao,
143 1880 599 1925 y buscando el albercon,
143 1924 673 1970 le di unos cuantos meneos,
141 1967 585 2017 y llevó buen refrescon:
145 2012 555 2059 y le ije con la güasa
144 2056 583 2102 un poquito amartelao:
825 314 1208 355 mocito é la pistola;
828 358 1225 398 el tirito no ha sonao.
836 398 1310 442 Yo me marché y se queó
828 447 1223 486 el probecito naando,
831 487 1471 531 mas fresco que el mes de Enero,
839 532 1291 573 las síguirillas cantando:
837 576 1232 619 él se salió como puó
839 621 1199 666 y toavia acobardao
841 663 1249 709 en la huerta se metió
839 709 1285 754 los perros lo ventearon,
844 754 1283 804 y principian á ladrarle:
847 798 1257 841 los hortelano salieron
839 842 1259 885 un poquito acéleraos,
843 886 1315 927 cada uno con su estaca,
845 932 1239 975 y lo vieron amagao,
845 973 1323 1018 y el uno le dice al otro:
841 1015 1355 1064 padre, ya hemos encontrao
843 1060 1341 1105 el que se lleva los nabos
856 1104 1393 1150 que madre tiene pa el gasto:
857 1151 1303 1192 principian á garrotasos,
855 1194 1391 1236 tres costillas le quetiraron,
848 1239 1343 1280 dieron parte á la justicia,
848 1284 1277 1325 al hospital le llevaron
855 1330 1247 1372 pa curale las jerias,
858 1370 1421 1414 que pasan de veinte y cuatro,
855 1414 1323 1461 y luego el méico mandó
852 1460 1313 1502 á un praticante afamao
861 1505 1311 1544 le echen diez lavativas,
863 1549 1300 1590 y así queó bien curao.
867 1593 1237 1633 To esto jase Pepillo
863 1636 1387 1679 y demas que no ha contao,
862 1677 1363 1723 y el que no quiera creerlo
864 1722 1364 1766 se lo harà ver de contao
864 1768 1327 1810 el pincho desa cuchara
872 1814 1319 1856 ó el tacon é mi zapato,
872 1854 1357 1900 que no quieo jerramienta
863 1898 1391 1942 ni en Jerez ni en otro lao.
875 1942 1329 1987 Todos juyan de Pepillo
875 1987 1407 2032 como de la cruz el diablo.
801 2130 895 2177 FIN.
679 2217 1037 2262 CARMONA:—1859.
223 2248 1485 2322 Imprenta, de D. José María Moreno. calle Juan de la Cabra. 4.
