1737 2508
307 279 805 318 sus ojos me tienen preso,
310 325 733 364 y su boquita encantao,
304 368 777 405 con los dichitos que dice
303 412 748 449 á mí me tiene pasmao;
308 458 737 492 por debajo é su barba,
315 499 875 538 ¡ay Jesus, que me he chaslao!
305 543 769 579 si me atrevere á desillo.
307 587 799 623 que calorcita me ha dao.
311 632 791 667 Tiene un tesoro que vale
316 676 800 712 ma que las minas é Gao,
313 721 754 755 vale ma que un Potosí
312 765 837 800 y la ma con too sus barcos,
323 807 798 845 ¡Jesu, qué breva ma rica
317 853 829 889 que echa la giguera ogaño!
312 898 712 934 Me jago una batatita
319 943 809 978 y una harina de pensallo,
311 984 720 1023 Algunas veces le igo
316 1029 793 1066 con palabritas y halagos,
321 1073 853 1112 ¿quien será el gaché dichoso
328 1116 811 1154 que mereciere ese garbo?
318 1162 709 1198 y ella ise placentera,
328 1206 851 1240 que al oilla me esparramo:
315 1250 737 1284 ninguno se la merece,
321 1294 785 1329 solo Pepillo el Jerezano.
321 1338 767 1373 Le comiera su hoquita
324 1384 742 1416 con su elgaitos labios,
332 1425 748 1460 por esas cosas que ise
327 1471 748 1506 ya me tiene chanelao.
319 1513 885 1549 Siempre está muy placentera
320 1557 793 1594 en estando yo á su lao:
328 1601 800 1637 su gloria la tiene en mi,
324 1644 825 1680 y muere por mis retazos.
322 1688 849 1725 Si algun gaché pretendiere
327 1736 801 1769 el decille bueno ó malo,
321 1779 689 1813 bien se poia llamá
328 1822 816 1856 desde entonces esgrasiao:
323 1867 984 1902 que aunque se marchara al moro,
336 1912 820 1945 o se juera á otros estaos,
329 1954 700 1988 el corazon y azaura
332 1999 791 2034 me comiera en estofao,
327 2042 751 2076 le cortaria una oreja
336 2087 832 2122 y hasta su mesmo reaños,
343 2130 731 2163 y con un polvo de sá
331 2175 754 2207 lo comiera bien asao.
338 2220 782 2253 La justicia ya me teme,
1030 268 1491 304 las rondas me jacen lao,
1033 311 1463 347 que solo al oir mi voz
1030 355 1461 391 toicos quean pásmaos.
1031 397 1465 435 Po la calle é mi novia
1029 440 1652 479 de noche, aonque sea trempano,
1035 486 1498 523 ninguno asoma el jocico
1039 529 1589 567 de mieo que me fhan tomao.
1035 576 1542 612 Soy el amo é los hombres,
1029 621 1426 656 naide lo puee duar,
1035 659 1557 701 porque tiembla eluniverso
1039 707 1467 743 solo al oirme nombrá.
1040 752 1514 787 Oiga osté, so mosa rubia,
1040 795 1510 837 ¿quioste conmigo baila?
1046 839 1604 878 que gasta osté mas fachenda
1047 885 1499 920 que un navío po la ma.
1045 931 1533 965 No se jaga oste mas pieza,
1044 974 1460 1008 no viva tan desarma,
1040 1017 1563 1052 que otras casitas mas altas
1047 1063 1458 1097 ahora se ven derrotá.
1045 1107 1449 1141 Siga el jaleo, señores,
1042 1151 1484 1185 naide tenga que chistá,
1047 1195 1532 1229 que la boca tiene abierta
1044 1238 1555 1273 el pez que me ha de traga.
1049 1286 1478 1318 Cante osté, Nicolasita,
1052 1330 1380 1361 un jaleo é verdá;
1051 1374 1478 1406 mal haya sea la pena
1053 1417 1471 1449 y quien la quiea tomá.
1060 1461 1522 1493 Cuando voy á la taberna,
1048 1505 1570 1539 aonque no lleve un chavo,
1047 1550 1532 1581 toos me convian é mieo
1054 1593 1584 1626 con dos palabras que jablo;
1056 1637 1556 1670 toos me miran á la cara,
1053 1681 1574 1714 pero ninguno á las manos.
1046 1725 1522 1758 Son probesito con honra,
1051 1769 1552 1803 y el corazon muy humano.
1058 1814 1478 1846 Una noche mu ascura
1047 1858 1532 1890 encontrandome á desora
1055 1903 1524 1934 un sastre mu pinturero,
1053 1946 1508 1981 y al punto me ijo ¡ola!
1063 1991 1522 2022 ya puee él volverse atrá
1054 2035 1484 2068 si no ruea como bola;
1057 2081 1502 2114 me sacó una pistolilla,
1061 2125 1513 2162 y con ella me apuntó,
1053 2169 1535 2207 pero me arrojé hácia él
1053 2213 1552 2248 como gato al chicharron;
