1765 2512
217 301 723 343 y si alguno é los presentes
223 347 695 385 quisiera tirarse un corte,
220 390 697 428 que dé un pasito aelante
214 435 718 470 con navaja ó con estoque:
213 479 623 516 toito me viene bien,
213 521 785 559 no le temo á ningun hombre,
220 565 774 604 aunque me lleve una cuarta
223 611 699 647 y se tenga por diforme.
223 653 731 690 Yo no quiero jerramienta,
214 698 808 735 ni aun la muleta de un probe,
221 741 783 783 jago un pincho é mi cuchara
222 786 706 825 y el dia lo vuelvo noche,
217 830 719 867 lo blanco lo vuelvo pardo,
219 874 831 916 y á los hombres, mostachones,
221 918 735 959 y me estan mas dulcecitos
221 964 751 999 que el almivar y el arrope,
228 1006 656 1043 Solito cobro el barato,
225 1051 711 1087 á mi naide se me opone,
226 1094 764 1132 que el pincho é mi cuchara
227 1139 731 1175 se lo hará é ver entonces;
232 1183 726 1218 si no, me quito un zapato
231 1228 755 1265 y dientes y muelas corren,
219 1271 619 1312 y le pongo lo jocicos
229 1316 661 1350 como tinaja de á once.
231 1359 737 1395 Cuado llego á una funcion
225 1404 713 1443 y quiero bailar, entonces,
233 1448 635 1483 digo, jagaste el favo,
230 1491 675 1527 sin quimerita ni voces:
228 1535 721 1571 al punto el mosito abrasa
229 1580 833 1614 mas serio que un padre monje,
231 1623 723 1661 pero qué habia de hacer,
234 1668 680 1703 poquito pico y silencio,
235 1712 621 1749 porque sino la filosa
227 1756 685 1792 se la corto como acebo,
233 1799 615 1841 y le hago una jería
231 1843 725 1879 que puea pasar un perro.
229 1887 721 1924 La primer novia que tuve
232 1933 624 1966 estando yo mozolejo,
228 1977 632 2011 me la quiso barucar
238 2021 767 2054 un jambron de un zapatero:
234 2064 680 2099 una noche lo encontré
240 2110 726 2144 en la ventana mu fresco,
239 2156 605 2191 y le ije: comparito,
231 2197 795 2237 ¿qué jace en estos terrenos?
235 2244 825 2279 y me respondió entre dientes,
945 296 1343 331 toito cargao é mieo;
947 338 1478 374 es que le jablo á esta niña
952 383 1446 418 como cosa é mes y medio:
952 427 1318 462 yo al oir esta jabla
951 473 1373 508 y sin andar en rodeo,
953 516 1385 549 conocí su poca fuerza,
951 558 1477 594 no quise emplear mi acero,
943 602 1429 638 que el pobrete se asustó,
953 645 1447 686 y alli le dió sin remedio
948 691 1371 725 unos cursos catalanes
951 737 1329 771 que se iba é ligero;
947 779 1343 814 pero no por eso yo
943 824 1401 857 lo ejé se fuera riyendo:
954 868 1342 901 lo coji de las patitas
951 910 1343 949 y lo llevé mu sereno
955 956 1349 991 á una posa é jamila
955 999 1481 1037 y alli le di un buen meneo,
953 1043 1389 1080 que lo ejé lo mesmito
962 1085 1523 1123 que á marráno en senaguero:
959 1134 1251 1171 y le ije: tio jilí,
958 1174 1424 1210 á esa jembra yo camelo,
959 1218 1515 1257 y el que le jable, aquí viene
952 1262 1434 1297 á este mismo senaguero.
961 1308 1372 1342 Oigaste, mosito rubio,
961 1350 1415 1392 ¿le parece son agüeros?
965 1393 1523 1432 piensa osté que yo me alabo?
959 1440 1415 1475 esto se dice y jaciendo,
957 1484 1440 1519 si osté quié alguna cosa
955 1528 1397 1564 en este sitio io espero,
957 1572 1369 1608 que é evé su soboná
965 1615 1543 1652 la sangre se me está jirviendo:
968 1659 1464 1696 parece que osté se burla
959 1703 1401 1743 y jabla con cachondeo,
963 1748 1407 1782 pues sabe que se lo ice
964 1791 1512 1828 un mozo é rumbo y trueno,
955 1837 1387 1877 y pues naide quie sali
964 1882 1277 1916 al desafio ligero,
969 1923 1446 1958 voy á jabla con mi chica
966 1968 1521 2003 que en ella está mi consuelo:
969 2013 1381 2048 por ella yo me errito
971 2056 1403 2091 como una vela é sebo,
965 2101 1511 2135 me desago, me escompongo,
969 2144 1417 2180 me jago tiras é lienzo,
966 2189 1437 2224 por que su cuerpo zalao
963 2235 1383 2268 se merece toico esto;
