1737 2508
1262 177 1481 332 (Núm. 238.)
384 1084 1433 1196 RELACION ANDALUZA
438 1196 1373 1301 DE LAS HAZAÑAS HECHOS Y VALENTIAS
297 1365 1534 1511 DE PEPILLO EL JEREZANO.
261 1689 750 1732 En lo que gobierna el zó
232 1738 689 1776 y los terrenos han visto,
227 1776 809 1822 no se encuntra otro mas jaque
224 1823 727 1866 ni mas terne que Pepillo.
226 1866 632 1910 Mí patria la quieo esi
236 1912 701 1953 para que naide lo inore,
236 1952 797 1996 y en mentando á mi presona
225 1996 793 2041 como á una imágen se adore.
223 2042 693 2085 En Jerez de la Frontera,
233 2086 745 2129 esa es mi patria, y crióme
234 2131 683 2174 mi maresita é mi alma
227 2176 787 2216 con sus pechitos tan nobles,
236 2220 743 2264 con grande gusto y regalo,
942 1669 1395 1713 sin pena ni pesaumbre.
948 1713 1356 1756 Jacía mil travesuras,
960 1752 1561 1800 que aunque pequeñito entonces,
954 1798 1383 1846 á muchachos é mi edá
961 1843 1435 1889 los jería con mi estoque.
963 1889 1399 1933 Cuando á la calle salia
961 1930 1406 1977 toiticos decian á voces:
962 1974 1473 2019 ya viene el Diablo Cojuelo,
960 2014 1584 2064 y al verme toos se me esconden.
962 2064 1417 2110 Esto pazó en mi niñez,
964 2109 1485 2154 que asi que me jice ombre,
956 2152 1456 2198 no temia á un rejimiento
962 2200 1432 2242 de lanceros muy feroces;
