1668 2452
169 189 580 225 cuando la vide venir
182 234 790 272 (¡Cielos, prestadme paciencia!)
175 283 758 320 quien vió la muerte pintada!
173 331 745 371 pues sepan por cosa cierta,
177 380 778 417 que allí estuvieran entonces,
178 428 756 466 dos muertes juntas hubiera,
167 476 705 515 y esto no es ponderacion,
179 525 726 562 que era horriblemente fea
177 573 658 611 Ya es preciso dibujarla,
173 622 729 658 porque el desengaño vean.
180 670 701 707 La estatura de su cuerpo
169 716 631 755 era muy alta escalera;
174 767 644 803 de la cabeza era calva,
179 816 720 853 porque de tiña ó de lepra,
172 864 558 901 la tenia mas raida
171 912 790 949 que una injundia de manteca.
173 961 622 996 Su frente mé pareció,
181 1009 675 1047 p r lo cristalina y tersa,
183 1056 590 1093 casco de calabacino
176 1105 677 1143 colgado en la chimenea;
181 1153 645 1191 y sus ojos de lagañas,
184 1201 728 1238 unas verdes y otras secas;
182 1250 620 1287 bien la podian quitar
177 1298 810 1335 con colmo cuarenta espuertas.
183 1346 621 1383 De sus narices salian
183 1394 781 1431 dos colgajos como dos velas,
182 1440 730 1480 que arrastraran como luto
177 1490 771 1529 á no embargarlos su lengua.
188 1540 606 1577 A la boca le servian
183 1590 630 1625 de presilla las orejas.
188 1635 580 1673 Elevado me quedé
182 1684 701 1722 al ver cosa tan horrenda.
180 1731 660 1771 Por acabar de pintarla
179 1781 715 1819 la estuve mirando atenta.
180 1828 759 1868 Los pies tenia muy grandes
187 1878 756 1916 y muy delgadas las piernas,
191 1926 737 1965 porque á mí me parecieron
187 1975 777 2013 las daguillas de hacer media.
181 2024 632 2061 En su vientre reparé,
193 2074 768 2113 (y esto me causó gran pena)
187 2124 718 2157 que sino era un embarazo,
189 2170 641 2206 era opilada ó enferma;
189 2217 667 2259 porque tenia mas panza
906 181 1453 219 que una tinaja de ochenta.
907 230 1528 266 Yo entonces viendo el engaño,
897 278 1472 315 maldiciendo á la alcahucta,
893 326 1381 363 iba á salirme á la calle;
904 376 1418 413 mas llegaron á la puerta,
905 424 1382 461 avisada de algun soplo,
897 473 1409 508 (sin duda fue de la vieja)
906 520 1396 556 la justicia y me llevaron
901 567 1374 605 á la casa de mi abuela.
903 617 1442 654 Me entrán en un calabozo,
901 665 1424 703 me asieron á una cadena,
901 714 1362 751 auque yo no la quería,
905 762 1419 798 me obligaron á quererla.
904 810 1466 846 Corren las amonestaciones
902 859 1462 896 sin que nadie lo impidiera,
901 907 1431 943 dentro de la misma cárcel
905 956 1406 991 me desposaron con ella.
907 1003 1326 1040 Iba la novia vestida
903 1051 1500 1089 que era un desenojo el verla;
903 1101 1350 1136 alpargatas con tacon;
911 1151 1387 1184 pero de ligas y medias,
907 1197 1482 1233 porque las piernas luciesen,
905 1246 1322 1282 iba Teresa sin ellas;
915 1292 1397 1330 de paño viejo un refajo
911 1342 1488 1379 con mil lámparas acuestas:
905 1390 1375 1427 un monillo de tendido
912 1439 1406 1475 con listas de lana negra:
907 1489 1387 1525 por gargantilla llevaba
911 1537 1405 1572 un collarin de mauletas,
914 1585 1500 1621 con dos grandes marmalotas
920 1632 1383 1669 colgadas de las orejas.
916 1681 1311 1717 Como no tenia pelo
912 1730 1364 1765 no llevaba escarapela:
909 1775 1402 1813 el manto era de soplillo
920 1826 1456 1863 que no le llegaba al besa.
917 1874 1378 1911 Cuando el cura la miró
916 1923 1332 1959 dijo con risa severa;
923 1971 1407 2007 ojos hay en este mundo
921 2020 1456 2056 que de lagañas se precian.
919 2069 1377 2104 La vergüenza que pasé
916 2119 1376 2153 ninguno, pase por ella.
916 2166 1518 2202 Por fin, nos dimos las manos,
917 2215 1452 2253 y el cura á decir empieza.
