1693 2464
1366 107 1626 262 (Núm. 224.)
502 187 1486 353 TERESA MOJARRO Y GANGARRILLA.
281 1291 1684 1351 CHASCO que le dió una vieja á un mancebo, dándole una sobrino
332 1346 1682 1403 suya por doncella, la que sin otras fallas que tenia, era tuerta
332 1400 1689 1456 tiñosa y calva. Compuesto por un capador de grillos, cardador d.
330 1452 1159 1502 lana de tortugas; en este presente año.
328 1614 808 1657 Discreto auditorio mio,
278 1664 886 1707 tengan en mi historia cuenta,
284 1709 776 1751 verán con qué brevedad
276 1757 782 1800 les hago relacion de ella.
278 1809 832 1850 Atiéndanme los mancebos,
278 1856 760 1898 los de la primer tijera,
280 1906 966 1949 los que andan buscando amores,
290 1952 791 1993 valiendose de mil tretas:
283 2002 786 2043 aqui á todos les encargo
278 2050 771 2093 que no se fien de viejas,
284 2099 762 2140 y no lo tomen á burlas,
282 2147 816 2187 que hablo por esperiencia:
284 2195 772 2239 de mí tomarán ejemplo,
1018 1622 1520 1664 oiganlo al pie de la letra.
1015 1669 1539 1713 Cuando yo mozo mancebo
1020 1719 1494 1761 intenté mozas diversas,
1009 1768 1510 1806 sin hallar á mi convenio
1012 1815 1580 1863 cosa que bien me estuviera,
1016 1866 1510 1907 porque á mi me parecia
1024 1914 1480 1954 que merecia una reina,
1009 1961 1646 2004 aunque es verdad que me dioro
1007 2009 1528 2054 talegazos mas de treinta.
1012 2058 1460 2098 Andándome paseando
1008 2106 1537 2149 martes de Carnestolendas
1008 2156 1506 2197 presagio de mi desdicha
1016 2204 1522 2249 ó de mi fortuna adversa,
