1680 2444
196 194 689 229 recive usted por esposa
188 241 578 277 á la señora Teresa
201 289 690 326 de Mojaro y Gangarrilla,
192 339 679 375 que baja por línea recta
202 386 614 422 de la casa de Pilatos,
200 434 616 470 presidente de Judéa.
202 484 828 522 Yo entonces con grande enojo,
195 530 655 569 dije falto de paciencia:
193 578 592 613 Teresa fea, y ahora
193 628 721 666 de tanmala descendencio?
198 676 717 715 los demonios se la lleven
203 723 683 763 si híciese vida con ella;
193 773 728 812 y ella abriendo tanta boca
199 821 756 860 como una espuerta terrera,
195 869 784 907 me dijo: traidor mal hombre,
209 919 806 956 ¿como á tu esposa desprecias?
209 966 643 1003 por no dilatarme mas
207 1013 741 1053 dijo algunas ante puestas;
207 1063 748 1101 por fin quedamos casados,
208 1111 710 1147 mas me capituló treguas
207 1159 782 1195 que hasta perderle el miedo
205 1207 721 1245 no quise dormir con ella;
213 1256 726 1296 y al cabo de poco tiempo,
209 1306 673 1343 para coronar la fiesta,
209 1353 757 1390 parió la novia un chiquillo
215 1400 650 1439 tan bonito como ella,
203 1449 688 1486 que no se quitaba pinta
209 1498 680 1536 al tambor de la retreta.
212 1546 752 1582 Yo entonces lleno de enojo
217 1595 738 1632 quise matarla y henderla,
212 1643 702 1678 mas la partera me dijo:
207 1692 770 1728 compadre, tenga paciencia,
212 1740 748 1775 no se espante de tan peco,
211 1789 834 1824 que esta vez no en la primera,
222 1835 780 1872 que si no me engaño, tiene
216 1886 690 1922 con este catorce fuera.
915 191 1486 228 Yo entonces tomé la pluma
928 240 1474 277 y en breve sumé la cuenta;
927 287 1458 323 salió que antes de casarme
917 337 1417 372 saqué la ilustre bandera
925 384 1434 420 de mi devoto san Marcos,
925 433 1471 469 quiera Dios que asi suceda
932 480 1406 518 á cuantos de mí se rian,
928 528 1456 566 y mi desdicha no sientan,
931 577 1436 613 porque no hagan donaire
930 626 1458 661 lo que á mí me causa pena.
930 674 1447 710 La vieja que me engañó
924 723 1458 758 fue presa por hechicera,
933 773 1443 807 y en el auto la sacaron
932 819 1416 855 con una coraza puesta.
929 869 1426 902 Doblemos aquí la hoja
932 914 1386 950 y volvamos á Teresa.
939 964 1544 1000 Ya estamos los dos muy bien,
935 1009 1454 1048 yo pagado, ella contenta,
932 1060 1552 1096 que es comun, dice el refran,
932 1108 1612 1144 no hay mal que por bien no venga.
940 1155 1455 1193 De gravámen estoy libre,
936 1204 1370 1242 de milicias y boletas,
937 1253 1516 1289 que en todo lo mas del año
944 1302 1496 1338 nadie á mi puerta se llega,
943 1350 1445 1387 que por no verla la cara,
948 1399 1562 1434 me perdonan muchas deudas;
931 1446 1462 1483 ya no tiene tantos mocos
936 1496 1459 1534 aunque no falta la hebra,
946 1544 1388 1580 sazona bien una holla
943 1591 1400 1630 sin aliño de la tienda,
945 1638 1533 1678 y aunque la ponga con vaca,
947 1690 1524 1725 siempre sale puerco en ella.
947 1737 1466 1773 Todo lo que he referido
944 1786 1442 1822 me pasa con mi Teresa,
945 1835 1528 1871 y ahora pido á mi auditorio
948 1884 1508 1920 perdonen la impertinencia.
776 2018 1073 2079 FIN.
726 2168 1122 2207 CARMONA.=1856.
341 2220 1501 2258 Imprenta deè D. José María Moreno, Descalzas, núm.1.
