<?xml version="1.0" encoding="UTF-8" standalone="yes"?>
<PcGts xmlns="http://schema.primaresearch.org/PAGE/gts/pagecontent/2013-07-15" xmlns:xsi="http://www.w3.org/2001/XMLSchema-instance" xsi:schemaLocation="http://schema.primaresearch.org/PAGE/gts/pagecontent/2013-07-15 http://schema.primaresearch.org/PAGE/gts/pagecontent/2013-07-15/pagecontent.xsd">
    <Metadata>
        <Creator>prov=University of Rostock/Institute of Mathematics/CITlab|PLANET AI GmbH/Gundram Leifert/gundram.leifert@planet-ai.de:name=Pliegos de Cordel (XIXe) - v4(htr_id=27283)::::v=2.6.7
prov=University of Rostock/Institute of Mathematics/CITlab|PLANET AI GmbH/Tobias Gruening/tobias.gruening@planet-ai.de:name=de.uros.citlab.module.baseline2polygon.B2PSeamMultiOriented:v=2.6.7
prov=University of Rostock/Institute of Mathematics/CITlab|PLANET AI GmbH/Tobias Gruening/tobias.gruening@planet-ai.de:name=/net_tf/LA73_249_0mod360.pb:de.uros.citlab.segmentation.CITlab_LA_ML:v=2.6.7
Transkribus</Creator>
        <Created>2020-10-27T11:35:40.477+01:00</Created>
        <LastChange>2020-12-15T14:54:45.399+01:00</LastChange>
        <TranskribusMetadata docId="525389" pageId="22318709" pageNr="38" tsid="50332458" status="DONE" userId="66244" imgUrl="https://files.transkribus.eu/Get?id=UUIYTALSOBRJNFZZHCGGUQYG&amp;fileType=view" xmlUrl="https://files.transkribus.eu/Get?id=ZNPOHNDZHTEBFKMBPAOJLFTW" imageId="17388224"/>
    </Metadata>
    <Page imageFilename="Moreno_214_2.jpg" imageWidth="1672" imageHeight="2376">
        <ReadingOrder>
            <OrderedGroup id="ro_1608043804781" caption="Regions reading order">
                <RegionRefIndexed index="0" regionRef="region_1607007143461_741"/>
                <RegionRefIndexed index="1" regionRef="region_1607007150173_745"/>
            </OrderedGroup>
        </ReadingOrder>
        <TextRegion orientation="0.0" id="region_1607007143461_741" custom="readingOrder {index:0;}">
            <Coords points="98,124 748,124 748,2246 98,2246"/>
            <TextLine id="region_1607007143461_741l1" custom="readingOrder {index:0;}">
                <Coords points="114,192 140,193 166,193 192,193 218,194 244,194 270,195 296,196 322,197 348,197 374,198 400,199 426,199 452,200 478,201 504,201 530,202 557,203 557,169 530,168 504,167 478,167 452,166 426,165 400,165 374,164 348,163 322,163 296,162 270,161 244,160 218,160 192,159 166,159 140,159 114,158"/>
                <Baseline points="114,181 140,182 166,182 192,182 218,183 244,183 270,184 296,185 322,186 348,186 374,187 400,188 426,188 452,189 478,190 504,190 530,191 557,192"/>
                <TextEquiv>
                    <Unicode>llegóse una vieja á mí,</Unicode>
                </TextEquiv>
            </TextLine>
            <TextLine id="region_1607007143461_741l2" custom="readingOrder {index:1;}">
                <Coords points="116,242 142,242 168,243 194,243 220,243 246,244 272,244 298,245 324,245 350,246 377,247 403,247 429,248 455,248 481,249 507,249 533,250 559,250 585,251 611,251 638,251 638,217 611,217 585,217 559,216 533,216 507,215 481,215 455,214 429,214 403,213 377,213 350,212 324,211 298,211 272,210 246,210 220,209 194,209 168,209 142,208 116,208"/>
                <Baseline points="116,231 142,231 168,232 194,232 220,232 246,233 272,233 298,234 324,234 350,235 377,236 403,236 429,237 455,237 481,238 507,238 533,239 559,239 585,240 611,240 638,240"/>
                <TextEquiv>
                    <Unicode>que he presumido que era</Unicode>
                </TextEquiv>
            </TextLine>
            <TextLine id="region_1607007143461_741l3" custom="readingOrder {index:2;}">
                <Coords points="116,290 142,290 169,290 196,291 223,291 250,292 277,292 304,293 331,293 358,294 385,294 411,295 438,296 465,296 492,297 519,298 546,299 573,300 600,301 627,302 654,302 654,269 627,269 600,268 573,267 546,266 519,265 492,264 465,263 438,263 411,262 385,261 358,261 331,260 304,260 277,259 250,259 223,258 196,258 169,257 142,257 116,257"/>
                <Baseline points="116,279 142,279 169,279 196,280 223,280 250,281 277,281 304,282 331,282 358,283 385,283 411,284 438,285 465,285 492,286 519,287 546,288 573,289 600,290 627,291 654,291"/>
                <TextEquiv>
                    <Unicode>la que engañó á san Anton</Unicode>
                </TextEquiv>
            </TextLine>
            <TextLine id="region_1607007143461_741l4" custom="readingOrder {index:3;}">
                <Coords points="107,335 132,336 157,337 183,338 208,339 234,339 259,340 285,340 310,341 336,341 361,342 386,342 412,343 437,343 463,344 488,344 514,345 539,347 565,348 590,349 616,350 616,317 590,316 565,315 539,314 514,312 488,311 463,311 437,310 412,310 386,309 361,309 336,308 310,308 285,307 259,307 234,306 208,306 183,305 157,304 132,303 107,302"/>
                <Baseline points="107,324 132,325 157,326 183,327 208,328 234,328 259,329 285,329 310,330 336,330 361,331 386,331 412,332 437,332 463,333 488,333 514,334 539,336 565,337 590,338 616,339"/>
                <TextEquiv>
                    <Unicode>y apedreó á san Estéban.</Unicode>
                </TextEquiv>
            </TextLine>
            <TextLine id="region_1607007143461_741l5" custom="readingOrder {index:4;}">
                <Coords points="102,385 127,386 152,386 178,387 203,387 229,388 254,388 280,389 305,389 331,390 356,390 381,391 407,391 432,392 458,392 483,393 509,393 534,393 560,394 585,394 611,395 611,362 585,361 560,361 534,360 509,360 483,360 458,359 432,359 407,358 381,358 356,357 331,357 305,356 280,356 254,355 229,355 203,354 178,354 152,353 127,353 102,352"/>
                <Baseline points="102,374 127,375 152,375 178,376 203,376 229,377 254,377 280,378 305,378 331,379 356,379 381,380 407,380 432,381 458,381 483,382 509,382 534,382 560,383 585,383 611,384"/>
                <TextEquiv>
                    <Unicode>Por fin, aquesto me dijo</Unicode>
                </TextEquiv>
            </TextLine>
            <TextLine id="region_1607007143461_741l6" custom="readingOrder {index:5;}">
                <Coords points="109,435 134,435 160,435 185,435 211,435 236,436 262,436 287,437 313,438 338,438 364,439 389,440 415,440 440,441 466,442 491,443 517,443 542,444 568,445 593,445 619,446 619,412 593,411 568,411 542,410 517,409 491,409 466,408 440,407 415,406 389,406 364,405 338,404 313,404 287,403 262,402 236,402 211,401 185,401 160,401 134,401 109,401"/>
                <Baseline points="109,424 134,424 160,424 185,424 211,424 236,425 262,425 287,426 313,427 338,427 364,428 389,429 415,429 440,430 466,431 491,432 517,432 542,433 568,434 593,434 619,435"/>
                <TextEquiv>
                    <Unicode>con palabras halagüeñas:</Unicode>
                </TextEquiv>
            </TextLine>
            <TextLine id="region_1607007143461_741l7" custom="readingOrder {index:6;}">
                <Coords points="107,483 133,483 159,483 186,483 212,484 239,484 265,484 291,485 318,485 344,486 371,487 397,487 423,488 450,489 476,490 503,491 503,457 476,456 450,455 423,454 397,453 371,453 344,452 318,451 291,451 265,450 239,450 212,450 186,449 159,449 133,449 107,449"/>
                <Baseline points="107,472 133,472 159,472 186,472 212,473 239,473 265,473 291,474 318,474 344,475 371,476 397,476 423,477 450,478 476,479 503,480"/>
                <TextEquiv>
                    <Unicode>hijo de mi corazon,</Unicode>
                </TextEquiv>
            </TextLine>
            <TextLine id="region_1607007143461_741l8" custom="readingOrder {index:7;}">
                <Coords points="104,530 131,531 158,531 185,532 212,532 239,533 266,533 293,534 320,534 347,534 374,535 401,535 428,536 455,537 482,537 509,538 536,539 563,540 590,541 617,542 644,544 644,510 617,508 590,507 563,506 536,505 509,504 482,503 455,503 428,502 401,501 374,501 347,500 320,500 293,500 266,499 239,499 212,498 185,498 158,497 131,497 104,496"/>
                <Baseline points="104,519 131,520 158,520 185,521 212,521 239,522 266,522 293,523 320,523 347,523 374,524 401,524 428,525 455,526 482,526 509,527 536,528 563,529 590,530 617,531 644,533"/>
                <TextEquiv>
                    <Unicode>mucho en el alma quisiera</Unicode>
                </TextEquiv>
            </TextLine>
            <TextLine id="region_1607007143461_741l9" custom="readingOrder {index:8;}">
                <Coords points="111,579 136,579 161,579 187,579 212,580 238,580 263,580 289,581 314,581 340,582 365,582 390,583 416,584 441,584 467,585 492,586 518,587 543,588 569,589 594,590 620,590 620,556 594,556 569,555 543,554 518,553 492,552 467,551 441,550 416,550 390,549 365,548 340,548 314,547 289,547 263,546 238,546 212,546 187,545 161,545 136,545 111,545"/>
                <Baseline points="111,568 136,568 161,568 187,568 212,569 238,569 263,569 289,570 314,570 340,571 365,571 390,572 416,573 441,573 467,574 492,575 518,576 543,577 569,578 594,579 620,579"/>
                <TextEquiv>
                    <Unicode>saber lo que se le ofrece</Unicode>
                </TextEquiv>
            </TextLine>
            <TextLine id="region_1607007143461_741l10" custom="readingOrder {index:9;}">
                <Coords points="109,627 135,627 161,628 187,628 213,628 239,629 265,629 292,630 318,630 344,631 370,632 396,632 422,633 448,634 475,634 501,635 527,636 553,637 579,638 605,639 632,640 632,606 605,605 579,604 553,603 527,602 501,601 475,600 448,600 422,599 396,598 370,598 344,597 318,596 292,596 265,595 239,595 213,594 187,594 161,594 135,593 109,593"/>
                <Baseline points="109,616 135,616 161,617 187,617 213,617 239,618 265,618 292,619 318,619 344,620 370,621 396,621 422,622 448,623 475,623 501,624 527,625 553,626 579,627 605,628 632,629"/>
                <TextEquiv>
                    <Unicode>que tanto el barrio pasea.</Unicode>
                </TextEquiv>
            </TextLine>
            <TextLine id="region_1607007143461_741l11" custom="readingOrder {index:10;}">
                <Coords points="114,674 139,675 164,676 189,676 214,677 239,677 265,678 290,678 315,678 340,679 365,679 390,680 416,680 441,681 466,682 491,683 516,685 541,686 567,689 567,656 541,653 516,652 491,650 466,649 441,648 416,647 390,647 365,646 340,646 315,645 290,645 265,645 239,644 214,644 189,643 164,643 139,642 114,641"/>
                <Baseline points="114,663 139,664 164,665 189,665 214,666 239,666 265,667 290,667 315,667 340,668 365,668 390,669 416,669 441,670 466,671 491,672 516,674 541,675 567,678"/>
                <TextEquiv>
                    <Unicode>Yo la dije: madre mia,</Unicode>
                </TextEquiv>
            </TextLine>
            <TextLine id="region_1607007143461_741l12" custom="readingOrder {index:11;}">
                <Coords points="101,724 127,724 153,724 179,725 205,725 231,725 257,726 283,726 309,726 335,727 361,727 387,728 413,729 439,730 465,731 491,732 517,733 543,734 569,735 595,737 621,739 621,706 595,704 569,702 543,701 517,700 491,699 465,698 439,697 413,696 387,695 361,694 335,694 309,693 283,693 257,693 231,692 205,692 179,692 153,691 127,691 101,691"/>
                <Baseline points="101,713 127,713 153,713 179,714 205,714 231,714 257,715 283,715 309,715 335,716 361,716 387,717 413,718 439,719 465,720 491,721 517,722 543,723 569,724 595,726 621,728"/>
                <TextEquiv>
                    <Unicode>irremediable es mi pena,</Unicode>
                </TextEquiv>
            </TextLine>
            <TextLine id="region_1607007143461_741l13" custom="readingOrder {index:12;}">
                <Coords points="108,772 133,772 158,773 183,773 209,774 234,774 259,774 285,774 310,775 335,775 360,776 386,776 411,777 436,778 462,779 487,781 512,782 538,784 538,751 512,749 487,748 462,746 436,745 411,744 386,743 360,743 335,742 310,742 285,741 259,741 234,741 209,741 183,740 158,740 133,739 108,739"/>
                <Baseline points="108,761 133,761 158,762 183,762 209,763 234,763 259,763 285,763 310,764 335,764 360,765 386,765 411,766 436,767 462,768 487,770 512,771 538,773"/>
                <TextEquiv>
                    <Unicode>mas quiérosela decir</Unicode>
                </TextEquiv>
            </TextLine>
            <TextLine id="region_1607007143461_741l14" custom="readingOrder {index:13;}">
                <Coords points="104,818 129,819 154,820 179,821 204,822 229,822 254,823 279,823 304,824 329,824 354,825 379,825 404,826 429,826 454,827 479,827 504,828 529,829 554,830 579,831 605,833 605,800 579,798 554,797 529,796 504,795 479,794 454,794 429,793 404,793 379,792 354,792 329,791 304,791 279,790 254,790 229,789 204,789 179,788 154,787 129,786 104,785"/>
                <Baseline points="104,807 129,808 154,809 179,810 204,811 229,811 254,812 279,812 304,813 329,813 354,814 379,814 404,815 429,815 454,816 479,816 504,817 529,818 554,819 579,820 605,822"/>
                <TextEquiv>
                    <Unicode>para descansar siquiera.</Unicode>
                </TextEquiv>
            </TextLine>
            <TextLine id="region_1607007143461_741l15" custom="readingOrder {index:14;}">
                <Coords points="101,868 132,868 163,869 194,870 225,871 256,871 287,872 318,873 349,873 380,874 411,875 442,876 473,876 504,877 535,878 566,878 597,879 628,880 659,881 690,881 721,882 721,848 690,847 659,847 628,846 597,845 566,844 535,844 504,843 473,842 442,842 411,841 380,840 349,839 318,839 287,838 256,837 225,837 194,836 163,835 132,834 101,834"/>
                <Baseline points="101,857 132,857 163,858 194,859 225,860 256,860 287,861 318,862 349,862 380,863 411,864 442,865 473,865 504,866 535,867 566,867 597,868 628,869 659,870 690,870 721,871"/>
                <TextEquiv>
                    <Unicode>Sepa usted, que ando buseando</Unicode>
                </TextEquiv>
            </TextLine>
            <TextLine id="region_1607007143461_741l16" custom="readingOrder {index:15;}">
                <Coords points="108,916 133,917 159,918 185,918 211,919 236,919 262,920 288,920 314,921 340,921 365,922 391,922 417,923 443,923 469,924 494,925 520,926 546,926 572,928 598,928 598,894 572,894 546,892 520,892 494,891 469,890 443,889 417,889 391,888 365,888 340,887 314,887 288,886 262,886 236,885 211,885 185,884 159,884 133,883 108,882"/>
                <Baseline points="108,905 133,906 159,907 185,907 211,908 236,908 262,909 288,909 314,910 340,910 365,911 391,911 417,912 443,912 469,913 494,914 520,915 546,915 572,917 598,917"/>
                <TextEquiv>
                    <Unicode>umna doncella, que tenga</Unicode>
                </TextEquiv>
            </TextLine>
            <TextLine id="region_1607007143461_741l17" custom="readingOrder {index:16;}">
                <Coords points="102,966 127,967 153,967 178,967 204,967 230,967 255,967 281,968 306,968 332,968 358,969 383,970 409,970 434,971 460,972 486,973 511,975 537,976 562,977 588,980 614,982 614,948 588,946 562,943 537,942 511,941 486,939 460,938 434,937 409,936 383,936 358,935 332,934 306,934 281,934 255,933 230,933 204,933 178,933 153,933 127,933 102,932"/>
                <Baseline points="102,955 127,956 153,956 178,956 204,956 230,956 255,956 281,957 306,957 332,957 358,958 383,959 409,959 434,960 460,961 486,962 511,964 537,965 562,966 588,969 614,971"/>
                <TextEquiv>
                    <Unicode>lindo garbo y discrecion,</Unicode>
                </TextEquiv>
            </TextLine>
            <TextLine id="region_1607007143461_741l18" custom="readingOrder {index:17;}">
                <Coords points="107,1017 132,1017 157,1017 182,1017 207,1017 233,1017 258,1017 283,1017 308,1018 333,1018 359,1018 384,1019 409,1019 434,1020 459,1021 485,1022 510,1023 535,1024 560,1026 586,1027 586,993 560,992 535,990 510,989 485,988 459,987 434,986 409,985 384,985 359,984 333,984 308,984 283,983 258,983 233,983 207,983 182,983 157,983 132,983 107,983"/>
                <Baseline points="107,1006 132,1006 157,1006 182,1006 207,1006 233,1006 258,1006 283,1006 308,1007 333,1007 359,1007 384,1008 409,1008 434,1009 459,1010 485,1011 510,1012 535,1013 560,1015 586,1016"/>
                <TextEquiv>
                    <Unicode>y que de mi gusto sea:</Unicode>
                </TextEquiv>
            </TextLine>
            <TextLine id="region_1607007143461_741l19" custom="readingOrder {index:18;}">
                <Coords points="112,1064 138,1064 164,1064 190,1064 216,1064 242,1065 268,1065 294,1065 320,1066 346,1067 372,1067 398,1068 424,1068 450,1069 476,1070 502,1071 528,1071 528,1037 502,1037 476,1036 450,1035 424,1034 398,1034 372,1033 346,1033 320,1032 294,1031 268,1031 242,1031 216,1030 190,1030 164,1030 138,1030 112,1030"/>
                <Baseline points="112,1053 138,1053 164,1053 190,1053 216,1053 242,1054 268,1054 294,1054 320,1055 346,1056 372,1056 398,1057 424,1057 450,1058 476,1059 502,1060 528,1060"/>
                <TextEquiv>
                    <Unicode>pero la vieja maldita</Unicode>
                </TextEquiv>
            </TextLine>
            <TextLine id="region_1607007143461_741l20" custom="readingOrder {index:19;}">
                <Coords points="104,1112 130,1112 156,1113 182,1113 208,1114 234,1114 260,1115 286,1115 312,1115 338,1116 364,1116 390,1116 416,1117 442,1118 468,1118 494,1119 520,1120 546,1121 572,1123 598,1125 624,1126 624,1092 598,1091 572,1089 546,1087 520,1086 494,1085 468,1084 442,1084 416,1083 390,1082 364,1082 338,1082 312,1081 286,1081 260,1081 234,1080 208,1080 182,1079 156,1079 130,1078 104,1078"/>
                <Baseline points="104,1101 130,1101 156,1102 182,1102 208,1103 234,1103 260,1104 286,1104 312,1104 338,1105 364,1105 390,1105 416,1106 442,1107 468,1107 494,1108 520,1109 546,1110 572,1112 598,1114 624,1115"/>
                <TextEquiv>
                    <Unicode>como astuta y hechicera,</Unicode>
                </TextEquiv>
            </TextLine>
            <TextLine id="region_1607007143461_741l21" custom="readingOrder {index:20;}">
                <Coords points="97,1159 123,1160 150,1160 176,1161 203,1161 230,1161 256,1162 283,1162 309,1163 336,1163 363,1164 389,1164 416,1165 442,1165 469,1167 496,1167 522,1168 549,1170 575,1171 602,1172 629,1174 629,1140 602,1138 575,1137 549,1136 522,1134 496,1133 469,1133 442,1131 416,1131 389,1130 363,1130 336,1129 309,1129 283,1128 256,1128 230,1127 203,1127 176,1127 150,1126 123,1126 97,1125"/>
                <Baseline points="97,1148 123,1149 150,1149 176,1150 203,1150 230,1150 256,1151 283,1151 309,1152 336,1152 363,1153 389,1153 416,1154 442,1154 469,1156 496,1156 522,1157 549,1159 575,1160 602,1161 629,1163"/>
                <TextEquiv>
                    <Unicode>me ha dicho: señor galan,</Unicode>
                </TextEquiv>
            </TextLine>
            <TextLine id="region_1607007143461_741l22" custom="readingOrder {index:21;}">
                <Coords points="97,1207 123,1208 149,1209 175,1209 201,1210 227,1210 253,1211 279,1211 305,1211 331,1211 357,1212 383,1212 409,1213 435,1213 461,1214 487,1215 513,1217 539,1218 566,1220 566,1187 539,1185 513,1184 487,1182 461,1181 435,1180 409,1180 383,1179 357,1179 331,1178 305,1178 279,1178 253,1178 227,1177 201,1177 175,1176 149,1176 123,1175 97,1174"/>
                <Baseline points="97,1196 123,1197 149,1198 175,1198 201,1199 227,1199 253,1200 279,1200 305,1200 331,1200 357,1201 383,1201 409,1202 435,1202 461,1203 487,1204 513,1206 539,1207 566,1209"/>
                <TextEquiv>
                    <Unicode>á famosa ocasion llega,</Unicode>
                </TextEquiv>
            </TextLine>
            <TextLine id="region_1607007143461_741l23" custom="readingOrder {index:22;}">
                <Coords points="102,1257 128,1258 155,1258 182,1258 209,1259 236,1259 263,1260 289,1260 316,1261 343,1261 370,1262 397,1262 424,1262 451,1263 477,1263 504,1264 531,1265 558,1265 585,1266 612,1267 639,1267 639,1234 612,1234 585,1233 558,1232 531,1232 504,1231 477,1230 451,1230 424,1229 397,1229 370,1229 343,1228 316,1228 289,1227 263,1227 236,1226 209,1226 182,1225 155,1225 128,1225 102,1224"/>
                <Baseline points="102,1246 128,1247 155,1247 182,1247 209,1248 236,1248 263,1249 289,1249 316,1250 343,1250 370,1251 397,1251 424,1251 451,1252 477,1252 504,1253 531,1254 558,1254 585,1255 612,1256 639,1256"/>
                <TextEquiv>
                    <Unicode>pues tengo yo una sobrina</Unicode>
                </TextEquiv>
            </TextLine>
            <TextLine id="region_1607007143461_741l24" custom="readingOrder {index:23;}">
                <Coords points="108,1306 137,1306 166,1307 195,1307 225,1308 254,1308 283,1309 313,1309 342,1310 371,1311 401,1311 430,1312 459,1312 488,1313 518,1314 547,1315 576,1315 606,1316 635,1316 664,1317 694,1318 694,1284 664,1283 635,1282 606,1282 576,1281 547,1281 518,1280 488,1279 459,1278 430,1278 401,1277 371,1277 342,1276 313,1275 283,1275 254,1274 225,1274 195,1273 166,1273 137,1272 108,1272"/>
                <Baseline points="108,1295 137,1295 166,1296 195,1296 225,1297 254,1297 283,1298 313,1298 342,1299 371,1300 401,1300 430,1301 459,1301 488,1302 518,1303 547,1304 576,1304 606,1305 635,1305 664,1306 694,1307"/>
                <TextEquiv>
                    <Unicode>que se puede prendar de ella</Unicode>
                </TextEquiv>
            </TextLine>
            <TextLine id="region_1607007143461_741l25" custom="readingOrder {index:24;}">
                <Coords points="98,1355 124,1355 151,1355 178,1355 205,1355 232,1355 259,1356 285,1357 312,1357 339,1358 366,1359 393,1359 420,1360 447,1361 473,1362 500,1363 527,1363 554,1364 581,1364 608,1365 635,1365 635,1331 608,1331 581,1330 554,1330 527,1329 500,1329 473,1328 447,1327 420,1326 393,1325 366,1325 339,1324 312,1323 285,1323 259,1322 232,1321 205,1321 178,1321 151,1321 124,1321 98,1321"/>
                <Baseline points="98,1344 124,1344 151,1344 178,1344 205,1344 232,1344 259,1345 285,1346 312,1346 339,1347 366,1348 393,1348 420,1349 447,1350 473,1351 500,1352 527,1352 554,1353 581,1353 608,1354 635,1354"/>
                <TextEquiv>
                    <Unicode>el mismo rey en persona,</Unicode>
                </TextEquiv>
            </TextLine>
            <TextLine id="region_1607007143461_741l26" custom="readingOrder {index:25;}">
                <Coords points="102,1402 129,1403 157,1403 185,1403 212,1404 240,1404 268,1405 295,1405 323,1406 351,1406 379,1407 406,1408 434,1408 462,1409 489,1410 517,1410 545,1411 572,1412 600,1413 628,1414 656,1414 656,1380 628,1380 600,1379 572,1378 545,1377 517,1376 489,1376 462,1375 434,1374 406,1374 379,1373 351,1372 323,1372 295,1371 268,1371 240,1370 212,1370 185,1369 157,1369 129,1369 102,1368"/>
                <Baseline points="102,1391 129,1392 157,1392 185,1392 212,1393 240,1393 268,1394 295,1394 323,1395 351,1395 379,1396 406,1397 434,1397 462,1398 489,1399 517,1399 545,1400 572,1401 600,1402 628,1403 656,1403"/>
                <TextEquiv>
                    <Unicode>es muy hermosa y discreta,</Unicode>
                </TextEquiv>
            </TextLine>
            <TextLine id="region_1607007143461_741l27" custom="readingOrder {index:26;}">
                <Coords points="106,1449 134,1450 162,1452 191,1453 219,1453 248,1454 276,1455 304,1455 333,1456 361,1456 390,1456 418,1457 446,1457 475,1458 503,1459 532,1460 560,1460 588,1462 617,1463 645,1464 674,1466 674,1432 645,1430 617,1429 588,1428 560,1426 532,1426 503,1425 475,1424 446,1423 418,1423 390,1422 361,1422 333,1422 304,1421 276,1421 248,1420 219,1419 191,1419 162,1418 134,1416 106,1415"/>
                <Baseline points="106,1438 134,1439 162,1441 191,1442 219,1442 248,1443 276,1444 304,1444 333,1445 361,1445 390,1445 418,1446 446,1446 475,1447 503,1448 532,1449 560,1449 588,1451 617,1452 645,1453 674,1455"/>
                <TextEquiv>
                    <Unicode>tiene muchos pretendientes,</Unicode>
                </TextEquiv>
            </TextLine>
            <TextLine id="region_1607007143461_741l28" custom="readingOrder {index:27;}">
                <Coords points="100,1500 128,1500 156,1501 184,1501 212,1501 240,1501 268,1502 296,1502 324,1503 352,1504 381,1504 409,1505 437,1506 465,1506 493,1507 521,1508 549,1509 577,1509 605,1510 633,1511 662,1511 662,1477 633,1477 605,1476 577,1475 549,1475 521,1474 493,1473 465,1472 437,1472 409,1471 381,1470 352,1470 324,1469 296,1468 268,1468 240,1467 212,1467 184,1467 156,1467 128,1466 100,1466"/>
                <Baseline points="100,1489 128,1489 156,1490 184,1490 212,1490 240,1490 268,1491 296,1491 324,1492 352,1493 381,1493 409,1494 437,1495 465,1495 493,1496 521,1497 549,1498 577,1498 605,1499 633,1500 662,1500"/>
                <TextEquiv>
                    <Unicode>mas á todos los desprecia;</Unicode>
                </TextEquiv>
            </TextLine>
            <TextLine id="region_1607007143461_741l29" custom="readingOrder {index:28;}">
                <Coords points="98,1548 125,1548 152,1549 180,1549 207,1549 235,1550 262,1550 289,1551 317,1552 344,1552 372,1553 399,1553 426,1554 454,1555 481,1555 509,1556 536,1557 563,1557 591,1558 618,1558 646,1559 646,1525 618,1524 591,1524 563,1523 536,1523 509,1522 481,1521 454,1521 426,1520 399,1519 372,1519 344,1518 317,1518 289,1517 262,1516 235,1516 207,1515 180,1515 152,1515 125,1514 98,1514"/>
                <Baseline points="98,1537 125,1537 152,1538 180,1538 207,1538 235,1539 262,1539 289,1540 317,1541 344,1541 372,1542 399,1542 426,1543 454,1544 481,1544 509,1545 536,1546 563,1546 591,1547 618,1547 646,1548"/>
                <TextEquiv>
                    <Unicode>es verdad que esta mañana</Unicode>
                </TextEquiv>
            </TextLine>
            <TextLine id="region_1607007143461_741l30" custom="readingOrder {index:29;}">
                <Coords points="107,1597 133,1597 159,1598 185,1598 211,1598 237,1599 263,1599 289,1599 315,1600 341,1600 367,1601 393,1602 419,1602 445,1603 471,1603 497,1604 523,1605 549,1606 575,1607 601,1607 628,1608 628,1574 601,1573 575,1573 549,1572 523,1571 497,1570 471,1569 445,1569 419,1568 393,1568 367,1567 341,1566 315,1566 289,1565 263,1565 237,1565 211,1564 185,1564 159,1564 133,1563 107,1563"/>
                <Baseline points="107,1586 133,1586 159,1587 185,1587 211,1587 237,1588 263,1588 289,1588 315,1589 341,1589 367,1590 393,1591 419,1591 445,1592 471,1592 497,1593 523,1594 549,1595 575,1596 601,1596 628,1597"/>
                <TextEquiv>
                    <Unicode>me dijo en todo resuelta;</Unicode>
                </TextEquiv>
            </TextLine>
            <TextLine id="region_1607007143461_741l31" custom="readingOrder {index:30;}">
                <Coords points="103,1645 128,1646 153,1646 178,1647 203,1648 228,1648 253,1648 278,1649 303,1649 328,1649 353,1649 378,1649 403,1650 428,1650 453,1650 478,1651 503,1652 528,1652 553,1654 578,1655 578,1621 553,1620 528,1618 503,1618 478,1617 453,1616 428,1616 403,1616 378,1615 353,1615 328,1615 303,1615 278,1615 253,1614 228,1614 203,1614 178,1613 153,1612 128,1612 103,1611"/>
                <Baseline points="103,1634 128,1635 153,1635 178,1636 203,1637 228,1637 253,1637 278,1638 303,1638 328,1638 353,1638 378,1638 403,1639 428,1639 453,1639 478,1640 503,1641 528,1641 553,1643 578,1644"/>
                <TextEquiv>
                    <Unicode>tia, yo quiero casarme</Unicode>
                </TextEquiv>
            </TextLine>
            <TextLine id="region_1607007143461_741l32" custom="readingOrder {index:31;}">
                <Coords points="104,1692 135,1693 166,1694 198,1695 229,1695 261,1696 292,1697 323,1697 355,1698 386,1698 418,1699 449,1699 480,1700 512,1700 543,1701 575,1702 606,1703 637,1703 669,1705 700,1706 732,1707 732,1673 700,1672 669,1671 637,1669 606,1669 575,1668 543,1667 512,1666 480,1666 449,1665 418,1665 386,1664 355,1664 323,1663 292,1663 261,1662 229,1661 198,1661 166,1660 135,1659 104,1658"/>
                <Baseline points="104,1681 135,1682 166,1683 198,1684 229,1684 261,1685 292,1686 323,1686 355,1687 386,1687 418,1688 449,1688 480,1689 512,1689 543,1690 575,1691 606,1692 637,1692 669,1694 700,1695 732,1696"/>
                <TextEquiv>
                    <Unicode>con el mismo que usted quiera;</Unicode>
                </TextEquiv>
            </TextLine>
            <TextLine id="region_1607007143461_741l33" custom="readingOrder {index:32;}">
                <Coords points="101,1743 128,1743 156,1743 183,1743 211,1744 239,1744 266,1745 294,1745 322,1746 349,1746 377,1747 405,1747 432,1748 460,1748 488,1749 515,1749 543,1750 571,1750 598,1750 626,1750 654,1750 654,1717 626,1717 598,1717 571,1717 543,1717 515,1716 488,1716 460,1715 432,1715 405,1714 377,1714 349,1713 322,1713 294,1712 266,1712 239,1711 211,1711 183,1710 156,1710 128,1710 101,1710"/>
                <Baseline points="101,1732 128,1732 156,1732 183,1732 211,1733 239,1733 266,1734 294,1734 322,1735 349,1735 377,1736 405,1736 432,1737 460,1737 488,1738 515,1738 543,1739 571,1739 598,1739 626,1739 654,1739"/>
                <TextEquiv>
                    <Unicode>y siendo usted de mi gusto</Unicode>
                </TextEquiv>
            </TextLine>
            <TextLine id="region_1607007143461_741l34" custom="readingOrder {index:33;}">
                <Coords points="103,1789 130,1790 158,1791 185,1791 213,1792 240,1793 268,1793 295,1794 323,1795 350,1795 378,1796 406,1796 433,1797 461,1797 488,1798 516,1798 543,1799 571,1799 598,1800 626,1801 654,1802 654,1769 626,1768 598,1767 571,1766 543,1766 516,1765 488,1765 461,1764 433,1764 406,1763 378,1763 350,1762 323,1762 295,1761 268,1760 240,1760 213,1759 185,1758 158,1758 130,1757 103,1756"/>
                <Baseline points="103,1778 130,1779 158,1780 185,1780 213,1781 240,1782 268,1782 295,1783 323,1784 350,1784 378,1785 406,1785 433,1786 461,1786 488,1787 516,1787 543,1788 571,1788 598,1789 626,1790 654,1791"/>
                <TextEquiv>
                    <Unicode>tambien será gusto de ella.</Unicode>
                </TextEquiv>
            </TextLine>
            <TextLine id="region_1607007143461_741l35" custom="readingOrder {index:34;}">
                <Coords points="104,1837 130,1838 156,1839 182,1839 208,1840 235,1841 261,1841 287,1841 313,1842 340,1842 366,1843 392,1843 418,1844 444,1844 471,1845 497,1846 523,1847 549,1848 576,1849 576,1815 549,1814 523,1813 497,1812 471,1811 444,1810 418,1810 392,1809 366,1809 340,1808 313,1808 287,1807 261,1807 235,1807 208,1806 182,1805 156,1805 130,1804 104,1803"/>
                <Baseline points="104,1826 130,1827 156,1828 182,1828 208,1829 235,1830 261,1830 287,1830 313,1831 340,1831 366,1832 392,1832 418,1833 444,1833 471,1834 497,1835 523,1836 549,1837 576,1838"/>
                <TextEquiv>
                    <Unicode>Tanto me la encarcció,</Unicode>
                </TextEquiv>
            </TextLine>
            <TextLine id="region_1607007143461_741l36" custom="readingOrder {index:35;}">
                <Coords points="108,1888 136,1888 164,1889 192,1889 221,1890 249,1890 277,1891 306,1891 334,1891 362,1892 391,1892 419,1892 447,1893 475,1893 504,1894 532,1895 560,1896 589,1897 617,1898 645,1900 674,1901 674,1867 645,1866 617,1864 589,1863 560,1862 532,1861 504,1860 475,1859 447,1859 419,1858 391,1858 362,1858 334,1857 306,1857 277,1857 249,1856 221,1856 192,1855 164,1855 136,1854 108,1854"/>
                <Baseline points="108,1877 136,1877 164,1878 192,1878 221,1879 249,1879 277,1880 306,1880 334,1880 362,1881 391,1881 419,1881 447,1882 475,1882 504,1883 532,1884 560,1885 589,1886 617,1887 645,1889 674,1890"/>
                <TextEquiv>
                    <Unicode>que vine á quedar sin verla,</Unicode>
                </TextEquiv>
            </TextLine>
            <TextLine id="region_1607007143461_741l37" custom="readingOrder {index:36;}">
                <Coords points="98,1936 123,1936 149,1937 175,1938 201,1938 226,1938 252,1939 278,1939 304,1939 330,1940 355,1940 381,1940 407,1941 433,1941 458,1942 484,1942 510,1943 536,1944 562,1945 562,1911 536,1910 510,1909 484,1908 458,1908 433,1907 407,1907 381,1906 355,1906 330,1906 304,1905 278,1905 252,1905 226,1904 201,1904 175,1904 149,1903 123,1902 98,1902"/>
                <Baseline points="98,1925 123,1925 149,1926 175,1927 201,1927 226,1927 252,1928 278,1928 304,1928 330,1929 355,1929 381,1929 407,1930 433,1930 458,1931 484,1931 510,1932 536,1933 562,1934"/>
                <TextEquiv>
                    <Unicode>enamorado, de suerte</Unicode>
                </TextEquiv>
            </TextLine>
            <TextLine id="region_1607007143461_741l38" custom="readingOrder {index:37;}">
                <Coords points="98,1986 129,1986 161,1986 193,1987 225,1987 257,1987 289,1987 321,1988 353,1988 385,1989 417,1989 448,1990 480,1991 512,1992 544,1992 576,1993 608,1994 640,1996 672,1997 704,1998 736,2000 736,1966 704,1964 672,1963 640,1962 608,1960 576,1959 544,1958 512,1958 480,1957 448,1956 417,1955 385,1955 353,1954 321,1954 289,1953 257,1953 225,1953 193,1953 161,1952 129,1952 98,1952"/>
                <Baseline points="98,1975 129,1975 161,1975 193,1976 225,1976 257,1976 289,1976 321,1977 353,1977 385,1978 417,1978 448,1979 480,1980 512,1981 544,1981 576,1982 608,1983 640,1985 672,1986 704,1987 736,1989"/>
                <TextEquiv>
                    <Unicode>que era mi pecho una hoguera;</Unicode>
                </TextEquiv>
            </TextLine>
            <TextLine id="region_1607007143461_741l39" custom="readingOrder {index:38;}">
                <Coords points="106,2032 135,2033 164,2034 193,2035 222,2035 251,2036 280,2036 309,2037 338,2037 367,2038 397,2038 426,2038 455,2039 484,2039 513,2040 542,2041 571,2042 600,2043 629,2044 658,2046 688,2047 688,2014 658,2013 629,2011 600,2010 571,2009 542,2008 513,2007 484,2006 455,2006 426,2005 397,2005 367,2005 338,2004 309,2004 280,2003 251,2003 222,2002 193,2002 164,2001 135,2000 106,1999"/>
                <Baseline points="106,2021 135,2022 164,2023 193,2024 222,2024 251,2025 280,2025 309,2026 338,2026 367,2027 397,2027 426,2027 455,2028 484,2028 513,2029 542,2030 571,2031 600,2032 629,2033 658,2035 688,2036"/>
                <TextEquiv>
                    <Unicode>yo otorgué en darla la mano,</Unicode>
                </TextEquiv>
            </TextLine>
            <TextLine id="region_1607007143461_741l40" custom="readingOrder {index:39;}">
                <Coords points="98,2082 125,2083 153,2083 181,2083 209,2084 237,2084 265,2085 292,2085 320,2085 348,2086 376,2086 404,2086 432,2087 460,2087 487,2088 515,2089 543,2089 571,2090 599,2091 627,2092 655,2093 655,2059 627,2058 599,2057 571,2056 543,2055 515,2055 487,2054 460,2053 432,2053 404,2052 376,2052 348,2052 320,2051 292,2051 265,2051 237,2050 209,2050 181,2049 153,2049 125,2049 98,2048"/>
                <Baseline points="98,2071 125,2072 153,2072 181,2072 209,2073 237,2073 265,2074 292,2074 320,2074 348,2075 376,2075 404,2075 432,2076 460,2076 487,2077 515,2078 543,2078 571,2079 599,2080 627,2081 655,2082"/>
                <TextEquiv>
                    <Unicode>mas me hizo la adverténcia</Unicode>
                </TextEquiv>
            </TextLine>
            <TextLine id="region_1607007143461_741l41" custom="readingOrder {index:40;}">
                <Coords points="106,2132 137,2133 168,2133 200,2133 231,2133 263,2134 294,2134 325,2134 357,2135 388,2135 420,2135 451,2136 482,2136 514,2137 545,2138 577,2139 608,2140 639,2141 671,2142 702,2143 734,2145 734,2111 702,2109 671,2108 639,2107 608,2106 577,2105 545,2104 514,2103 482,2102 451,2102 420,2101 388,2101 357,2101 325,2100 294,2100 263,2100 231,2099 200,2099 168,2099 137,2099 106,2098"/>
                <Baseline points="106,2121 137,2122 168,2122 200,2122 231,2122 263,2123 294,2123 325,2123 357,2124 388,2124 420,2124 451,2125 482,2125 514,2126 545,2127 577,2128 608,2129 639,2130 671,2131 702,2132 734,2134"/>
                <TextEquiv>
                    <Unicode>que hasta que ella me avisase,</Unicode>
                </TextEquiv>
            </TextLine>
            <TextLine id="region_1607007143461_741l42" custom="readingOrder {index:41;}">
                <Coords points="108,2180 135,2180 163,2181 190,2181 218,2182 246,2182 273,2183 301,2183 328,2183 356,2184 384,2184 411,2184 439,2185 466,2185 494,2186 522,2186 549,2187 577,2188 604,2188 632,2190 660,2191 660,2157 632,2156 604,2154 577,2154 549,2153 522,2152 494,2152 466,2151 439,2151 411,2150 384,2150 356,2150 328,2149 301,2149 273,2149 246,2148 218,2148 190,2147 163,2147 135,2146 108,2146"/>
                <Baseline points="108,2169 135,2169 163,2170 190,2170 218,2171 246,2171 273,2172 301,2172 328,2172 356,2173 384,2173 411,2173 439,2174 466,2174 494,2175 522,2175 549,2176 577,2177 604,2177 632,2179 660,2180"/>
                <TextEquiv>
                    <Unicode>o no puedo entrar á verla.</Unicode>
                </TextEquiv>
            </TextLine>
            <TextLine id="region_1607007143461_741l43" custom="readingOrder {index:42;}">
                <Coords points="105,2230 130,2231 155,2232 180,2233 205,2233 230,2234 255,2234 280,2234 305,2234 330,2234 356,2235 381,2235 406,2235 431,2235 456,2236 481,2236 506,2237 531,2238 556,2239 581,2241 607,2243 607,2209 581,2207 556,2205 531,2204 506,2203 481,2202 456,2202 431,2201 406,2201 381,2201 356,2201 330,2200 305,2200 280,2200 255,2200 230,2200 205,2199 180,2199 155,2198 130,2197 105,2196"/>
                <Baseline points="105,2219 130,2220 155,2221 180,2222 205,2222 230,2223 255,2223 280,2223 305,2223 330,2223 356,2224 381,2224 406,2224 431,2224 456,2225 481,2225 506,2226 531,2227 556,2228 581,2230 607,2232"/>
                <TextEquiv>
                    <Unicode>Se pasó bast ante tiempo,</Unicode>
                </TextEquiv>
            </TextLine>
            <TextEquiv>
                <Unicode>llegóse una vieja á mí,
que he presumido que era
la que engañó á san Anton
y apedreó á san Estéban.
Por fin, aquesto me dijo
con palabras halagüeñas:
hijo de mi corazon,
mucho en el alma quisiera
saber lo que se le ofrece
que tanto el barrio pasea.
Yo la dije: madre mia,
irremediable es mi pena,
mas quiérosela decir
para descansar siquiera.
Sepa usted, que ando buseando
umna doncella, que tenga
lindo garbo y discrecion,
y que de mi gusto sea:
pero la vieja maldita
como astuta y hechicera,
me ha dicho: señor galan,
á famosa ocasion llega,
pues tengo yo una sobrina
que se puede prendar de ella
el mismo rey en persona,
es muy hermosa y discreta,
tiene muchos pretendientes,
mas á todos los desprecia;
es verdad que esta mañana
me dijo en todo resuelta;
tia, yo quiero casarme
con el mismo que usted quiera;
y siendo usted de mi gusto
tambien será gusto de ella.
Tanto me la encarcció,
que vine á quedar sin verla,
enamorado, de suerte
que era mi pecho una hoguera;
yo otorgué en darla la mano,
mas me hizo la adverténcia
que hasta que ella me avisase,
o no puedo entrar á verla.
Se pasó bast ante tiempo,</Unicode>
            </TextEquiv>
        </TextRegion>
        <TextRegion orientation="0.0" id="region_1607007150173_745" custom="readingOrder {index:1;}">
            <Coords points="821,150 1487,150 1487,2257 821,2257"/>
            <TextLine id="region_1607007150173_745l1" custom="readingOrder {index:0;}">
                <Coords points="834,209 864,208 894,208 924,208 955,207 985,208 1015,208 1045,208 1076,209 1106,209 1136,210 1166,211 1197,212 1227,212 1257,213 1287,214 1318,215 1348,216 1378,217 1408,217 1439,218 1439,185 1408,184 1378,184 1348,183 1318,182 1287,181 1257,180 1227,179 1197,179 1166,178 1136,177 1106,176 1076,176 1045,175 1015,175 985,175 955,174 924,175 894,175 864,175 834,176"/>
                <Baseline points="834,198 864,197 894,197 924,197 955,196 985,197 1015,197 1045,197 1076,198 1106,198 1136,199 1166,200 1197,201 1227,201 1257,202 1287,203 1318,204 1348,205 1378,206 1408,206 1439,207"/>
                <TextEquiv>
                    <Unicode>cumpliendo como era fuerza,</Unicode>
                </TextEquiv>
            </TextLine>
            <TextLine id="region_1607007150173_745l2" custom="readingOrder {index:1;}">
                <Coords points="836,254 862,254 888,255 914,255 940,255 966,255 992,256 1018,256 1044,256 1071,256 1097,257 1123,257 1149,258 1175,258 1201,259 1227,260 1253,261 1279,263 1306,264 1306,231 1279,230 1253,228 1227,227 1201,226 1175,225 1149,225 1123,224 1097,224 1071,223 1044,223 1018,223 992,223 966,222 940,222 914,222 888,222 862,221 836,221"/>
                <Baseline points="836,243 862,243 888,244 914,244 940,244 966,244 992,245 1018,245 1044,245 1071,245 1097,246 1123,246 1149,247 1175,247 1201,248 1227,249 1253,250 1279,252 1306,253"/>
                <TextEquiv>
                    <Unicode>con regalos á la novia,</Unicode>
                </TextEquiv>
            </TextLine>
            <TextLine id="region_1607007150173_745l3" custom="readingOrder {index:2;}">
                <Coords points="840,307 865,306 890,306 915,305 940,305 966,304 991,304 1016,304 1041,304 1066,304 1092,304 1117,305 1142,305 1167,306 1192,307 1218,308 1243,309 1268,310 1293,311 1319,313 1319,280 1293,278 1268,277 1243,276 1218,275 1192,274 1167,273 1142,272 1117,272 1092,271 1066,271 1041,271 1016,271 991,271 966,271 940,272 915,272 890,273 865,273 840,274"/>
                <Baseline points="840,296 865,295 890,295 915,294 940,294 966,293 991,293 1016,293 1041,293 1066,293 1092,293 1117,294 1142,294 1167,295 1192,296 1218,297 1243,298 1268,299 1293,300 1319,302"/>
                <TextEquiv>
                    <Unicode>y con gages á la vieja,</Unicode>
                </TextEquiv>
            </TextLine>
            <TextLine id="region_1607007150173_745l4" custom="readingOrder {index:3;}">
                <Coords points="837,351 868,351 899,351 930,351 962,351 993,352 1024,352 1056,353 1087,353 1118,354 1150,354 1181,355 1212,355 1243,356 1275,356 1306,357 1337,357 1369,357 1400,357 1431,357 1463,357 1463,324 1431,324 1400,324 1369,324 1337,324 1306,324 1275,323 1243,323 1212,322 1181,322 1150,321 1118,321 1087,320 1056,320 1024,319 993,319 962,318 930,318 899,318 868,318 837,318"/>
                <Baseline points="837,340 868,340 899,340 930,340 962,340 993,341 1024,341 1056,342 1087,342 1118,343 1150,343 1181,344 1212,344 1243,345 1275,345 1306,346 1337,346 1369,346 1400,346 1431,346 1463,346"/>
                <TextEquiv>
                    <Unicode>de suerte que siempre andaba</Unicode>
                </TextEquiv>
            </TextLine>
            <TextLine id="region_1607007150173_745l5" custom="readingOrder {index:4;}">
                <Coords points="836,397 864,399 893,400 921,400 950,401 979,402 1007,402 1036,402 1064,402 1093,402 1122,402 1150,403 1179,403 1207,403 1236,403 1265,404 1293,405 1322,406 1350,407 1379,409 1408,410 1408,377 1379,376 1350,374 1322,373 1293,372 1265,371 1236,370 1207,370 1179,370 1150,370 1122,369 1093,369 1064,369 1036,369 1007,369 979,369 950,368 921,367 893,367 864,366 836,364"/>
                <Baseline points="836,386 864,388 893,389 921,389 950,390 979,391 1007,391 1036,391 1064,391 1093,391 1122,391 1150,392 1179,392 1207,392 1236,392 1265,393 1293,394 1322,395 1350,396 1379,398 1408,399"/>
                <TextEquiv>
                    <Unicode>sin un cuarto y de carrera,</Unicode>
                </TextEquiv>
            </TextLine>
            <TextLine id="region_1607007150173_745l6" custom="readingOrder {index:5;}">
                <Coords points="831,447 857,447 883,447 909,448 936,448 962,448 988,449 1014,449 1041,450 1067,450 1093,450 1119,451 1146,451 1172,451 1198,451 1224,452 1251,452 1277,451 1303,451 1330,451 1330,418 1303,418 1277,418 1251,419 1224,419 1198,418 1172,418 1146,418 1119,418 1093,417 1067,417 1041,417 1014,416 988,416 962,415 936,415 909,415 883,414 857,414 831,414"/>
                <Baseline points="831,436 857,436 883,436 909,437 936,437 962,437 988,438 1014,438 1041,439 1067,439 1093,439 1119,440 1146,440 1172,440 1198,440 1224,441 1251,441 1277,440 1303,440 1330,440"/>
                <TextEquiv>
                    <Unicode>hasta que un dia la dije:</Unicode>
                </TextEquiv>
            </TextLine>
            <TextLine id="region_1607007150173_745l7" custom="readingOrder {index:6;}">
                <Coords points="836,496 865,496 895,496 925,496 955,496 985,496 1014,497 1044,497 1074,497 1104,498 1134,498 1163,499 1193,499 1223,499 1253,500 1283,500 1312,500 1342,501 1372,501 1402,501 1432,501 1432,467 1402,467 1372,467 1342,467 1312,466 1283,466 1253,466 1223,465 1193,465 1163,465 1134,464 1104,464 1074,463 1044,463 1014,463 985,462 955,462 925,462 895,462 865,462 836,462"/>
                <Baseline points="836,485 865,485 895,485 925,485 955,485 985,485 1014,486 1044,486 1074,486 1104,487 1134,487 1163,488 1193,488 1223,488 1253,489 1283,489 1312,489 1342,490 1372,490 1402,490 1432,490"/>
                <TextEquiv>
                    <Unicode>madre ¿cuándo me despena?</Unicode>
                </TextEquiv>
            </TextLine>
            <TextLine id="region_1607007150173_745l8" custom="readingOrder {index:7;}">
                <Coords points="842,542 871,544 900,544 930,545 959,546 989,546 1018,547 1047,547 1077,547 1106,547 1136,547 1165,548 1194,548 1224,548 1253,548 1283,549 1312,549 1341,550 1371,550 1400,551 1430,552 1430,519 1400,518 1371,517 1341,517 1312,516 1283,516 1253,515 1224,515 1194,515 1165,515 1136,514 1106,514 1077,514 1047,514 1018,514 989,513 959,513 930,512 900,511 871,511 842,509"/>
                <Baseline points="842,531 871,533 900,533 930,534 959,535 989,535 1018,536 1047,536 1077,536 1106,536 1136,536 1165,537 1194,537 1224,537 1253,537 1283,538 1312,538 1341,539 1371,539 1400,540 1430,541"/>
                <TextEquiv>
                    <Unicode>y ella me respondió entonces:</Unicode>
                </TextEquiv>
            </TextLine>
            <TextLine id="region_1607007150173_745l9" custom="readingOrder {index:8;}">
                <Coords points="841,592 866,592 891,593 916,593 941,594 966,594 991,594 1017,595 1042,595 1067,595 1092,595 1117,595 1142,595 1167,595 1193,595 1218,596 1243,596 1268,597 1293,598 1318,599 1344,600 1344,566 1318,565 1293,564 1268,563 1243,562 1218,562 1193,561 1167,561 1142,561 1117,561 1092,561 1067,561 1042,561 1017,561 991,560 966,560 941,560 916,559 891,559 866,558 841,558"/>
                <Baseline points="841,581 866,581 891,582 916,582 941,583 966,583 991,583 1017,584 1042,584 1067,584 1092,584 1117,584 1142,584 1167,584 1193,584 1218,585 1243,585 1268,586 1293,587 1318,588 1344,589"/>
                <TextEquiv>
                    <Unicode>en saliendo la cuaresma</Unicode>
                </TextEquiv>
            </TextLine>
            <TextLine id="region_1607007150173_745l10" custom="readingOrder {index:9;}">
                <Coords points="839,639 865,639 891,640 918,641 944,641 970,642 997,642 1023,642 1049,642 1076,642 1102,643 1128,643 1155,643 1181,644 1207,644 1234,645 1260,645 1286,646 1313,647 1339,649 1366,650 1366,617 1339,616 1313,614 1286,613 1260,612 1234,612 1207,611 1181,611 1155,610 1128,610 1102,610 1076,609 1049,609 1023,609 997,609 970,609 944,608 918,608 891,607 865,606 839,606"/>
                <Baseline points="839,628 865,628 891,629 918,630 944,630 970,631 997,631 1023,631 1049,631 1076,631 1102,632 1128,632 1155,632 1181,633 1207,633 1234,634 1260,634 1286,635 1313,636 1339,638 1366,639"/>
                <TextEquiv>
                    <Unicode>viene la Pascua de flores,</Unicode>
                </TextEquiv>
            </TextLine>
            <TextLine id="region_1607007150173_745l11" custom="readingOrder {index:10;}">
                <Coords points="842,688 868,689 894,689 920,689 947,690 973,690 999,690 1026,690 1052,690 1078,691 1105,691 1131,691 1157,692 1183,692 1210,692 1236,693 1262,693 1289,694 1315,694 1341,695 1368,696 1368,663 1341,662 1315,661 1289,661 1262,660 1236,660 1210,659 1183,659 1157,659 1131,658 1105,658 1078,658 1052,657 1026,657 999,657 973,657 947,657 920,656 894,656 868,656 842,655"/>
                <Baseline points="842,677 868,678 894,678 920,678 947,679 973,679 999,679 1026,679 1052,679 1078,680 1105,680 1131,680 1157,681 1183,681 1210,681 1236,682 1262,682 1289,683 1315,683 1341,684 1368,685"/>
                <TextEquiv>
                    <Unicode>y hará la entrada primera.</Unicode>
                </TextEquiv>
            </TextLine>
            <TextLine id="region_1607007150173_745l12" custom="readingOrder {index:11;}">
                <Coords points="841,735 868,736 895,736 922,737 949,737 976,738 1003,738 1031,739 1058,739 1085,739 1112,740 1139,740 1166,740 1193,741 1221,742 1248,742 1275,743 1302,744 1329,745 1356,746 1384,747 1384,713 1356,712 1329,711 1302,710 1275,709 1248,708 1221,708 1193,707 1166,706 1139,706 1112,706 1085,705 1058,705 1031,705 1003,704 976,704 949,703 922,703 895,702 868,702 841,701"/>
                <Baseline points="841,724 868,725 895,725 922,726 949,726 976,727 1003,727 1031,728 1058,728 1085,728 1112,729 1139,729 1166,729 1193,730 1221,731 1248,731 1275,732 1302,733 1329,734 1356,735 1384,736"/>
                <TextEquiv>
                    <Unicode>Yo entonces quedé gozoso,</Unicode>
                </TextEquiv>
            </TextLine>
            <TextLine id="region_1607007150173_745l13" custom="readingOrder {index:12;}">
                <Coords points="846,785 871,785 897,786 923,787 948,787 974,788 1000,788 1025,788 1051,788 1077,788 1102,788 1128,788 1154,788 1179,788 1205,788 1231,789 1256,789 1282,790 1308,792 1308,758 1282,756 1256,755 1231,755 1205,754 1179,754 1154,754 1128,754 1102,754 1077,754 1051,754 1025,754 1000,754 974,754 948,753 923,753 897,752 871,751 846,751"/>
                <Baseline points="846,774 871,774 897,775 923,776 948,776 974,777 1000,777 1025,777 1051,777 1077,777 1102,777 1128,777 1154,777 1179,777 1205,777 1231,778 1256,778 1282,779 1308,781"/>
                <TextEquiv>
                    <Unicode>porque yá venia cerca.</Unicode>
                </TextEquiv>
            </TextLine>
            <TextLine id="region_1607007150173_745l14" custom="readingOrder {index:13;}">
                <Coords points="838,833 869,834 900,834 931,835 963,835 994,836 1025,836 1057,836 1088,837 1119,837 1151,837 1182,837 1213,838 1244,838 1276,839 1307,839 1338,840 1370,840 1401,841 1432,842 1464,843 1464,809 1432,808 1401,807 1370,806 1338,806 1307,805 1276,805 1244,804 1213,804 1182,803 1151,803 1119,803 1088,803 1057,802 1025,802 994,802 963,801 931,801 900,800 869,800 838,799"/>
                <Baseline points="838,822 869,823 900,823 931,824 963,824 994,825 1025,825 1057,825 1088,826 1119,826 1151,826 1182,826 1213,827 1244,827 1276,828 1307,828 1338,829 1370,829 1401,830 1432,831 1464,832"/>
                <TextEquiv>
                    <Unicode>Llegó, en fin, la dicha Pascua,</Unicode>
                </TextEquiv>
            </TextLine>
            <TextLine id="region_1607007150173_745l15" custom="readingOrder {index:14;}">
                <Coords points="844,882 875,882 906,882 938,883 969,883 1000,883 1032,884 1063,884 1094,885 1126,885 1157,886 1188,886 1220,887 1251,887 1282,887 1314,888 1345,888 1376,889 1408,890 1439,890 1471,891 1471,857 1439,856 1408,856 1376,855 1345,854 1314,854 1282,853 1251,853 1220,853 1188,852 1157,852 1126,851 1094,851 1063,850 1032,850 1000,849 969,849 938,849 906,848 875,848 844,848"/>
                <Baseline points="844,871 875,871 906,871 938,872 969,872 1000,872 1032,873 1063,873 1094,874 1126,874 1157,875 1188,875 1220,876 1251,876 1282,876 1314,877 1345,877 1376,878 1408,879 1439,879 1471,880"/>
                <TextEquiv>
                    <Unicode>que es costumbre donde quiera</Unicode>
                </TextEquiv>
            </TextLine>
            <TextLine id="region_1607007150173_745l16" custom="readingOrder {index:15;}">
                <Coords points="833,931 858,931 884,931 910,931 935,931 961,932 987,932 1013,932 1038,932 1064,932 1090,932 1115,932 1141,932 1167,933 1193,933 1218,933 1244,934 1270,934 1296,935 1296,901 1270,900 1244,900 1218,899 1193,899 1167,899 1141,898 1115,898 1090,898 1064,898 1038,898 1013,898 987,898 961,898 935,897 910,897 884,897 858,897 833,897"/>
                <Baseline points="833,920 858,920 884,920 910,920 935,920 961,921 987,921 1013,921 1038,921 1064,921 1090,921 1115,921 1141,921 1167,922 1193,922 1218,922 1244,923 1270,923 1296,924"/>
                <TextEquiv>
                    <Unicode>él regalar á las novias</Unicode>
                </TextEquiv>
            </TextLine>
            <TextLine id="region_1607007150173_745l17" custom="readingOrder {index:16;}">
                <Coords points="836,978 861,978 886,979 912,979 937,980 963,980 988,980 1014,980 1039,980 1065,980 1090,981 1116,981 1141,981 1167,981 1192,981 1218,981 1243,982 1269,983 1294,984 1320,985 1320,951 1294,950 1269,949 1243,948 1218,947 1192,947 1167,947 1141,947 1116,947 1090,947 1065,946 1039,946 1014,946 988,946 963,946 937,946 912,945 886,945 861,944 836,944"/>
                <Baseline points="836,967 861,967 886,968 912,968 937,969 963,969 988,969 1014,969 1039,969 1065,969 1090,970 1116,970 1141,970 1167,970 1192,970 1218,970 1243,971 1269,972 1294,973 1320,974"/>
                <TextEquiv>
                    <Unicode>con alguna cosa fresca.</Unicode>
                </TextEquiv>
            </TextLine>
            <TextLine id="region_1607007150173_745l18" custom="readingOrder {index:17;}">
                <Coords points="844,1025 872,1026 901,1027 930,1028 959,1028 988,1029 1017,1029 1046,1029 1075,1029 1104,1030 1133,1030 1161,1030 1190,1030 1219,1031 1248,1031 1277,1032 1306,1032 1335,1033 1364,1034 1393,1035 1422,1036 1422,1002 1393,1001 1364,1000 1335,999 1306,998 1277,998 1248,997 1219,997 1190,996 1161,996 1133,996 1104,996 1075,995 1046,995 1017,995 988,995 959,994 930,994 901,993 872,992 844,991"/>
                <Baseline points="844,1014 872,1015 901,1016 930,1017 959,1017 988,1018 1017,1018 1046,1018 1075,1018 1104,1019 1133,1019 1161,1019 1190,1019 1219,1020 1248,1020 1277,1021 1306,1021 1335,1022 1364,1023 1393,1024 1422,1025"/>
                <TextEquiv>
                    <Unicode>Yo compré un lindo carnero,</Unicode>
                </TextEquiv>
            </TextLine>
            <TextLine id="region_1607007150173_745l19" custom="readingOrder {index:18;}">
                <Coords points="834,1077 860,1077 886,1077 913,1077 939,1076 965,1076 992,1076 1018,1076 1044,1076 1071,1077 1097,1077 1123,1077 1150,1078 1176,1079 1202,1080 1229,1081 1255,1083 1282,1084 1282,1051 1255,1050 1229,1048 1202,1047 1176,1046 1150,1045 1123,1044 1097,1044 1071,1044 1044,1043 1018,1043 992,1043 965,1043 939,1043 913,1044 886,1044 860,1044 834,1044"/>
                <Baseline points="834,1066 860,1066 886,1066 913,1066 939,1065 965,1065 992,1065 1018,1065 1044,1065 1071,1066 1097,1066 1123,1066 1150,1067 1176,1068 1202,1069 1229,1070 1255,1072 1282,1073"/>
                <TextEquiv>
                    <Unicode>moteándole con seda,</Unicode>
                </TextEquiv>
            </TextLine>
            <TextLine id="region_1607007150173_745l20" custom="readingOrder {index:19;}">
                <Coords points="831,1128 859,1127 888,1126 917,1125 946,1125 975,1125 1004,1124 1033,1125 1062,1125 1091,1125 1120,1126 1148,1126 1177,1127 1206,1127 1235,1128 1264,1128 1293,1129 1322,1129 1351,1130 1380,1130 1409,1130 1409,1099 1380,1099 1351,1099 1322,1098 1293,1098 1264,1097 1235,1097 1206,1096 1177,1096 1148,1095 1120,1095 1091,1094 1062,1094 1033,1094 1004,1093 975,1094 946,1094 917,1094 888,1095 859,1096 831,1097"/>
                <Baseline points="831,1118 859,1117 888,1116 917,1115 946,1115 975,1115 1004,1114 1033,1115 1062,1115 1091,1115 1120,1116 1148,1116 1177,1117 1206,1117 1235,1118 1264,1118 1293,1119 1322,1119 1351,1120 1380,1120 1409,1120"/>
                <TextEquiv>
                    <Unicode>y tambien compré aquel dia</Unicode>
                </TextEquiv>
            </TextLine>
            <TextLine id="region_1607007150173_745l21" custom="readingOrder {index:20;}">
                <Coords points="834,1172 859,1172 884,1171 909,1171 934,1171 959,1171 984,1171 1009,1171 1034,1171 1060,1171 1085,1171 1110,1171 1135,1172 1160,1173 1185,1173 1210,1174 1235,1176 1260,1177 1286,1178 1286,1147 1260,1146 1235,1145 1210,1143 1185,1142 1160,1142 1135,1141 1110,1140 1085,1140 1060,1140 1034,1140 1009,1140 984,1140 959,1140 934,1140 909,1140 884,1140 859,1141 834,1141"/>
                <Baseline points="834,1162 859,1162 884,1161 909,1161 934,1161 959,1161 984,1161 1009,1161 1034,1161 1060,1161 1085,1161 1110,1161 1135,1162 1160,1163 1185,1163 1210,1164 1235,1166 1260,1167 1286,1168"/>
                <TextEquiv>
                    <Unicode>una sortija muy bella,</Unicode>
                </TextEquiv>
            </TextLine>
            <TextLine id="region_1607007150173_745l22" custom="readingOrder {index:21;}">
                <Coords points="844,1220 869,1221 895,1221 921,1221 946,1221 972,1221 998,1221 1023,1221 1049,1221 1075,1222 1100,1222 1126,1222 1152,1223 1177,1223 1203,1224 1229,1225 1254,1226 1280,1228 1306,1229 1306,1195 1280,1194 1254,1192 1229,1191 1203,1190 1177,1189 1152,1189 1126,1188 1100,1188 1075,1188 1049,1187 1023,1187 998,1187 972,1187 946,1187 921,1187 895,1187 869,1187 844,1186"/>
                <Baseline points="844,1209 869,1210 895,1210 921,1210 946,1210 972,1210 998,1210 1023,1210 1049,1210 1075,1211 1100,1211 1126,1211 1152,1212 1177,1212 1203,1213 1229,1214 1254,1215 1280,1217 1306,1218"/>
                <TextEquiv>
                    <Unicode>para llevar á mi Cloris,</Unicode>
                </TextEquiv>
            </TextLine>
            <TextLine id="region_1607007150173_745l23" custom="readingOrder {index:22;}">
                <Coords points="842,1266 867,1267 893,1268 919,1269 944,1269 970,1270 996,1270 1021,1271 1047,1271 1073,1271 1098,1271 1124,1271 1150,1272 1175,1272 1201,1272 1227,1273 1252,1273 1278,1274 1304,1275 1330,1276 1330,1242 1304,1241 1278,1240 1252,1239 1227,1239 1201,1238 1175,1238 1150,1238 1124,1237 1098,1237 1073,1237 1047,1237 1021,1237 996,1236 970,1236 944,1235 919,1235 893,1234 867,1233 842,1232"/>
                <Baseline points="842,1255 867,1256 893,1257 919,1258 944,1258 970,1259 996,1259 1021,1260 1047,1260 1073,1260 1098,1260 1124,1260 1150,1261 1175,1261 1201,1261 1227,1262 1252,1262 1278,1263 1304,1264 1330,1265"/>
                <TextEquiv>
                    <Unicode>y otros regalos con ella.</Unicode>
                </TextEquiv>
            </TextLine>
            <TextLine id="region_1607007150173_745l24" custom="readingOrder {index:23;}">
                <Coords points="828,1316 854,1317 880,1318 906,1318 932,1319 958,1319 984,1319 1010,1319 1036,1320 1062,1320 1089,1320 1115,1320 1141,1320 1167,1320 1193,1320 1219,1321 1245,1321 1271,1322 1297,1322 1324,1323 1324,1289 1297,1288 1271,1288 1245,1287 1219,1287 1193,1286 1167,1286 1141,1286 1115,1286 1089,1286 1062,1286 1036,1286 1010,1285 984,1285 958,1285 932,1285 906,1284 880,1284 854,1283 828,1282"/>
                <Baseline points="828,1305 854,1306 880,1307 906,1307 932,1308 958,1308 984,1308 1010,1308 1036,1309 1062,1309 1089,1309 1115,1309 1141,1309 1167,1309 1193,1309 1219,1310 1245,1310 1271,1311 1297,1311 1324,1312"/>
                <TextEquiv>
                    <Unicode>Entré por fin en su casa</Unicode>
                </TextEquiv>
            </TextLine>
            <TextLine id="region_1607007150173_745l25" custom="readingOrder {index:24;}">
                <Coords points="830,1365 856,1365 883,1366 910,1367 937,1367 963,1367 990,1368 1017,1368 1044,1368 1070,1368 1097,1368 1124,1368 1151,1369 1177,1369 1204,1369 1231,1370 1258,1370 1284,1371 1311,1372 1338,1372 1365,1373 1365,1339 1338,1338 1311,1338 1284,1337 1258,1336 1231,1336 1204,1335 1177,1335 1151,1335 1124,1334 1097,1334 1070,1334 1044,1334 1017,1334 990,1334 963,1333 937,1333 910,1333 883,1332 856,1331 830,1331"/>
                <Baseline points="830,1354 856,1354 883,1355 910,1356 937,1356 963,1356 990,1357 1017,1357 1044,1357 1070,1357 1097,1357 1124,1357 1151,1358 1177,1358 1204,1358 1231,1359 1258,1359 1284,1360 1311,1361 1338,1361 1365,1362"/>
                <TextEquiv>
                    <Unicode>donde á mi señora suegra</Unicode>
                </TextEquiv>
            </TextLine>
            <TextLine id="region_1607007150173_745l26" custom="readingOrder {index:25;}">
                <Coords points="834,1413 860,1414 886,1415 912,1415 938,1415 965,1416 991,1416 1017,1416 1043,1416 1070,1416 1096,1416 1122,1416 1148,1417 1175,1417 1201,1418 1227,1419 1253,1421 1280,1422 1280,1388 1253,1387 1227,1385 1201,1384 1175,1383 1148,1383 1122,1382 1096,1382 1070,1382 1043,1382 1017,1382 991,1382 965,1382 938,1381 912,1381 886,1381 860,1380 834,1379"/>
                <Baseline points="834,1402 860,1403 886,1404 912,1404 938,1404 965,1405 991,1405 1017,1405 1043,1405 1070,1405 1096,1405 1122,1405 1148,1406 1175,1406 1201,1407 1227,1408 1253,1410 1280,1411"/>
                <TextEquiv>
                    <Unicode>la saludé muy cortés,</Unicode>
                </TextEquiv>
            </TextLine>
            <TextLine id="region_1607007150173_745l27" custom="readingOrder {index:26;}">
                <Coords points="831,1463 856,1463 881,1463 907,1463 932,1464 958,1464 983,1464 1009,1464 1034,1464 1060,1464 1085,1464 1111,1465 1136,1465 1162,1465 1187,1466 1213,1466 1238,1467 1264,1468 1289,1469 1315,1470 1315,1436 1289,1435 1264,1434 1238,1433 1213,1432 1187,1432 1162,1431 1136,1431 1111,1431 1085,1430 1060,1430 1034,1430 1009,1430 983,1430 958,1430 932,1430 907,1429 881,1429 856,1429 831,1429"/>
                <Baseline points="831,1452 856,1452 881,1452 907,1452 932,1453 958,1453 983,1453 1009,1453 1034,1453 1060,1453 1085,1453 1111,1454 1136,1454 1162,1454 1187,1455 1213,1455 1238,1456 1264,1457 1289,1458 1315,1459"/>
                <TextEquiv>
                    <Unicode>y ella me saludó atenta;</Unicode>
                </TextEquiv>
            </TextLine>
            <TextLine id="region_1607007150173_745l28" custom="readingOrder {index:27;}">
                <Coords points="832,1512 857,1512 882,1512 907,1512 932,1512 957,1512 982,1512 1007,1513 1032,1513 1057,1513 1082,1513 1107,1513 1132,1514 1157,1514 1182,1514 1207,1515 1232,1516 1257,1516 1282,1517 1307,1518 1332,1519 1332,1486 1307,1485 1282,1484 1257,1483 1232,1483 1207,1482 1182,1481 1157,1481 1132,1481 1107,1480 1082,1480 1057,1480 1032,1480 1007,1480 982,1479 957,1479 932,1479 907,1479 882,1479 857,1479 832,1479"/>
                <Baseline points="832,1501 857,1501 882,1501 907,1501 932,1501 957,1501 982,1501 1007,1502 1032,1502 1057,1502 1082,1502 1107,1502 1132,1503 1157,1503 1182,1503 1207,1504 1232,1505 1257,1505 1282,1506 1307,1507 1332,1508"/>
                <TextEquiv>
                    <Unicode>preguntéle por mi niña,</Unicode>
                </TextEquiv>
            </TextLine>
            <TextLine id="region_1607007150173_745l29" custom="readingOrder {index:28;}">
                <Coords points="829,1556 855,1558 881,1559 908,1560 934,1561 961,1562 987,1562 1014,1562 1040,1562 1067,1562 1093,1562 1119,1562 1146,1562 1172,1562 1199,1562 1225,1562 1252,1563 1278,1563 1305,1564 1331,1565 1358,1566 1358,1533 1331,1532 1305,1531 1278,1530 1252,1530 1225,1529 1199,1529 1172,1529 1146,1529 1119,1529 1093,1529 1067,1529 1040,1529 1014,1529 987,1529 961,1529 934,1528 908,1527 881,1526 855,1525 829,1523"/>
                <Baseline points="829,1545 855,1547 881,1548 908,1549 934,1550 961,1551 987,1551 1014,1551 1040,1551 1067,1551 1093,1551 1119,1551 1146,1551 1172,1551 1199,1551 1225,1551 1252,1552 1278,1552 1305,1553 1331,1554 1358,1555"/>
                <TextEquiv>
                    <Unicode>y entonces respondió ella:</Unicode>
                </TextEquiv>
            </TextLine>
            <TextLine id="region_1607007150173_745l30" custom="readingOrder {index:29;}">
                <Coords points="832,1605 857,1607 882,1608 908,1608 933,1609 959,1609 984,1610 1010,1610 1035,1610 1061,1610 1086,1610 1112,1610 1137,1610 1163,1610 1188,1611 1214,1611 1239,1611 1265,1612 1290,1613 1316,1613 1316,1579 1290,1579 1265,1578 1239,1577 1214,1577 1188,1577 1163,1576 1137,1576 1112,1576 1086,1576 1061,1576 1035,1576 1010,1576 984,1576 959,1575 933,1575 908,1574 882,1574 857,1573 832,1571"/>
                <Baseline points="832,1594 857,1596 882,1597 908,1597 933,1598 959,1598 984,1599 1010,1599 1035,1599 1061,1599 1086,1599 1112,1599 1137,1599 1163,1599 1188,1600 1214,1600 1239,1600 1265,1601 1290,1602 1316,1602"/>
                <TextEquiv>
                    <Unicode>ahora se entró al corral</Unicode>
                </TextEquiv>
            </TextLine>
            <TextLine id="region_1607007150173_745l31" custom="readingOrder {index:30;}">
                <Coords points="830,1654 855,1655 881,1656 907,1656 933,1657 959,1657 985,1657 1011,1658 1037,1658 1063,1658 1089,1658 1115,1659 1141,1659 1167,1659 1193,1659 1219,1659 1245,1660 1271,1660 1297,1661 1323,1662 1323,1628 1297,1627 1271,1626 1245,1626 1219,1625 1193,1625 1167,1625 1141,1625 1115,1625 1089,1624 1063,1624 1037,1624 1011,1624 985,1623 959,1623 933,1623 907,1622 881,1622 855,1621 830,1620"/>
                <Baseline points="830,1643 855,1644 881,1645 907,1645 933,1646 959,1646 985,1646 1011,1647 1037,1647 1063,1647 1089,1647 1115,1648 1141,1648 1167,1648 1193,1648 1219,1648 1245,1649 1271,1649 1297,1650 1323,1651"/>
                <TextEquiv>
                    <Unicode>á sentarse en la secreta.</Unicode>
                </TextEquiv>
            </TextLine>
            <TextLine id="region_1607007150173_745l32" custom="readingOrder {index:31;}">
                <Coords points="830,1704 855,1704 880,1704 905,1704 930,1704 956,1705 981,1705 1006,1705 1031,1705 1056,1706 1082,1706 1107,1706 1132,1707 1157,1707 1182,1708 1208,1708 1233,1708 1258,1709 1283,1709 1308,1709 1334,1709 1334,1675 1308,1675 1283,1675 1258,1675 1233,1674 1208,1674 1182,1674 1157,1673 1132,1673 1107,1672 1082,1672 1056,1672 1031,1671 1006,1671 981,1671 956,1671 930,1670 905,1670 880,1670 855,1670 830,1670"/>
                <Baseline points="830,1693 855,1693 880,1693 905,1693 930,1693 956,1694 981,1694 1006,1694 1031,1694 1056,1695 1082,1695 1107,1695 1132,1696 1157,1696 1182,1697 1208,1697 1233,1697 1258,1698 1283,1698 1308,1698 1334,1698"/>
                <TextEquiv>
                    <Unicode>Y desde dentro responde</Unicode>
                </TextEquiv>
            </TextLine>
            <TextLine id="region_1607007150173_745l33" custom="readingOrder {index:32;}">
                <Coords points="824,1752 849,1752 875,1753 900,1753 926,1754 952,1754 977,1754 1003,1754 1029,1754 1054,1755 1080,1755 1105,1755 1131,1755 1157,1756 1182,1756 1208,1757 1234,1757 1234,1723 1208,1723 1182,1722 1157,1722 1131,1721 1105,1721 1080,1721 1054,1721 1029,1720 1003,1720 977,1720 952,1720 926,1720 900,1719 875,1719 849,1718 824,1718"/>
                <Baseline points="824,1741 849,1741 875,1742 900,1742 926,1743 952,1743 977,1743 1003,1743 1029,1743 1054,1744 1080,1744 1105,1744 1131,1744 1157,1745 1182,1745 1208,1746 1234,1746"/>
                <TextEquiv>
                    <Unicode>la referida doncella:</Unicode>
                </TextEquiv>
            </TextLine>
            <TextLine id="region_1607007150173_745l34" custom="readingOrder {index:33;}">
                <Coords points="824,1801 851,1802 879,1802 906,1803 934,1803 962,1803 989,1804 1017,1804 1044,1804 1072,1804 1100,1804 1127,1804 1155,1804 1182,1805 1210,1805 1238,1805 1265,1806 1293,1807 1320,1807 1348,1809 1376,1810 1376,1776 1348,1775 1320,1773 1293,1773 1265,1772 1238,1771 1210,1771 1182,1771 1155,1770 1127,1770 1100,1770 1072,1770 1044,1770 1017,1770 989,1770 962,1769 934,1769 906,1769 879,1768 851,1768 824,1767"/>
                <Baseline points="824,1790 851,1791 879,1791 906,1792 934,1792 962,1792 989,1793 1017,1793 1044,1793 1072,1793 1100,1793 1127,1793 1155,1793 1182,1794 1210,1794 1238,1794 1265,1795 1293,1796 1320,1796 1348,1798 1376,1799"/>
                <TextEquiv>
                    <Unicode>espere usted, señor novio,</Unicode>
                </TextEquiv>
            </TextLine>
            <TextLine id="region_1607007150173_745l35" custom="readingOrder {index:34;}">
                <Coords points="821,1853 846,1853 872,1852 897,1852 923,1852 948,1852 974,1851 999,1851 1025,1851 1050,1851 1076,1852 1101,1852 1127,1852 1152,1852 1178,1853 1203,1853 1229,1854 1254,1854 1280,1855 1305,1856 1331,1857 1331,1824 1305,1823 1280,1822 1254,1821 1229,1821 1203,1820 1178,1820 1152,1819 1127,1819 1101,1819 1076,1819 1050,1818 1025,1818 999,1818 974,1818 948,1819 923,1819 897,1819 872,1819 846,1820 821,1820"/>
                <Baseline points="821,1842 846,1842 872,1841 897,1841 923,1841 948,1841 974,1840 999,1840 1025,1840 1050,1840 1076,1841 1101,1841 1127,1841 1152,1841 1178,1842 1203,1842 1229,1843 1254,1843 1280,1844 1305,1845 1331,1846"/>
                <TextEquiv>
                    <Unicode>que voy larga de vareta,</Unicode>
                </TextEquiv>
            </TextLine>
            <TextLine id="region_1607007150173_745l36" custom="readingOrder {index:35;}">
                <Coords points="827,1901 855,1901 883,1900 912,1900 940,1900 968,1900 997,1900 1025,1900 1053,1900 1082,1900 1110,1900 1139,1901 1167,1901 1195,1901 1224,1902 1252,1902 1280,1902 1309,1902 1337,1902 1366,1903 1366,1870 1337,1869 1309,1869 1280,1869 1252,1869 1224,1869 1195,1868 1167,1868 1139,1868 1110,1867 1082,1867 1053,1867 1025,1867 997,1867 968,1867 940,1867 912,1867 883,1867 855,1868 827,1868"/>
                <Baseline points="827,1890 855,1890 883,1889 912,1889 940,1889 968,1889 997,1889 1025,1889 1053,1889 1082,1889 1110,1889 1139,1890 1167,1890 1195,1890 1224,1891 1252,1891 1280,1891 1309,1891 1337,1891 1366,1892"/>
                <TextEquiv>
                    <Unicode>y estoy haciendo buñuelos</Unicode>
                </TextEquiv>
            </TextLine>
            <TextLine id="region_1607007150173_745l37" custom="readingOrder {index:36;}">
                <Coords points="830,1948 855,1948 880,1948 905,1948 930,1948 955,1949 980,1949 1005,1949 1030,1949 1055,1949 1080,1949 1105,1949 1130,1949 1155,1950 1180,1950 1205,1950 1230,1950 1255,1951 1280,1952 1306,1952 1306,1918 1280,1918 1255,1917 1230,1916 1205,1916 1180,1916 1155,1916 1130,1915 1105,1915 1080,1915 1055,1915 1030,1915 1005,1915 980,1915 955,1915 930,1914 905,1914 880,1914 855,1914 830,1914"/>
                <Baseline points="830,1937 855,1937 880,1937 905,1937 930,1937 955,1938 980,1938 1005,1938 1030,1938 1055,1938 1080,1938 1105,1938 1130,1938 1155,1939 1180,1939 1205,1939 1230,1939 1255,1940 1280,1941 1306,1941"/>
                <TextEquiv>
                    <Unicode>para el dia de la fiesta.</Unicode>
                </TextEquiv>
            </TextLine>
            <TextLine id="region_1607007150173_745l38" custom="readingOrder {index:37;}">
                <Coords points="826,1995 851,1996 876,1996 902,1996 927,1996 953,1997 978,1997 1004,1997 1029,1997 1055,1997 1080,1997 1106,1998 1131,1998 1157,1998 1182,1998 1208,1999 1233,1999 1259,1999 1284,1999 1310,2000 1310,1966 1284,1965 1259,1965 1233,1965 1208,1965 1182,1964 1157,1964 1131,1964 1106,1964 1080,1963 1055,1963 1029,1963 1004,1963 978,1963 953,1963 927,1962 902,1962 876,1962 851,1962 826,1961"/>
                <Baseline points="826,1984 851,1985 876,1985 902,1985 927,1985 953,1986 978,1986 1004,1986 1029,1986 1055,1986 1080,1986 1106,1987 1131,1987 1157,1987 1182,1987 1208,1988 1233,1988 1259,1988 1284,1988 1310,1989"/>
                <TextEquiv>
                    <Unicode>Yo que oí tal disparate</Unicode>
                </TextEquiv>
            </TextLine>
            <TextLine id="region_1607007150173_745l39" custom="readingOrder {index:38;}">
                <Coords points="832,2045 859,2045 887,2046 914,2046 942,2046 970,2046 997,2046 1025,2046 1053,2046 1080,2046 1108,2046 1136,2046 1163,2046 1191,2047 1219,2047 1246,2048 1274,2049 1302,2049 1329,2050 1357,2051 1385,2053 1385,2019 1357,2017 1329,2016 1302,2015 1274,2015 1246,2014 1219,2013 1191,2013 1163,2012 1136,2012 1108,2012 1080,2012 1053,2012 1025,2012 997,2012 970,2012 942,2012 914,2012 887,2012 859,2011 832,2011"/>
                <Baseline points="832,2034 859,2034 887,2035 914,2035 942,2035 970,2035 997,2035 1025,2035 1053,2035 1080,2035 1108,2035 1136,2035 1163,2035 1191,2036 1219,2036 1246,2037 1274,2038 1302,2038 1329,2039 1357,2040 1385,2042"/>
                <TextEquiv>
                    <Unicode>y tan grandé desvergüenza,</Unicode>
                </TextEquiv>
            </TextLine>
            <TextLine id="region_1607007150173_745l40" custom="readingOrder {index:39;}">
                <Coords points="828,2093 854,2093 880,2093 906,2093 932,2093 958,2093 984,2093 1010,2093 1036,2094 1062,2094 1088,2094 1114,2094 1140,2095 1166,2095 1192,2095 1218,2095 1244,2096 1270,2096 1270,2062 1244,2062 1218,2061 1192,2061 1166,2061 1140,2061 1114,2060 1088,2060 1062,2060 1036,2060 1010,2059 984,2059 958,2059 932,2059 906,2059 880,2059 854,2059 828,2059"/>
                <Baseline points="828,2082 854,2082 880,2082 906,2082 932,2082 958,2082 984,2082 1010,2082 1036,2083 1062,2083 1088,2083 1114,2083 1140,2084 1166,2084 1192,2084 1218,2084 1244,2085 1270,2085"/>
                <TextEquiv>
                    <Unicode>la respodí sonriendo:</Unicode>
                </TextEquiv>
            </TextLine>
            <TextLine id="region_1607007150173_745l41" custom="readingOrder {index:40;}">
                <Coords points="834,2142 859,2142 885,2142 911,2142 937,2142 963,2142 989,2142 1015,2143 1041,2143 1067,2143 1093,2143 1118,2143 1144,2144 1170,2144 1196,2145 1222,2145 1248,2145 1274,2146 1300,2146 1326,2147 1352,2147 1352,2113 1326,2113 1300,2112 1274,2112 1248,2111 1222,2111 1196,2111 1170,2110 1144,2110 1118,2109 1093,2109 1067,2109 1041,2109 1015,2109 989,2108 963,2108 937,2108 911,2108 885,2108 859,2108 834,2108"/>
                <Baseline points="834,2131 859,2131 885,2131 911,2131 937,2131 963,2131 989,2131 1015,2132 1041,2132 1067,2132 1093,2132 1118,2132 1144,2133 1170,2133 1196,2134 1222,2134 1248,2134 1274,2135 1300,2135 1326,2136 1352,2136"/>
                <TextEquiv>
                    <Unicode>para la muy sucia puerca.</Unicode>
                </TextEquiv>
            </TextLine>
            <TextLine id="region_1607007150173_745l42" custom="readingOrder {index:41;}">
                <Coords points="824,2189 850,2190 877,2191 903,2191 930,2191 957,2192 983,2192 1010,2192 1036,2192 1063,2193 1090,2193 1116,2193 1143,2193 1169,2193 1196,2193 1223,2193 1249,2193 1276,2193 1302,2194 1329,2194 1356,2194 1356,2160 1329,2160 1302,2160 1276,2159 1249,2159 1223,2159 1196,2159 1169,2159 1143,2159 1116,2159 1090,2159 1063,2159 1036,2158 1010,2158 983,2158 957,2158 930,2157 903,2157 877,2157 850,2156 824,2155"/>
                <Baseline points="824,2178 850,2179 877,2180 903,2180 930,2180 957,2181 983,2181 1010,2181 1036,2181 1063,2182 1090,2182 1116,2182 1143,2182 1169,2182 1196,2182 1223,2182 1249,2182 1276,2182 1302,2183 1329,2183 1356,2183"/>
                <TextEquiv>
                    <Unicode>En fin, por ver á mi Filis</Unicode>
                </TextEquiv>
            </TextLine>
            <TextLine id="region_1607007150173_745l43" custom="readingOrder {index:42;}">
                <Coords points="829,2239 854,2239 880,2240 906,2241 932,2241 958,2242 984,2242 1010,2242 1036,2243 1062,2243 1087,2243 1113,2244 1139,2244 1165,2244 1191,2244 1217,2244 1243,2244 1269,2245 1295,2245 1321,2245 1321,2211 1295,2211 1269,2211 1243,2210 1217,2210 1191,2210 1165,2210 1139,2210 1113,2210 1087,2209 1062,2209 1036,2209 1010,2208 984,2208 958,2208 932,2207 906,2207 880,2206 854,2205 829,2205"/>
                <Baseline points="829,2228 854,2228 880,2229 906,2230 932,2230 958,2231 984,2231 1010,2231 1036,2232 1062,2232 1087,2232 1113,2233 1139,2233 1165,2233 1191,2233 1217,2233 1243,2233 1269,2234 1295,2234 1321,2234"/>
                <TextEquiv>
                    <Unicode>me senté en una silleta:</Unicode>
                </TextEquiv>
            </TextLine>
            <TextEquiv>
                <Unicode>cumpliendo como era fuerza,
con regalos á la novia,
y con gages á la vieja,
de suerte que siempre andaba
sin un cuarto y de carrera,
hasta que un dia la dije:
madre ¿cuándo me despena?
y ella me respondió entonces:
en saliendo la cuaresma
viene la Pascua de flores,
y hará la entrada primera.
Yo entonces quedé gozoso,
porque yá venia cerca.
Llegó, en fin, la dicha Pascua,
que es costumbre donde quiera
él regalar á las novias
con alguna cosa fresca.
Yo compré un lindo carnero,
moteándole con seda,
y tambien compré aquel dia
una sortija muy bella,
para llevar á mi Cloris,
y otros regalos con ella.
Entré por fin en su casa
donde á mi señora suegra
la saludé muy cortés,
y ella me saludó atenta;
preguntéle por mi niña,
y entonces respondió ella:
ahora se entró al corral
á sentarse en la secreta.
Y desde dentro responde
la referida doncella:
espere usted, señor novio,
que voy larga de vareta,
y estoy haciendo buñuelos
para el dia de la fiesta.
Yo que oí tal disparate
y tan grandé desvergüenza,
la respodí sonriendo:
para la muy sucia puerca.
En fin, por ver á mi Filis
me senté en una silleta:</Unicode>
            </TextEquiv>
        </TextRegion>
    </Page>
</PcGts>
