<?xml version="1.0" encoding="UTF-8" standalone="yes"?>
<PcGts xmlns="http://schema.primaresearch.org/PAGE/gts/pagecontent/2013-07-15" xmlns:xsi="http://www.w3.org/2001/XMLSchema-instance" xsi:schemaLocation="http://schema.primaresearch.org/PAGE/gts/pagecontent/2013-07-15 http://schema.primaresearch.org/PAGE/gts/pagecontent/2013-07-15/pagecontent.xsd">
    <Metadata>
        <Creator>prov=University of Rostock/Institute of Mathematics/CITlab|PLANET AI GmbH/Gundram Leifert/gundram.leifert@planet-ai.de:name=Pliegos de Cordel (XIXe) - v4(htr_id=27283)::::v=2.6.7
prov=University of Rostock/Institute of Mathematics/CITlab|PLANET AI GmbH/Tobias Gruening/tobias.gruening@planet-ai.de:name=de.uros.citlab.module.baseline2polygon.B2PSeamMultiOriented:v=2.6.7
prov=University of Rostock/Institute of Mathematics/CITlab|PLANET AI GmbH/Tobias Gruening/tobias.gruening@planet-ai.de:name=/net_tf/LA73_249_0mod360.pb:de.uros.citlab.segmentation.CITlab_LA_ML:v=2.6.7
Transkribus</Creator>
        <Created>2020-12-01T15:06:19.144+01:00</Created>
        <LastChange>2020-12-08T17:27:05.220+01:00</LastChange>
        <Comments>
                Measurement unit: pixel
                PrimaryLanguage: 
                Producer: Transkribus
            </Comments>
        <TranskribusMetadata docId="525383" pageId="22318320" pageNr="43" tsid="50195912" status="DONE" userId="66244" imgUrl="https://files.transkribus.eu/Get?id=EBAXZGVEJLZTGLVJULJKRNOI&amp;fileType=view" xmlUrl="https://files.transkribus.eu/Get?id=PPRXUWXGEWPMODQVWXQMBJYH" imageId="17387835"/>
    </Metadata>
    <Page imageFilename="Moreno_158_3.jpg" imageWidth="1721" imageHeight="2428">
        <PrintSpace>
            <Coords points="10,0 1717,0 1717,2289 10,2289"/>
        </PrintSpace>
        <ReadingOrder>
            <OrderedGroup id="ro_1607519337511" caption="Regions reading order">
                <RegionRefIndexed index="0" regionRef="r_1_1"/>
                <RegionRefIndexed index="1" regionRef="r_2_1"/>
            </OrderedGroup>
        </ReadingOrder>
        <TextRegion orientation="0.0" type="paragraph" id="r_1_1" custom="readingOrder {index:0;}">
            <Coords points="290,250 947,250 947,2289 290,2289"/>
            <TextLine id="r_1_1l1" custom="readingOrder {index:0;}">
                <Coords points="295,298 325,298 356,299 387,300 418,300 449,300 480,300 511,300 542,299 573,299 604,298 634,298 665,297 696,297 727,297 758,297 789,297 820,297 851,298 882,299 913,300 913,266 882,265 851,264 820,263 789,263 758,263 727,263 696,263 665,263 634,264 604,264 573,265 542,265 511,266 480,266 449,266 418,266 387,266 356,265 325,264 295,264"/>
                <Baseline points="295,287 325,287 356,288 387,289 418,289 449,289 480,289 511,289 542,288 573,288 604,287 634,287 665,286 696,286 727,286 758,286 789,286 820,286 851,287 882,288 913,289"/>
                <TextEquiv>
                    <Unicode>hasta, que llegando á un sitio,</Unicode>
                </TextEquiv>
            </TextLine>
            <TextLine id="r_1_1l2" custom="readingOrder {index:1;}">
                <Coords points="296,346 321,347 346,347 371,347 396,347 421,347 446,347 471,347 496,347 521,346 546,346 571,346 596,346 621,346 646,346 671,346 696,346 721,346 746,345 771,345 796,345 796,311 771,311 746,311 721,312 696,312 671,312 646,312 621,312 596,312 571,312 546,312 521,312 496,313 471,313 446,313 421,313 396,313 371,313 346,313 321,313 296,312"/>
                <Baseline points="296,335 321,336 346,336 371,336 396,336 421,336 446,336 471,336 496,336 521,335 546,335 571,335 596,335 621,335 646,335 671,335 696,335 721,335 746,334 771,334 796,334"/>
                <TextEquiv>
                    <Unicode>donde nadie podia verlo,</Unicode>
                </TextEquiv>
            </TextLine>
            <TextLine id="r_1_1l3" custom="readingOrder {index:2;}">
                <Coords points="295,394 322,394 350,395 378,395 406,395 434,395 462,395 489,395 517,395 545,395 573,395 601,395 629,395 657,394 684,394 712,394 740,394 768,394 796,394 824,395 852,395 852,361 824,361 796,360 768,360 740,360 712,360 684,360 657,360 629,361 601,361 573,361 545,361 517,361 489,361 462,361 434,361 406,361 378,361 350,361 322,360 295,360"/>
                <Baseline points="295,383 322,383 350,384 378,384 406,384 434,384 462,384 489,384 517,384 545,384 573,384 601,384 629,384 657,383 684,383 712,383 740,383 768,383 796,383 824,384 852,384"/>
                <TextEquiv>
                    <Unicode>el traidor de don Francisco</Unicode>
                </TextEquiv>
            </TextLine>
            <TextLine id="r_1_1l4" custom="readingOrder {index:3;}">
                <Coords points="289,442 314,443 340,443 365,443 391,444 416,444 442,444 467,444 493,444 518,444 544,444 569,443 595,443 620,443 646,443 671,442 697,442 722,441 748,441 774,440 774,406 748,407 722,407 697,408 671,408 646,409 620,409 595,409 569,409 544,410 518,410 493,410 467,410 442,410 416,410 391,410 365,409 340,409 314,409 289,408"/>
                <Baseline points="289,431 314,432 340,432 365,432 391,433 416,433 442,433 467,433 493,433 518,433 544,433 569,432 595,432 620,432 646,432 671,431 697,431 722,430 748,430 774,429"/>
                <TextEquiv>
                    <Unicode>tendió la capa diciendo:</Unicode>
                </TextEquiv>
            </TextLine>
            <TextLine id="r_1_1l5" custom="readingOrder {index:4;}">
                <Coords points="292,490 319,491 346,491 373,492 400,492 427,492 454,492 482,492 509,492 536,492 563,492 590,492 617,492 644,492 672,491 699,491 726,491 753,491 780,491 807,491 835,491 835,457 807,457 780,457 753,457 726,457 699,457 672,457 644,458 617,458 590,458 563,458 536,458 509,458 482,458 454,458 427,458 400,458 373,458 346,457 319,457 292,456"/>
                <Baseline points="292,479 319,480 346,480 373,481 400,481 427,481 454,481 482,481 509,481 536,481 563,481 590,481 617,481 644,481 672,480 699,480 726,480 753,480 780,480 807,480 835,480"/>
                <TextEquiv>
                    <Unicode>aqui habemos de aguardar</Unicode>
                </TextEquiv>
            </TextLine>
            <TextLine id="r_1_1l6" custom="readingOrder {index:5;}">
                <Coords points="290,538 316,539 342,539 368,540 394,540 420,540 446,541 472,541 498,541 524,541 550,540 576,540 602,540 628,540 654,539 680,539 706,539 732,538 758,538 784,538 810,538 810,504 784,504 758,504 732,504 706,505 680,505 654,505 628,506 602,506 576,506 550,506 524,507 498,507 472,507 446,507 420,506 394,506 368,506 342,505 316,505 290,504"/>
                <Baseline points="290,527 316,528 342,528 368,529 394,529 420,529 446,530 472,530 498,530 524,530 550,529 576,529 602,529 628,529 654,528 680,528 706,528 732,527 758,527 784,527 810,527"/>
                <TextEquiv>
                    <Unicode>á los musicos, que tengo</Unicode>
                </TextEquiv>
            </TextLine>
            <TextLine id="r_1_1l7" custom="readingOrder {index:6;}">
                <Coords points="289,587 317,588 345,588 373,589 401,589 429,589 457,589 486,589 514,589 542,588 570,588 598,588 626,588 654,588 683,587 711,587 739,587 767,587 795,587 823,588 852,588 852,554 823,554 795,553 767,553 739,553 711,553 683,553 654,554 626,554 598,554 570,554 542,554 514,555 486,555 457,555 429,555 401,555 373,555 345,554 317,554 289,553"/>
                <Baseline points="289,576 317,577 345,577 373,578 401,578 429,578 457,578 486,578 514,578 542,577 570,577 598,577 626,577 654,577 683,576 711,576 739,576 767,576 795,576 823,577 852,577"/>
                <TextEquiv>
                    <Unicode>citados, y mientras vienen,</Unicode>
                </TextEquiv>
            </TextLine>
            <TextLine id="r_1_1l8" custom="readingOrder {index:7;}">
                <Coords points="295,637 323,637 352,637 380,636 409,636 438,636 466,636 495,636 524,636 552,636 581,636 610,636 638,636 667,636 696,636 724,636 753,636 782,636 810,636 839,636 868,636 868,603 839,603 810,603 782,603 753,603 724,603 696,603 667,603 638,603 610,603 581,603 552,603 524,603 495,603 466,603 438,603 409,603 380,603 352,604 323,604 295,604"/>
                <Baseline points="295,626 323,626 352,626 380,625 409,625 438,625 466,625 495,625 524,625 552,625 581,625 610,625 638,625 667,625 696,625 724,625 753,625 782,625 810,625 839,625 868,625"/>
                <TextEquiv>
                    <Unicode>será bien que descansemos.</Unicode>
                </TextEquiv>
            </TextLine>
            <TextLine id="r_1_1l9" custom="readingOrder {index:8;}">
                <Coords points="293,683 319,684 346,685 372,686 399,686 425,686 452,686 478,686 505,686 531,685 558,685 584,685 611,684 637,684 664,684 691,684 691,651 664,651 637,651 611,651 584,652 558,652 531,652 505,653 478,653 452,653 425,653 399,653 372,653 346,652 319,651 293,650"/>
                <Baseline points="293,672 319,673 346,674 372,675 399,675 425,675 452,675 478,675 505,675 531,674 558,674 584,674 611,673 637,673 664,673 691,673"/>
                <TextEquiv>
                    <Unicode>Puso para cabecera</Unicode>
                </TextEquiv>
            </TextLine>
            <TextLine id="r_1_1l10" custom="readingOrder {index:9;}">
                <Coords points="297,734 322,735 347,735 372,735 397,735 422,735 447,734 473,734 498,734 523,734 548,734 573,734 598,733 623,733 649,733 674,733 699,733 724,733 749,733 774,733 800,733 800,699 774,699 749,699 724,699 699,699 674,699 649,699 623,699 598,699 573,700 548,700 523,700 498,700 473,700 447,700 422,701 397,701 372,701 347,701 322,701 297,700"/>
                <Baseline points="297,723 322,724 347,724 372,724 397,724 422,724 447,723 473,723 498,723 523,723 548,723 573,723 598,722 623,722 649,722 674,722 699,722 724,722 749,722 774,722 800,722"/>
                <TextEquiv>
                    <Unicode>la rodela y el sombrero:</Unicode>
                </TextEquiv>
            </TextLine>
            <TextLine id="r_1_1l11" custom="readingOrder {index:10;}">
                <Coords points="298,782 324,782 350,783 377,783 403,783 429,783 456,783 482,783 508,783 535,782 561,782 587,782 614,782 640,782 666,781 693,781 719,781 745,781 772,781 772,747 745,747 719,747 693,747 666,747 640,748 614,748 587,748 561,748 535,748 508,749 482,749 456,749 429,749 403,749 377,749 350,749 324,748 298,748"/>
                <Baseline points="298,771 324,771 350,772 377,772 403,772 429,772 456,772 482,772 508,772 535,771 561,771 587,771 614,771 640,771 666,770 693,770 719,770 745,770 772,770"/>
                <TextEquiv>
                    <Unicode>acostose, y persuadido</Unicode>
                </TextEquiv>
            </TextLine>
            <TextLine id="r_1_1l12" custom="readingOrder {index:11;}">
                <Coords points="298,830 323,830 348,831 373,831 398,831 423,831 448,830 473,830 498,830 523,830 548,830 573,830 598,830 623,829 648,829 673,829 698,830 723,830 748,830 773,830 798,831 798,797 773,796 748,796 723,796 698,796 673,795 648,795 623,795 598,796 573,796 548,796 523,796 498,796 473,796 448,796 423,797 398,797 373,797 348,797 323,796 298,796"/>
                <Baseline points="298,819 323,819 348,820 373,820 398,820 423,820 448,819 473,819 498,819 523,819 548,819 573,819 598,819 623,818 648,818 673,818 698,819 723,819 748,819 773,819 798,820"/>
                <TextEquiv>
                    <Unicode>el amigo hizo lo mesmo,</Unicode>
                </TextEquiv>
            </TextLine>
            <TextLine id="r_1_1l13" custom="readingOrder {index:12;}">
                <Coords points="302,881 328,880 354,880 380,879 407,879 433,878 459,878 486,878 512,878 538,878 565,878 591,878 617,878 643,878 670,878 696,878 722,878 749,878 775,878 801,877 828,877 828,843 801,843 775,844 749,844 722,844 696,844 670,844 643,844 617,844 591,844 565,844 538,844 512,844 486,844 459,844 433,844 407,845 380,845 354,846 328,846 302,847"/>
                <Baseline points="302,870 328,869 354,869 380,868 407,868 433,867 459,867 486,867 512,867 538,867 565,867 591,867 617,867 643,867 670,867 696,867 722,867 749,867 775,867 801,866 828,866"/>
                <TextEquiv>
                    <Unicode>y cuando vido que estaba</Unicode>
                </TextEquiv>
            </TextLine>
            <TextLine id="r_1_1l14" custom="readingOrder {index:13;}">
                <Coords points="301,928 330,928 360,928 389,928 419,928 448,928 478,928 507,928 537,927 566,927 596,927 625,927 655,927 684,926 714,926 743,926 773,926 802,927 832,927 861,927 891,928 891,894 861,893 832,893 802,893 773,892 743,892 714,892 684,892 655,893 625,893 596,893 566,893 537,893 507,894 478,894 448,894 419,894 389,894 360,894 330,894 301,894"/>
                <Baseline points="301,917 330,917 360,917 389,917 419,917 448,917 478,917 507,917 537,916 566,916 596,916 625,916 655,916 684,915 714,915 743,915 773,915 802,916 832,916 861,916 891,917"/>
                <TextEquiv>
                    <Unicode>poco menos que durmiendo,</Unicode>
                </TextEquiv>
            </TextLine>
            <TextLine id="r_1_1l15" custom="readingOrder {index:14;}">
                <Coords points="291,976 317,976 344,977 371,977 397,977 424,976 451,976 477,976 504,976 531,975 558,975 584,975 611,975 638,974 664,974 691,974 718,974 744,974 771,974 798,974 825,975 825,941 798,940 771,940 744,940 718,940 691,940 664,940 638,940 611,941 584,941 558,941 531,941 504,942 477,942 451,942 424,942 397,943 371,943 344,943 317,942 291,942"/>
                <Baseline points="291,965 317,965 344,966 371,966 397,966 424,965 451,965 477,965 504,965 531,964 558,964 584,964 611,964 638,963 664,963 691,963 718,963 744,963 771,963 798,963 825,964"/>
                <TextEquiv>
                    <Unicode>se levantó, y á la espada,</Unicode>
                </TextEquiv>
            </TextLine>
            <TextLine id="r_1_1l16" custom="readingOrder {index:15;}">
                <Coords points="302,1024 331,1024 360,1025 389,1025 418,1025 448,1025 477,1025 506,1024 535,1024 564,1024 594,1024 623,1023 652,1023 681,1023 710,1023 740,1022 769,1022 798,1022 827,1023 856,1023 886,1023 886,989 856,989 827,989 798,988 769,988 740,988 710,989 681,989 652,989 623,989 594,990 564,990 535,990 506,990 477,991 448,991 418,991 389,991 360,991 331,990 302,990"/>
                <Baseline points="302,1013 331,1013 360,1014 389,1014 418,1014 448,1014 477,1014 506,1013 535,1013 564,1013 594,1013 623,1012 652,1012 681,1012 710,1012 740,1011 769,1011 798,1011 827,1012 856,1012 886,1012"/>
                <TextEquiv>
                    <Unicode>porque se hallase indefenso,</Unicode>
                </TextEquiv>
            </TextLine>
            <TextLine id="r_1_1l17" custom="readingOrder {index:16;}">
                <Coords points="297,1071 326,1072 356,1073 385,1073 415,1073 445,1074 474,1074 504,1074 533,1074 563,1073 593,1073 622,1073 652,1073 681,1072 711,1072 741,1071 770,1071 800,1071 829,1070 859,1070 889,1070 889,1036 859,1036 829,1036 800,1037 770,1037 741,1037 711,1038 681,1038 652,1039 622,1039 593,1039 563,1039 533,1040 504,1040 474,1040 445,1040 415,1039 385,1039 356,1039 326,1038 297,1037"/>
                <Baseline points="297,1060 326,1061 356,1062 385,1062 415,1062 445,1063 474,1063 504,1063 533,1063 563,1062 593,1062 622,1062 652,1062 681,1061 711,1061 741,1060 770,1060 800,1060 829,1059 859,1059 889,1059"/>
                <TextEquiv>
                    <Unicode>le puso el pie, y con la suya</Unicode>
                </TextEquiv>
            </TextLine>
            <TextLine id="r_1_1l18" custom="readingOrder {index:17;}">
                <Coords points="301,1121 328,1121 355,1121 382,1121 410,1121 437,1121 464,1121 491,1121 519,1121 546,1120 573,1120 600,1120 628,1120 655,1120 682,1120 709,1119 737,1119 764,1119 791,1118 818,1118 846,1118 846,1084 818,1084 791,1084 764,1085 737,1085 709,1085 682,1086 655,1086 628,1086 600,1086 573,1086 546,1086 519,1087 491,1087 464,1087 437,1087 410,1087 382,1087 355,1087 328,1087 301,1087"/>
                <Baseline points="301,1110 328,1110 355,1110 382,1110 410,1110 437,1110 464,1110 491,1110 519,1110 546,1109 573,1109 600,1109 628,1109 655,1109 682,1109 709,1108 737,1108 764,1108 791,1107 818,1107 846,1107"/>
                <TextEquiv>
                    <Unicode>siete veces contra el suelo</Unicode>
                </TextEquiv>
            </TextLine>
            <TextLine id="r_1_1l19" custom="readingOrder {index:18;}">
                <Coords points="298,1170 323,1170 349,1171 374,1171 400,1171 425,1171 451,1171 477,1171 502,1170 528,1170 553,1170 579,1170 604,1169 630,1169 656,1169 681,1169 707,1168 732,1168 758,1168 784,1168 784,1135 758,1135 732,1135 707,1135 681,1136 656,1136 630,1136 604,1136 579,1137 553,1137 528,1137 502,1137 477,1138 451,1138 425,1138 400,1138 374,1138 349,1138 323,1137 298,1137"/>
                <Baseline points="298,1159 323,1159 349,1160 374,1160 400,1160 425,1160 451,1160 477,1160 502,1159 528,1159 553,1159 579,1159 604,1158 630,1158 656,1158 681,1158 707,1157 732,1157 758,1157 784,1157"/>
                <TextEquiv>
                    <Unicode>le cosió, y juzgando ya,</Unicode>
                </TextEquiv>
            </TextLine>
            <TextLine id="r_1_1l20" custom="readingOrder {index:19;}">
                <Coords points="293,1216 319,1217 346,1218 373,1219 399,1219 426,1219 453,1219 479,1218 506,1218 533,1218 560,1217 586,1217 613,1217 640,1216 666,1216 693,1216 720,1216 746,1216 773,1217 800,1218 827,1219 827,1186 800,1185 773,1184 746,1183 720,1183 693,1183 666,1183 640,1183 613,1184 586,1184 560,1184 533,1185 506,1185 479,1185 453,1186 426,1186 399,1186 373,1186 346,1185 319,1184 293,1183"/>
                <Baseline points="293,1205 319,1206 346,1207 373,1208 399,1208 426,1208 453,1208 479,1207 506,1207 533,1207 560,1206 586,1206 613,1206 640,1205 666,1205 693,1205 720,1205 746,1205 773,1206 800,1207 827,1208"/>
                <TextEquiv>
                    <Unicode>quedaba del todo muerto,</Unicode>
                </TextEquiv>
            </TextLine>
            <TextLine id="r_1_1l21" custom="readingOrder {index:20;}">
                <Coords points="303,1265 329,1265 356,1266 382,1266 409,1266 435,1266 462,1266 488,1265 515,1265 541,1265 568,1265 595,1265 621,1265 648,1265 674,1264 701,1264 727,1265 754,1265 780,1265 807,1265 834,1266 834,1232 807,1231 780,1231 754,1231 727,1231 701,1230 674,1230 648,1231 621,1231 595,1231 568,1231 541,1231 515,1231 488,1231 462,1232 435,1232 409,1232 382,1232 356,1232 329,1231 303,1231"/>
                <Baseline points="303,1254 329,1254 356,1255 382,1255 409,1255 435,1255 462,1255 488,1254 515,1254 541,1254 568,1254 595,1254 621,1254 648,1254 674,1253 701,1253 727,1254 754,1254 780,1254 807,1254 834,1255"/>
                <TextEquiv>
                    <Unicode>le dejo y se fué á su casa,</Unicode>
                </TextEquiv>
            </TextLine>
            <TextLine id="r_1_1l22" custom="readingOrder {index:21;}">
                <Coords points="307,1314 334,1314 362,1314 390,1314 417,1314 445,1315 473,1315 500,1315 528,1315 556,1315 584,1315 611,1315 639,1314 667,1314 694,1314 722,1314 750,1314 777,1313 805,1313 833,1313 861,1313 861,1279 833,1279 805,1279 777,1279 750,1280 722,1280 694,1280 667,1280 639,1280 611,1281 584,1281 556,1281 528,1281 500,1281 473,1281 445,1281 417,1280 390,1280 362,1280 334,1280 307,1280"/>
                <Baseline points="307,1303 334,1303 362,1303 390,1303 417,1303 445,1304 473,1304 500,1304 528,1304 556,1304 584,1304 611,1304 639,1303 667,1303 694,1303 722,1303 750,1303 777,1302 805,1302 833,1302 861,1302"/>
                <TextEquiv>
                    <Unicode>cual si nada hubiera hecho.</Unicode>
                </TextEquiv>
            </TextLine>
            <TextLine id="r_1_1l23" custom="readingOrder {index:22;}">
                <Coords points="296,1362 327,1362 358,1362 389,1363 421,1363 452,1363 483,1363 515,1363 546,1362 577,1362 609,1362 640,1362 671,1362 702,1362 734,1362 765,1362 796,1362 828,1362 859,1362 890,1362 922,1362 922,1328 890,1328 859,1328 828,1328 796,1328 765,1328 734,1328 702,1328 671,1328 640,1328 609,1328 577,1328 546,1328 515,1329 483,1329 452,1329 421,1329 389,1329 358,1328 327,1328 296,1328"/>
                <Baseline points="296,1351 327,1351 358,1351 389,1352 421,1352 452,1352 483,1352 515,1352 546,1351 577,1351 609,1351 640,1351 671,1351 702,1351 734,1351 765,1351 796,1351 828,1351 859,1351 890,1351 922,1351"/>
                <TextEquiv>
                    <Unicode>Mas volviendo en si el herido,</Unicode>
                </TextEquiv>
            </TextLine>
            <TextLine id="r_1_1l24" custom="readingOrder {index:23;}">
                <Coords points="295,1411 323,1411 351,1410 379,1410 407,1410 435,1410 463,1410 491,1410 519,1410 547,1410 575,1410 603,1410 631,1410 659,1410 687,1410 715,1410 743,1410 771,1409 799,1409 827,1409 855,1408 855,1375 827,1376 799,1376 771,1376 743,1377 715,1377 687,1377 659,1377 631,1377 603,1377 575,1377 547,1377 519,1377 491,1377 463,1377 435,1377 407,1377 379,1377 351,1377 323,1378 295,1378"/>
                <Baseline points="295,1400 323,1400 351,1399 379,1399 407,1399 435,1399 463,1399 491,1399 519,1399 547,1399 575,1399 603,1399 631,1399 659,1399 687,1399 715,1399 743,1399 771,1398 799,1398 827,1398 855,1397"/>
                <TextEquiv>
                    <Unicode>haciendo algunos esfuerzos</Unicode>
                </TextEquiv>
            </TextLine>
            <TextLine id="r_1_1l25" custom="readingOrder {index:24;}">
                <Coords points="302,1458 327,1458 352,1459 377,1459 403,1459 428,1459 453,1459 478,1458 504,1458 529,1458 554,1458 579,1458 605,1458 630,1458 655,1458 680,1458 706,1459 731,1459 756,1459 782,1460 782,1426 756,1425 731,1425 706,1425 680,1424 655,1424 630,1424 605,1424 579,1424 554,1424 529,1424 504,1424 478,1424 453,1425 428,1425 403,1425 377,1425 352,1425 327,1424 302,1424"/>
                <Baseline points="302,1447 327,1447 352,1448 377,1448 403,1448 428,1448 453,1448 478,1447 504,1447 529,1447 554,1447 579,1447 605,1447 630,1447 655,1447 680,1447 706,1448 731,1448 756,1448 782,1449"/>
                <TextEquiv>
                    <Unicode>arrimado á las paredes,</Unicode>
                </TextEquiv>
            </TextLine>
            <TextLine id="r_1_1l26" custom="readingOrder {index:25;}">
                <Coords points="301,1505 326,1506 352,1506 377,1507 403,1507 428,1507 454,1507 479,1507 505,1507 530,1506 556,1506 582,1506 607,1506 633,1506 658,1506 684,1506 709,1506 735,1506 760,1507 786,1507 812,1508 812,1474 786,1473 760,1473 735,1472 709,1472 684,1472 658,1472 633,1472 607,1472 582,1472 556,1472 530,1472 505,1473 479,1473 454,1473 428,1473 403,1473 377,1473 352,1472 326,1472 301,1471"/>
                <Baseline points="301,1494 326,1495 352,1495 377,1496 403,1496 428,1496 454,1496 479,1496 505,1496 530,1495 556,1495 582,1495 607,1495 633,1495 658,1495 684,1495 709,1495 735,1495 760,1496 786,1496 812,1497"/>
                <TextEquiv>
                    <Unicode>y muchas veces cayendo,</Unicode>
                </TextEquiv>
            </TextLine>
            <TextLine id="r_1_1l27" custom="readingOrder {index:26;}">
                <Coords points="296,1556 322,1556 348,1555 374,1555 400,1555 426,1555 452,1555 478,1555 504,1555 530,1555 556,1555 582,1555 608,1555 634,1555 660,1554 686,1554 712,1554 739,1554 739,1520 712,1520 686,1520 660,1520 634,1521 608,1521 582,1521 556,1521 530,1521 504,1521 478,1521 452,1521 426,1521 400,1521 374,1521 348,1521 322,1522 296,1522"/>
                <Baseline points="296,1545 322,1545 348,1544 374,1544 400,1544 426,1544 452,1544 478,1544 504,1544 530,1544 556,1544 582,1544 608,1544 634,1544 660,1543 686,1543 712,1543 739,1543"/>
                <TextEquiv>
                    <Unicode>á la una de la noche</Unicode>
                </TextEquiv>
            </TextLine>
            <TextLine id="r_1_1l28" custom="readingOrder {index:27;}">
                <Coords points="298,1605 328,1605 359,1605 389,1605 420,1605 450,1605 481,1604 511,1604 542,1604 572,1604 603,1604 633,1603 664,1603 694,1603 725,1603 755,1602 786,1602 816,1602 847,1602 877,1602 908,1602 908,1568 877,1568 847,1568 816,1568 786,1568 755,1568 725,1569 694,1569 664,1569 633,1569 603,1570 572,1570 542,1570 511,1570 481,1570 450,1571 420,1571 389,1571 359,1571 328,1571 298,1571"/>
                <Baseline points="298,1594 328,1594 359,1594 389,1594 420,1594 450,1594 481,1593 511,1593 542,1593 572,1593 603,1593 633,1592 664,1592 694,1592 725,1592 755,1591 786,1591 816,1591 847,1591 877,1591 908,1591"/>
                <TextEquiv>
                    <Unicode>llegó á la puerta de un deudo</Unicode>
                </TextEquiv>
            </TextLine>
            <TextLine id="r_1_1l29" custom="readingOrder {index:28;}">
                <Coords points="300,1653 326,1653 352,1653 378,1653 404,1653 431,1653 457,1652 483,1652 509,1652 535,1652 562,1652 588,1652 614,1652 640,1651 666,1651 693,1651 719,1651 745,1650 771,1650 797,1650 824,1650 824,1616 797,1616 771,1616 745,1616 719,1617 693,1617 666,1617 640,1617 614,1618 588,1618 562,1618 535,1618 509,1618 483,1618 457,1618 431,1619 404,1619 378,1619 352,1619 326,1619 300,1619"/>
                <Baseline points="300,1642 326,1642 352,1642 378,1642 404,1642 431,1642 457,1641 483,1641 509,1641 535,1641 562,1641 588,1641 614,1641 640,1640 666,1640 693,1640 719,1640 745,1639 771,1639 797,1639 824,1639"/>
                <TextEquiv>
                    <Unicode>suyo á llamar, pero eran</Unicode>
                </TextEquiv>
            </TextLine>
            <TextLine id="r_1_1l30" custom="readingOrder {index:29;}">
                <Coords points="296,1700 326,1700 357,1700 387,1701 418,1701 448,1701 479,1701 509,1700 540,1700 570,1700 601,1700 631,1699 662,1699 692,1699 723,1699 753,1699 784,1699 814,1699 845,1700 875,1700 906,1700 906,1666 875,1666 845,1666 814,1665 784,1665 753,1665 723,1665 692,1665 662,1665 631,1665 601,1666 570,1666 540,1666 509,1666 479,1667 448,1667 418,1667 387,1667 357,1666 326,1666 296,1666"/>
                <Baseline points="296,1689 326,1689 357,1689 387,1690 418,1690 448,1690 479,1690 509,1689 540,1689 570,1689 601,1689 631,1688 662,1688 692,1688 723,1688 753,1688 784,1688 814,1688 845,1689 875,1689 906,1689"/>
                <TextEquiv>
                    <Unicode>los golpes que dió tan quedos,</Unicode>
                </TextEquiv>
            </TextLine>
            <TextLine id="r_1_1l31" custom="readingOrder {index:30;}">
                <Coords points="307,1750 335,1750 364,1749 393,1749 422,1749 450,1749 479,1749 508,1749 537,1749 565,1749 594,1748 623,1748 652,1748 680,1748 709,1748 738,1748 767,1747 795,1747 824,1747 853,1747 882,1746 882,1712 853,1713 824,1713 795,1713 767,1713 738,1714 709,1714 680,1714 652,1714 623,1714 594,1714 565,1715 537,1715 508,1715 479,1715 450,1715 422,1715 393,1715 364,1715 335,1716 307,1716"/>
                <Baseline points="307,1739 335,1739 364,1738 393,1738 422,1738 450,1738 479,1738 508,1738 537,1738 565,1738 594,1737 623,1737 652,1737 680,1737 709,1737 738,1737 767,1736 795,1736 824,1736 853,1736 882,1735"/>
                <TextEquiv>
                    <Unicode>que su pariente, que estaba</Unicode>
                </TextEquiv>
            </TextLine>
            <TextLine id="r_1_1l32" custom="readingOrder {index:31;}">
                <Coords points="299,1798 327,1798 355,1798 383,1798 411,1797 439,1797 467,1797 495,1797 523,1797 551,1796 580,1796 608,1796 636,1796 664,1796 692,1796 720,1796 748,1796 776,1796 804,1796 832,1796 861,1797 861,1763 832,1762 804,1762 776,1762 748,1762 720,1762 692,1762 664,1762 636,1762 608,1762 580,1762 551,1762 523,1763 495,1763 467,1763 439,1763 411,1763 383,1764 355,1764 327,1764 299,1764"/>
                <Baseline points="299,1787 327,1787 355,1787 383,1787 411,1786 439,1786 467,1786 495,1786 523,1786 551,1785 580,1785 608,1785 636,1785 664,1785 692,1785 720,1785 748,1785 776,1785 804,1785 832,1785 861,1786"/>
                <TextEquiv>
                    <Unicode>en aquel tiempo despierto,</Unicode>
                </TextEquiv>
            </TextLine>
            <TextLine id="r_1_1l33" custom="readingOrder {index:32;}">
                <Coords points="304,1847 333,1847 363,1846 392,1846 422,1846 451,1846 481,1846 510,1846 540,1845 569,1845 599,1845 629,1845 658,1845 688,1845 717,1845 747,1845 776,1845 806,1844 835,1844 865,1844 895,1844 895,1810 865,1810 835,1810 806,1810 776,1811 747,1811 717,1811 688,1811 658,1811 629,1811 599,1811 569,1811 540,1811 510,1812 481,1812 451,1812 422,1812 392,1812 363,1812 333,1813 304,1813"/>
                <Baseline points="304,1836 333,1836 363,1835 392,1835 422,1835 451,1835 481,1835 510,1835 540,1834 569,1834 599,1834 629,1834 658,1834 688,1834 717,1834 747,1834 776,1834 806,1833 835,1833 865,1833 895,1833"/>
                <TextEquiv>
                    <Unicode>con la escopeta en las manos</Unicode>
                </TextEquiv>
            </TextLine>
            <TextLine id="r_1_1l34" custom="readingOrder {index:33;}">
                <Coords points="297,1894 327,1894 358,1894 388,1894 419,1894 450,1894 480,1894 511,1894 541,1894 572,1893 603,1893 633,1893 664,1893 694,1893 725,1893 756,1893 786,1892 817,1892 847,1891 878,1891 909,1890 909,1856 878,1857 847,1857 817,1858 786,1858 756,1859 725,1859 694,1859 664,1859 633,1859 603,1859 572,1859 541,1860 511,1860 480,1860 450,1860 419,1860 388,1860 358,1860 327,1860 297,1860"/>
                <Baseline points="297,1883 327,1883 358,1883 388,1883 419,1883 450,1883 480,1883 511,1883 541,1883 572,1882 603,1882 633,1882 664,1882 694,1882 725,1882 756,1882 786,1881 817,1881 847,1880 878,1880 909,1879"/>
                <TextEquiv>
                    <Unicode>salió á una reja, entendiendo,</Unicode>
                </TextEquiv>
            </TextLine>
            <TextLine id="r_1_1l35" custom="readingOrder {index:34;}">
                <Coords points="302,1942 333,1942 365,1942 397,1942 429,1942 461,1942 493,1942 525,1942 557,1942 589,1942 621,1942 652,1942 684,1942 716,1942 748,1942 780,1942 812,1941 844,1941 876,1941 908,1940 940,1940 940,1906 908,1906 876,1907 844,1907 812,1907 780,1908 748,1908 716,1908 684,1908 652,1908 621,1908 589,1908 557,1908 525,1908 493,1908 461,1908 429,1908 397,1908 365,1908 333,1908 302,1908"/>
                <Baseline points="302,1931 333,1931 365,1931 397,1931 429,1931 461,1931 493,1931 525,1931 557,1931 589,1931 621,1931 652,1931 684,1931 716,1931 748,1931 780,1931 812,1930 844,1930 876,1930 908,1929 940,1929"/>
                <TextEquiv>
                    <Unicode>que eran ladrones, que estaban</Unicode>
                </TextEquiv>
            </TextLine>
            <TextLine id="r_1_1l36" custom="readingOrder {index:35;}">
                <Coords points="295,1990 321,1990 347,1991 373,1991 400,1991 426,1991 452,1990 478,1990 505,1990 531,1990 557,1990 584,1990 610,1990 636,1990 662,1990 689,1990 715,1989 741,1989 768,1989 768,1955 741,1955 715,1955 689,1956 662,1956 636,1956 610,1956 584,1956 557,1956 531,1956 505,1956 478,1956 452,1956 426,1957 400,1957 373,1957 347,1957 321,1956 295,1956"/>
                <Baseline points="295,1979 321,1979 347,1980 373,1980 400,1980 426,1980 452,1979 478,1979 505,1979 531,1979 557,1979 584,1979 610,1979 636,1979 662,1979 689,1979 715,1978 741,1978 768,1978"/>
                <TextEquiv>
                    <Unicode>abriéndola pero viendo</Unicode>
                </TextEquiv>
            </TextLine>
            <TextLine id="r_1_1l37" custom="readingOrder {index:36;}">
                <Coords points="304,2039 330,2039 356,2038 382,2038 408,2038 435,2038 461,2038 487,2038 513,2038 539,2038 566,2039 592,2039 618,2039 644,2039 670,2039 697,2039 723,2039 749,2039 775,2039 802,2039 802,2005 775,2005 749,2005 723,2005 697,2005 670,2005 644,2005 618,2005 592,2005 566,2005 539,2004 513,2004 487,2004 461,2004 435,2004 408,2004 382,2004 356,2004 330,2005 304,2005"/>
                <Baseline points="304,2028 330,2028 356,2027 382,2027 408,2027 435,2027 461,2027 487,2027 513,2027 539,2027 566,2028 592,2028 618,2028 644,2028 670,2028 697,2028 723,2028 749,2028 775,2028 802,2028"/>
                <TextEquiv>
                    <Unicode>un vulto que se quejaba</Unicode>
                </TextEquiv>
            </TextLine>
            <TextLine id="r_1_1l38" custom="readingOrder {index:37;}">
                <Coords points="301,2086 326,2086 352,2087 378,2087 404,2087 430,2087 455,2087 481,2087 507,2087 533,2087 559,2087 584,2087 610,2087 636,2087 662,2087 688,2087 713,2087 739,2087 765,2088 791,2088 817,2089 817,2055 791,2054 765,2054 739,2053 713,2053 688,2053 662,2053 636,2053 610,2053 584,2053 559,2053 533,2053 507,2053 481,2053 455,2053 430,2053 404,2053 378,2053 352,2053 326,2052 301,2052"/>
                <Baseline points="301,2075 326,2075 352,2076 378,2076 404,2076 430,2076 455,2076 481,2076 507,2076 533,2076 559,2076 584,2076 610,2076 636,2076 662,2076 688,2076 713,2076 739,2076 765,2077 791,2077 817,2078"/>
                <TextEquiv>
                    <Unicode>con desmayados acentos,</Unicode>
                </TextEquiv>
            </TextLine>
            <TextLine id="r_1_1l39" custom="readingOrder {index:38;}">
                <Coords points="307,2135 332,2135 358,2135 384,2135 409,2135 435,2135 461,2135 487,2135 512,2135 538,2135 564,2134 590,2134 615,2134 641,2134 667,2134 693,2134 718,2135 744,2135 770,2135 796,2136 796,2102 770,2101 744,2101 718,2101 693,2100 667,2100 641,2100 615,2100 590,2100 564,2100 538,2101 512,2101 487,2101 461,2101 435,2101 409,2101 384,2101 358,2101 332,2101 307,2101"/>
                <Baseline points="307,2124 332,2124 358,2124 384,2124 409,2124 435,2124 461,2124 487,2124 512,2124 538,2124 564,2123 590,2123 615,2123 641,2123 667,2123 693,2123 718,2124 744,2124 770,2124 796,2125"/>
                <TextEquiv>
                    <Unicode>ha dicho: quien está aí?</Unicode>
                </TextEquiv>
            </TextLine>
            <TextLine id="r_1_1l40" custom="readingOrder {index:39;}">
                <Coords points="305,2183 331,2183 358,2183 385,2183 412,2183 438,2183 465,2183 492,2183 519,2183 545,2183 572,2182 599,2182 626,2182 652,2182 679,2182 706,2182 733,2182 759,2182 786,2183 813,2183 840,2183 840,2149 813,2149 786,2149 759,2148 733,2148 706,2148 679,2148 652,2148 626,2148 599,2148 572,2148 545,2149 519,2149 492,2149 465,2149 438,2149 412,2149 385,2149 358,2149 331,2149 305,2149"/>
                <Baseline points="305,2172 331,2172 358,2172 385,2172 412,2172 438,2172 465,2172 492,2172 519,2172 545,2172 572,2171 599,2171 626,2171 652,2171 679,2171 706,2171 733,2171 759,2171 786,2172 813,2172 840,2172"/>
                <TextEquiv>
                    <Unicode>Y él le dijo respondiendo,</Unicode>
                </TextEquiv>
            </TextLine>
            <TextLine id="r_1_1l41" custom="readingOrder {index:40;}">
                <Coords points="300,2234 328,2233 356,2232 384,2232 413,2231 441,2231 469,2230 498,2230 526,2230 554,2231 583,2231 611,2231 639,2231 667,2231 696,2231 724,2231 752,2231 781,2231 809,2231 837,2230 866,2229 866,2195 837,2196 809,2197 781,2197 752,2197 724,2197 696,2197 667,2197 639,2197 611,2197 583,2197 554,2197 526,2196 498,2196 469,2196 441,2197 413,2197 384,2198 356,2198 328,2199 300,2200"/>
                <Baseline points="300,2223 328,2222 356,2221 384,2221 413,2220 441,2220 469,2219 498,2219 526,2219 554,2220 583,2220 611,2220 639,2220 667,2220 696,2220 724,2220 752,2220 781,2220 809,2220 837,2219 866,2218"/>
                <TextEquiv>
                    <Unicode>su nombre y de tal manera</Unicode>
                </TextEquiv>
            </TextLine>
            <TextLine id="r_1_1l42" custom="readingOrder {index:41;}">
                <Coords points="295,2284 326,2284 358,2284 389,2284 421,2284 452,2284 484,2284 515,2284 547,2283 578,2283 610,2283 642,2283 673,2283 705,2282 736,2282 768,2282 799,2282 831,2282 862,2283 894,2283 926,2284 926,2250 894,2249 862,2249 831,2248 799,2248 768,2248 736,2248 705,2248 673,2249 642,2249 610,2249 578,2249 547,2249 515,2250 484,2250 452,2250 421,2250 389,2250 358,2250 326,2250 295,2250"/>
                <Baseline points="295,2273 326,2273 358,2273 389,2273 421,2273 452,2273 484,2273 515,2273 547,2272 578,2272 610,2272 642,2272 673,2272 705,2271 736,2271 768,2271 799,2271 831,2271 862,2272 894,2272 926,2273"/>
                <TextEquiv>
                    <Unicode>fué, que apenas se oyó el eco,</Unicode>
                </TextEquiv>
            </TextLine>
            <TextEquiv>
                <Unicode>hasta, que llegando á un sitio,
donde nadie podia verlo,
el traidor de don Francisco
tendió la capa diciendo:
aqui habemos de aguardar
á los musicos, que tengo
citados, y mientras vienen,
será bien que descansemos.
Puso para cabecera
la rodela y el sombrero:
acostose, y persuadido
el amigo hizo lo mesmo,
y cuando vido que estaba
poco menos que durmiendo,
se levantó, y á la espada,
porque se hallase indefenso,
le puso el pie, y con la suya
siete veces contra el suelo
le cosió, y juzgando ya,
quedaba del todo muerto,
le dejo y se fué á su casa,
cual si nada hubiera hecho.
Mas volviendo en si el herido,
haciendo algunos esfuerzos
arrimado á las paredes,
y muchas veces cayendo,
á la una de la noche
llegó á la puerta de un deudo
suyo á llamar, pero eran
los golpes que dió tan quedos,
que su pariente, que estaba
en aquel tiempo despierto,
con la escopeta en las manos
salió á una reja, entendiendo,
que eran ladrones, que estaban
abriéndola pero viendo
un vulto que se quejaba
con desmayados acentos,
ha dicho: quien está aí?
Y él le dijo respondiendo,
su nombre y de tal manera
fué, que apenas se oyó el eco,</Unicode>
            </TextEquiv>
        </TextRegion>
        <TextRegion orientation="0.0" type="paragraph" id="r_2_1" custom="readingOrder {index:1;}">
            <Coords points="1016,244 1717,244 1717,2284 1016,2284"/>
            <TextLine id="r_2_1l1" custom="readingOrder {index:0;}">
                <Coords points="1022,293 1049,292 1076,292 1103,292 1130,292 1157,292 1184,292 1212,292 1239,292 1266,292 1293,292 1320,292 1347,292 1374,292 1402,291 1429,291 1456,291 1483,290 1510,290 1537,289 1565,288 1565,254 1537,255 1510,256 1483,256 1456,257 1429,257 1402,257 1374,258 1347,258 1320,258 1293,258 1266,258 1239,258 1212,258 1184,258 1157,258 1130,258 1103,258 1076,258 1049,258 1022,259"/>
                <Baseline points="1022,282 1049,281 1076,281 1103,281 1130,281 1157,281 1184,281 1212,281 1239,281 1266,281 1293,281 1320,281 1347,281 1374,281 1402,280 1429,280 1456,280 1483,279 1510,279 1537,278 1565,277"/>
                <TextEquiv>
                    <Unicode>y hasta entenderio, estuvo</Unicode>
                </TextEquiv>
            </TextLine>
            <TextLine id="r_2_1l2" custom="readingOrder {index:1;}">
                <Coords points="1023,341 1048,341 1073,341 1099,341 1124,340 1150,340 1175,340 1200,340 1226,340 1251,340 1277,340 1302,339 1328,339 1353,339 1378,339 1404,339 1429,339 1455,339 1480,339 1506,339 1506,305 1480,305 1455,305 1429,305 1404,305 1378,305 1353,305 1328,305 1302,305 1277,306 1251,306 1226,306 1200,306 1175,306 1150,306 1124,306 1099,307 1073,307 1048,307 1023,307"/>
                <Baseline points="1023,330 1048,330 1073,330 1099,330 1124,329 1150,329 1175,329 1200,329 1226,329 1251,329 1277,329 1302,328 1328,328 1353,328 1378,328 1404,328 1429,328 1455,328 1480,328 1506,328"/>
                <TextEquiv>
                    <Unicode>dudoso como suspenso.</Unicode>
                </TextEquiv>
            </TextLine>
            <TextLine id="r_2_1l3" custom="readingOrder {index:2;}">
                <Coords points="1015,390 1040,390 1065,390 1090,390 1115,389 1140,389 1165,389 1190,389 1215,389 1241,389 1266,388 1291,388 1316,388 1341,388 1366,388 1391,387 1416,387 1441,386 1467,386 1467,352 1441,352 1416,353 1391,353 1366,354 1341,354 1316,354 1291,354 1266,354 1241,355 1215,355 1190,355 1165,355 1140,355 1115,355 1090,356 1065,356 1040,356 1015,356"/>
                <Baseline points="1015,379 1040,379 1065,379 1090,379 1115,378 1140,378 1165,378 1190,378 1215,378 1241,378 1266,377 1291,377 1316,377 1341,377 1366,377 1391,376 1416,376 1441,375 1467,375"/>
                <TextEquiv>
                    <Unicode>Y asi, que le conoció,</Unicode>
                </TextEquiv>
            </TextLine>
            <TextLine id="r_2_1l4" custom="readingOrder {index:3;}">
                <Coords points="1021,438 1049,438 1077,438 1106,437 1134,437 1163,437 1191,437 1219,437 1248,437 1276,437 1305,436 1333,436 1361,436 1390,436 1418,436 1447,436 1475,436 1503,436 1532,435 1560,435 1589,435 1589,401 1560,401 1532,401 1503,402 1475,402 1447,402 1418,402 1390,402 1361,402 1333,402 1305,402 1276,403 1248,403 1219,403 1191,403 1163,403 1134,403 1106,403 1077,404 1049,404 1021,404"/>
                <Baseline points="1021,427 1049,427 1077,427 1106,426 1134,426 1163,426 1191,426 1219,426 1248,426 1276,426 1305,425 1333,425 1361,425 1390,425 1418,425 1447,425 1475,425 1503,425 1532,424 1560,424 1589,424"/>
                <TextEquiv>
                    <Unicode>bajó y las puertas abriendo,</Unicode>
                </TextEquiv>
            </TextLine>
            <TextLine id="r_2_1l5" custom="readingOrder {index:4;}">
                <Coords points="1020,486 1050,486 1081,486 1112,486 1143,486 1174,485 1204,485 1235,485 1266,485 1297,484 1328,484 1358,484 1389,484 1420,484 1451,484 1482,484 1512,485 1543,485 1574,486 1605,486 1636,487 1636,453 1605,452 1574,452 1543,451 1512,451 1482,450 1451,450 1420,450 1389,450 1358,450 1328,450 1297,450 1266,451 1235,451 1204,451 1174,451 1143,452 1112,452 1081,452 1050,452 1020,452"/>
                <Baseline points="1020,475 1050,475 1081,475 1112,475 1143,475 1174,474 1204,474 1235,474 1266,474 1297,473 1328,473 1358,473 1389,473 1420,473 1451,473 1482,473 1512,474 1543,474 1574,475 1605,475 1636,476"/>
                <TextEquiv>
                    <Unicode>del suelo le alzó á los brazos,</Unicode>
                </TextEquiv>
            </TextLine>
            <TextLine id="r_2_1l6" custom="readingOrder {index:5;}">
                <Coords points="1022,536 1047,535 1073,535 1098,534 1124,534 1149,533 1175,533 1201,533 1226,533 1252,532 1277,532 1303,532 1328,532 1354,532 1380,532 1405,532 1431,532 1456,533 1482,533 1508,533 1508,499 1482,499 1456,499 1431,498 1405,498 1380,498 1354,498 1328,498 1303,498 1277,498 1252,498 1226,499 1201,499 1175,499 1149,499 1124,500 1098,500 1073,501 1047,501 1022,502"/>
                <Baseline points="1022,525 1047,524 1073,524 1098,523 1124,523 1149,522 1175,522 1201,522 1226,522 1252,521 1277,521 1303,521 1328,521 1354,521 1380,521 1405,521 1431,521 1456,522 1482,522 1508,522"/>
                <TextEquiv>
                    <Unicode>y llevándolo á su lecho,</Unicode>
                </TextEquiv>
            </TextLine>
            <TextLine id="r_2_1l7" custom="readingOrder {index:6;}">
                <Coords points="1024,583 1049,583 1074,583 1099,583 1124,583 1149,583 1174,582 1199,582 1224,582 1249,581 1274,581 1299,581 1324,580 1349,580 1374,580 1399,580 1424,581 1450,581 1450,547 1424,547 1399,546 1374,546 1349,546 1324,546 1299,547 1274,547 1249,547 1224,548 1199,548 1174,548 1149,549 1124,549 1099,549 1074,549 1049,549 1024,549"/>
                <Baseline points="1024,572 1049,572 1074,572 1099,572 1124,572 1149,572 1174,571 1199,571 1224,571 1249,570 1274,570 1299,570 1324,569 1349,569 1374,569 1399,569 1424,570 1450,570"/>
                <TextEquiv>
                    <Unicode>alborotó los criados;</Unicode>
                </TextEquiv>
            </TextLine>
            <TextLine id="r_2_1l8" custom="readingOrder {index:7;}">
                <Coords points="1021,631 1047,631 1074,631 1100,631 1127,631 1153,631 1180,631 1206,631 1233,630 1259,630 1286,630 1312,630 1339,630 1365,630 1392,629 1418,629 1445,629 1471,629 1498,629 1524,629 1551,629 1551,595 1524,595 1498,595 1471,595 1445,595 1418,595 1392,595 1365,596 1339,596 1312,596 1286,596 1259,596 1233,596 1206,597 1180,597 1153,597 1127,597 1100,597 1074,597 1047,597 1021,597"/>
                <Baseline points="1021,620 1047,620 1074,620 1100,620 1127,620 1153,620 1180,620 1206,620 1233,619 1259,619 1286,619 1312,619 1339,619 1365,619 1392,618 1418,618 1445,618 1471,618 1498,618 1524,618 1551,618"/>
                <TextEquiv>
                    <Unicode>para que fuesen corriendo</Unicode>
                </TextEquiv>
            </TextLine>
            <TextLine id="r_2_1l9" custom="readingOrder {index:8;}">
                <Coords points="1025,680 1050,680 1075,680 1100,680 1125,680 1150,679 1175,679 1200,679 1225,679 1250,679 1276,678 1301,678 1326,678 1351,677 1376,677 1401,677 1426,677 1451,677 1476,677 1502,677 1502,643 1476,643 1451,643 1426,643 1401,643 1376,643 1351,643 1326,644 1301,644 1276,644 1250,645 1225,645 1200,645 1175,645 1150,645 1125,646 1100,646 1075,646 1050,646 1025,646"/>
                <Baseline points="1025,669 1050,669 1075,669 1100,669 1125,669 1150,668 1175,668 1200,668 1225,668 1250,668 1276,667 1301,667 1326,667 1351,666 1376,666 1401,666 1426,666 1451,666 1476,666 1502,666"/>
                <TextEquiv>
                    <Unicode>á avisarle á la justicia,</Unicode>
                </TextEquiv>
            </TextLine>
            <TextLine id="r_2_1l10" custom="readingOrder {index:9;}">
                <Coords points="1026,729 1054,728 1083,728 1112,728 1141,727 1170,727 1199,727 1228,727 1257,727 1286,727 1315,726 1343,726 1372,726 1401,726 1430,726 1459,726 1488,726 1517,726 1546,725 1575,725 1604,725 1604,691 1575,691 1546,691 1517,692 1488,692 1459,692 1430,692 1401,692 1372,692 1343,692 1315,692 1286,693 1257,693 1228,693 1199,693 1170,693 1141,693 1112,694 1083,694 1054,694 1026,695"/>
                <Baseline points="1026,718 1054,717 1083,717 1112,717 1141,716 1170,716 1199,716 1228,716 1257,716 1286,716 1315,715 1343,715 1372,715 1401,715 1430,715 1459,715 1488,715 1517,715 1546,714 1575,714 1604,714"/>
                <TextEquiv>
                    <Unicode>en el interin, que él mesmo</Unicode>
                </TextEquiv>
            </TextLine>
            <TextLine id="r_2_1l11" custom="readingOrder {index:10;}">
                <Coords points="1030,777 1056,777 1082,776 1108,776 1135,776 1161,776 1187,776 1213,775 1240,775 1266,775 1292,774 1318,774 1345,774 1371,773 1397,773 1423,773 1450,773 1450,739 1423,739 1397,739 1371,739 1345,740 1318,740 1292,740 1266,741 1240,741 1213,741 1187,742 1161,742 1135,742 1108,742 1082,742 1056,743 1030,743"/>
                <Baseline points="1030,766 1056,766 1082,765 1108,765 1135,765 1161,765 1187,765 1213,764 1240,764 1266,764 1292,763 1318,763 1345,763 1371,762 1397,762 1423,762 1450,762"/>
                <TextEquiv>
                    <Unicode>iba por un confesor.</Unicode>
                </TextEquiv>
            </TextLine>
            <TextLine id="r_2_1l12" custom="readingOrder {index:11;}">
                <Coords points="1031,826 1061,825 1092,825 1123,825 1154,824 1185,824 1215,824 1246,824 1277,823 1308,823 1339,823 1369,822 1400,822 1431,822 1462,822 1493,822 1523,822 1554,822 1585,822 1616,821 1647,821 1647,787 1616,787 1585,788 1554,788 1523,788 1493,788 1462,788 1431,788 1400,788 1369,788 1339,789 1308,789 1277,789 1246,790 1215,790 1185,790 1154,790 1123,791 1092,791 1061,791 1031,792"/>
                <Baseline points="1031,815 1061,814 1092,814 1123,814 1154,813 1185,813 1215,813 1246,813 1277,812 1308,812 1339,812 1369,811 1400,811 1431,811 1462,811 1493,811 1523,811 1554,811 1585,811 1616,810 1647,810"/>
                <TextEquiv>
                    <Unicode>Y en breve espacio de tiempo</Unicode>
                </TextEquiv>
            </TextLine>
            <TextLine id="r_2_1l13" custom="readingOrder {index:12;}">
                <Coords points="1029,873 1054,873 1080,873 1106,873 1132,873 1157,873 1183,873 1209,873 1235,873 1261,873 1286,873 1312,872 1338,872 1364,872 1389,872 1415,872 1441,872 1467,873 1493,873 1493,839 1467,839 1441,838 1415,838 1389,838 1364,838 1338,838 1312,838 1286,839 1261,839 1235,839 1209,839 1183,839 1157,839 1132,839 1106,839 1080,839 1054,839 1029,839"/>
                <Baseline points="1029,862 1054,862 1080,862 1106,862 1132,862 1157,862 1183,862 1209,862 1235,862 1261,862 1286,862 1312,861 1338,861 1364,861 1389,861 1415,861 1441,861 1467,862 1493,862"/>
                <TextEquiv>
                    <Unicode>díjo en su declaracíon,</Unicode>
                </TextEquiv>
            </TextLine>
            <TextLine id="r_2_1l14" custom="readingOrder {index:13;}">
                <Coords points="1031,922 1057,923 1083,923 1110,923 1136,922 1162,922 1189,921 1215,921 1241,921 1268,920 1294,920 1320,919 1347,919 1373,919 1399,919 1426,919 1452,919 1478,920 1505,921 1531,922 1558,923 1558,889 1531,888 1505,887 1478,886 1452,885 1426,885 1399,885 1373,885 1347,885 1320,885 1294,886 1268,886 1241,887 1215,887 1189,887 1162,888 1136,888 1110,889 1083,889 1057,889 1031,888"/>
                <Baseline points="1031,911 1057,912 1083,912 1110,912 1136,911 1162,911 1189,910 1215,910 1241,910 1268,909 1294,909 1320,908 1347,908 1373,908 1399,908 1426,908 1452,908 1478,909 1505,910 1531,911 1558,912"/>
                <TextEquiv>
                    <Unicode>quién asi lo habia puesto,</Unicode>
                </TextEquiv>
            </TextLine>
            <TextLine id="r_2_1l15" custom="readingOrder {index:14;}">
                <Coords points="1033,970 1058,970 1083,970 1109,970 1134,970 1160,970 1185,970 1211,970 1236,969 1262,969 1287,969 1312,969 1338,968 1363,968 1389,968 1414,968 1440,968 1465,968 1491,969 1516,969 1542,970 1542,937 1516,936 1491,936 1465,935 1440,935 1414,935 1389,935 1363,935 1338,935 1312,936 1287,936 1262,936 1236,936 1211,937 1185,937 1160,937 1134,937 1109,937 1083,937 1058,937 1033,937"/>
                <Baseline points="1033,959 1058,959 1083,959 1109,959 1134,959 1160,959 1185,959 1211,959 1236,958 1262,958 1287,958 1312,958 1338,957 1363,957 1389,957 1414,957 1440,957 1465,957 1491,958 1516,958 1542,959"/>
                <TextEquiv>
                    <Unicode>y confesadas sus culpas,</Unicode>
                </TextEquiv>
            </TextLine>
            <TextLine id="r_2_1l16" custom="readingOrder {index:15;}">
                <Coords points="1023,1018 1052,1018 1082,1019 1112,1019 1142,1019 1171,1019 1201,1018 1231,1018 1261,1017 1290,1017 1320,1016 1350,1015 1380,1015 1409,1014 1439,1014 1469,1014 1499,1014 1528,1014 1558,1015 1588,1016 1618,1017 1618,984 1588,983 1558,982 1528,981 1499,981 1469,981 1439,981 1409,981 1380,982 1350,982 1320,983 1290,984 1261,984 1231,985 1201,985 1171,986 1142,986 1112,986 1082,986 1052,985 1023,985"/>
                <Baseline points="1023,1007 1052,1007 1082,1008 1112,1008 1142,1008 1171,1008 1201,1007 1231,1007 1261,1006 1290,1006 1320,1005 1350,1004 1380,1004 1409,1003 1439,1003 1469,1003 1499,1003 1528,1003 1558,1004 1588,1005 1618,1006"/>
                <TextEquiv>
                    <Unicode>con grande arrepentimiento,</Unicode>
                </TextEquiv>
            </TextLine>
            <TextLine id="r_2_1l17" custom="readingOrder {index:16;}">
                <Coords points="1023,1067 1054,1067 1085,1067 1116,1067 1147,1066 1178,1066 1209,1066 1240,1066 1271,1065 1302,1065 1333,1065 1364,1064 1395,1064 1426,1064 1457,1064 1488,1063 1519,1063 1550,1063 1581,1063 1612,1063 1644,1063 1644,1030 1612,1030 1581,1030 1550,1030 1519,1030 1488,1030 1457,1031 1426,1031 1395,1031 1364,1031 1333,1032 1302,1032 1271,1032 1240,1033 1209,1033 1178,1033 1147,1033 1116,1034 1085,1034 1054,1034 1023,1034"/>
                <Baseline points="1023,1056 1054,1056 1085,1056 1116,1056 1147,1055 1178,1055 1209,1055 1240,1055 1271,1054 1302,1054 1333,1054 1364,1053 1395,1053 1426,1053 1457,1053 1488,1052 1519,1052 1550,1052 1581,1052 1612,1052 1644,1052"/>
                <TextEquiv>
                    <Unicode>á las cuatro en punto el alma</Unicode>
                </TextEquiv>
            </TextLine>
            <TextLine id="r_2_1l18" custom="readingOrder {index:17;}">
                <Coords points="1024,1114 1057,1114 1090,1115 1123,1115 1156,1115 1189,1115 1222,1115 1255,1115 1288,1114 1321,1114 1354,1114 1387,1114 1420,1114 1453,1113 1486,1113 1519,1113 1552,1113 1585,1113 1618,1112 1651,1112 1684,1112 1684,1078 1651,1078 1618,1078 1585,1079 1552,1079 1519,1079 1486,1079 1453,1079 1420,1080 1387,1080 1354,1080 1321,1080 1288,1080 1255,1081 1222,1081 1189,1081 1156,1081 1123,1081 1090,1081 1057,1080 1024,1080"/>
                <Baseline points="1024,1103 1057,1103 1090,1104 1123,1104 1156,1104 1189,1104 1222,1104 1255,1104 1288,1103 1321,1103 1354,1103 1387,1103 1420,1103 1453,1102 1486,1102 1519,1102 1552,1102 1585,1102 1618,1101 1651,1101 1684,1101"/>
                <TextEquiv>
                    <Unicode>dió al Criador de tierra, y cielo.</Unicode>
                </TextEquiv>
            </TextLine>
            <TextLine id="r_2_1l19" custom="readingOrder {index:18;}">
                <Coords points="1030,1161 1057,1162 1085,1163 1112,1163 1140,1164 1168,1164 1195,1164 1223,1164 1250,1163 1278,1163 1306,1162 1333,1162 1361,1162 1388,1162 1416,1161 1444,1161 1471,1161 1499,1162 1526,1162 1554,1162 1582,1163 1582,1129 1554,1128 1526,1128 1499,1128 1471,1127 1444,1127 1416,1127 1388,1128 1361,1128 1333,1128 1306,1128 1278,1129 1250,1129 1223,1130 1195,1130 1168,1130 1140,1130 1112,1129 1085,1129 1057,1128 1030,1127"/>
                <Baseline points="1030,1150 1057,1151 1085,1152 1112,1152 1140,1153 1168,1153 1195,1153 1223,1153 1250,1152 1278,1152 1306,1151 1333,1151 1361,1151 1388,1151 1416,1150 1444,1150 1471,1150 1499,1151 1526,1151 1554,1151 1582,1152"/>
                <TextEquiv>
                    <Unicode>Y apenas el sol los montes</Unicode>
                </TextEquiv>
            </TextLine>
            <TextLine id="r_2_1l20" custom="readingOrder {index:19;}">
                <Coords points="1026,1211 1051,1211 1077,1211 1103,1211 1128,1211 1154,1211 1180,1211 1205,1211 1231,1211 1257,1211 1282,1211 1308,1211 1334,1210 1359,1210 1385,1210 1411,1210 1436,1210 1462,1209 1488,1209 1514,1209 1514,1175 1488,1175 1462,1175 1436,1176 1411,1176 1385,1176 1359,1176 1334,1176 1308,1177 1282,1177 1257,1177 1231,1177 1205,1177 1180,1177 1154,1177 1128,1177 1103,1177 1077,1177 1051,1177 1026,1177"/>
                <Baseline points="1026,1200 1051,1200 1077,1200 1103,1200 1128,1200 1154,1200 1180,1200 1205,1200 1231,1200 1257,1200 1282,1200 1308,1200 1334,1199 1359,1199 1385,1199 1411,1199 1436,1199 1462,1198 1488,1198 1514,1198"/>
                <TextEquiv>
                    <Unicode>coronó con sus reflejos,</Unicode>
                </TextEquiv>
            </TextLine>
            <TextLine id="r_2_1l21" custom="readingOrder {index:20;}">
                <Coords points="1025,1260 1051,1260 1077,1260 1104,1261 1130,1261 1157,1261 1183,1261 1210,1260 1236,1260 1263,1260 1289,1259 1315,1259 1342,1259 1368,1258 1395,1258 1421,1258 1448,1257 1474,1257 1501,1257 1527,1257 1554,1258 1554,1224 1527,1223 1501,1223 1474,1223 1448,1223 1421,1224 1395,1224 1368,1224 1342,1225 1315,1225 1289,1225 1263,1226 1236,1226 1210,1226 1183,1227 1157,1227 1130,1227 1104,1227 1077,1226 1051,1226 1025,1226"/>
                <Baseline points="1025,1249 1051,1249 1077,1249 1104,1250 1130,1250 1157,1250 1183,1250 1210,1249 1236,1249 1263,1249 1289,1248 1315,1248 1342,1248 1368,1247 1395,1247 1421,1247 1448,1246 1474,1246 1501,1246 1527,1246 1554,1247"/>
                <TextEquiv>
                    <Unicode>cuando dentro de su casa</Unicode>
                </TextEquiv>
            </TextLine>
            <TextLine id="r_2_1l22" custom="readingOrder {index:21;}">
                <Coords points="1023,1309 1050,1309 1077,1309 1104,1309 1132,1309 1159,1308 1186,1308 1213,1308 1241,1308 1268,1308 1295,1308 1322,1308 1350,1308 1377,1307 1404,1307 1431,1307 1459,1307 1486,1307 1513,1306 1540,1306 1568,1306 1568,1272 1540,1272 1513,1272 1486,1273 1459,1273 1431,1273 1404,1273 1377,1273 1350,1274 1322,1274 1295,1274 1268,1274 1241,1274 1213,1274 1186,1274 1159,1274 1132,1275 1104,1275 1077,1275 1050,1275 1023,1275"/>
                <Baseline points="1023,1298 1050,1298 1077,1298 1104,1298 1132,1298 1159,1297 1186,1297 1213,1297 1241,1297 1268,1297 1295,1297 1322,1297 1350,1297 1377,1296 1404,1296 1431,1296 1459,1296 1486,1296 1513,1295 1540,1295 1568,1295"/>
                <TextEquiv>
                    <Unicode>al matador lo prendieron.</Unicode>
                </TextEquiv>
            </TextLine>
            <TextLine id="r_2_1l23" custom="readingOrder {index:22;}">
                <Coords points="1032,1357 1057,1357 1083,1357 1109,1356 1135,1357 1160,1357 1186,1357 1212,1357 1238,1357 1263,1357 1289,1357 1315,1357 1341,1356 1366,1356 1392,1356 1418,1355 1444,1354 1470,1353 1470,1319 1444,1320 1418,1321 1392,1322 1366,1322 1341,1322 1315,1323 1289,1323 1263,1323 1238,1323 1212,1323 1186,1323 1160,1323 1135,1323 1109,1322 1083,1323 1057,1323 1032,1323"/>
                <Baseline points="1032,1346 1057,1346 1083,1346 1109,1345 1135,1346 1160,1346 1186,1346 1212,1346 1238,1346 1263,1346 1289,1346 1315,1346 1341,1345 1366,1345 1392,1345 1418,1344 1444,1343 1470,1342"/>
                <TextEquiv>
                    <Unicode>Y como esta novedad</Unicode>
                </TextEquiv>
            </TextLine>
            <TextLine id="r_2_1l24" custom="readingOrder {index:23;}">
                <Coords points="1026,1404 1051,1404 1077,1405 1103,1405 1129,1405 1155,1405 1181,1405 1207,1405 1233,1405 1259,1405 1285,1404 1310,1404 1336,1404 1362,1404 1388,1404 1414,1404 1440,1404 1466,1404 1492,1404 1518,1405 1544,1405 1544,1371 1518,1371 1492,1370 1466,1370 1440,1370 1414,1370 1388,1370 1362,1370 1336,1370 1310,1370 1285,1370 1259,1371 1233,1371 1207,1371 1181,1371 1155,1371 1129,1371 1103,1371 1077,1371 1051,1370 1026,1370"/>
                <Baseline points="1026,1393 1051,1393 1077,1394 1103,1394 1129,1394 1155,1394 1181,1394 1207,1394 1233,1394 1259,1394 1285,1393 1310,1393 1336,1393 1362,1393 1388,1393 1414,1393 1440,1393 1466,1393 1492,1393 1518,1394 1544,1394"/>
                <TextEquiv>
                    <Unicode>se divulgo por el pneblo,</Unicode>
                </TextEquiv>
            </TextLine>
            <TextLine id="r_2_1l25" custom="readingOrder {index:24;}">
                <Coords points="1036,1455 1061,1454 1087,1454 1112,1454 1138,1454 1164,1453 1189,1453 1215,1453 1241,1452 1266,1452 1292,1452 1318,1452 1343,1452 1369,1452 1395,1451 1420,1451 1446,1451 1472,1452 1497,1452 1523,1452 1549,1452 1549,1418 1523,1418 1497,1418 1472,1418 1446,1417 1420,1417 1395,1417 1369,1418 1343,1418 1318,1418 1292,1418 1266,1418 1241,1418 1215,1419 1189,1419 1164,1419 1138,1420 1112,1420 1087,1420 1061,1420 1036,1421"/>
                <Baseline points="1036,1444 1061,1443 1087,1443 1112,1443 1138,1443 1164,1442 1189,1442 1215,1442 1241,1441 1266,1441 1292,1441 1318,1441 1343,1441 1369,1441 1395,1440 1420,1440 1446,1440 1472,1441 1497,1441 1523,1441 1549,1441"/>
                <TextEquiv>
                    <Unicode>llegó á oidos da la dama,</Unicode>
                </TextEquiv>
            </TextLine>
            <TextLine id="r_2_1l26" custom="readingOrder {index:25;}">
                <Coords points="1025,1502 1053,1502 1081,1502 1110,1502 1138,1502 1167,1502 1195,1502 1223,1502 1252,1501 1280,1501 1309,1500 1337,1500 1365,1500 1394,1499 1422,1499 1451,1499 1479,1499 1507,1499 1536,1499 1564,1499 1593,1500 1593,1466 1564,1465 1536,1465 1507,1465 1479,1465 1451,1465 1422,1465 1394,1465 1365,1466 1337,1466 1309,1466 1280,1467 1252,1467 1223,1468 1195,1468 1167,1468 1138,1468 1110,1468 1081,1468 1053,1468 1025,1468"/>
                <Baseline points="1025,1491 1053,1491 1081,1491 1110,1491 1138,1491 1167,1491 1195,1491 1223,1491 1252,1490 1280,1490 1309,1489 1337,1489 1365,1489 1394,1488 1422,1488 1451,1488 1479,1488 1507,1488 1536,1488 1564,1488 1593,1489"/>
                <TextEquiv>
                    <Unicode>y ella asustada entendiendo,</Unicode>
                </TextEquiv>
            </TextLine>
            <TextLine id="r_2_1l27" custom="readingOrder {index:26;}">
                <Coords points="1028,1550 1058,1550 1088,1550 1119,1550 1149,1550 1180,1550 1210,1550 1240,1550 1271,1549 1301,1549 1332,1549 1362,1549 1392,1549 1423,1548 1453,1548 1484,1548 1514,1548 1544,1547 1575,1547 1605,1547 1636,1547 1636,1513 1605,1513 1575,1513 1544,1513 1514,1514 1484,1514 1453,1514 1423,1514 1392,1515 1362,1515 1332,1515 1301,1515 1271,1515 1240,1516 1210,1516 1180,1516 1149,1516 1119,1516 1088,1516 1058,1516 1028,1516"/>
                <Baseline points="1028,1539 1058,1539 1088,1539 1119,1539 1149,1539 1180,1539 1210,1539 1240,1539 1271,1538 1301,1538 1332,1538 1362,1538 1392,1538 1423,1537 1453,1537 1484,1537 1514,1537 1544,1536 1575,1536 1605,1536 1636,1536"/>
                <TextEquiv>
                    <Unicode>que el deshonor de su esposo</Unicode>
                </TextEquiv>
            </TextLine>
            <TextLine id="r_2_1l28" custom="readingOrder {index:27;}">
                <Coords points="1036,1598 1061,1598 1087,1598 1113,1599 1138,1599 1164,1598 1190,1598 1215,1598 1241,1598 1267,1597 1292,1597 1318,1597 1344,1597 1369,1597 1395,1597 1421,1597 1446,1598 1472,1599 1498,1600 1498,1566 1472,1565 1446,1564 1421,1563 1395,1563 1369,1563 1344,1563 1318,1563 1292,1563 1267,1563 1241,1564 1215,1564 1190,1564 1164,1564 1138,1565 1113,1565 1087,1564 1061,1564 1036,1564"/>
                <Baseline points="1036,1587 1061,1587 1087,1587 1113,1588 1138,1588 1164,1587 1190,1587 1215,1587 1241,1587 1267,1586 1292,1586 1318,1586 1344,1586 1369,1586 1395,1586 1421,1586 1446,1587 1472,1588 1498,1589"/>
                <TextEquiv>
                    <Unicode>estaba ya descubierto,</Unicode>
                </TextEquiv>
            </TextLine>
            <TextLine id="r_2_1l29" custom="readingOrder {index:28;}">
                <Coords points="1034,1647 1059,1647 1084,1646 1109,1646 1134,1646 1160,1646 1185,1646 1210,1646 1235,1645 1261,1645 1286,1645 1311,1645 1336,1645 1362,1645 1387,1646 1412,1646 1437,1646 1463,1646 1463,1612 1437,1612 1412,1612 1387,1612 1362,1611 1336,1611 1311,1611 1286,1611 1261,1611 1235,1611 1210,1612 1185,1612 1160,1612 1134,1612 1109,1612 1084,1612 1059,1613 1034,1613"/>
                <Baseline points="1034,1636 1059,1636 1084,1635 1109,1635 1134,1635 1160,1635 1185,1635 1210,1635 1235,1634 1261,1634 1286,1634 1311,1634 1336,1634 1362,1634 1387,1635 1412,1635 1437,1635 1463,1635"/>
                <TextEquiv>
                    <Unicode>rezelosa del peligro,</Unicode>
                </TextEquiv>
            </TextLine>
            <TextLine id="r_2_1l30" custom="readingOrder {index:29;}">
                <Coords points="1023,1695 1051,1695 1079,1695 1107,1695 1135,1695 1163,1695 1191,1695 1220,1695 1248,1695 1276,1694 1304,1694 1332,1694 1360,1694 1388,1694 1417,1693 1445,1693 1473,1693 1501,1693 1529,1693 1557,1694 1586,1694 1586,1660 1557,1660 1529,1659 1501,1659 1473,1659 1445,1659 1417,1659 1388,1660 1360,1660 1332,1660 1304,1660 1276,1660 1248,1661 1220,1661 1191,1661 1163,1661 1135,1661 1107,1661 1079,1661 1051,1661 1023,1661"/>
                <Baseline points="1023,1684 1051,1684 1079,1684 1107,1684 1135,1684 1163,1684 1191,1684 1220,1684 1248,1684 1276,1683 1304,1683 1332,1683 1360,1683 1388,1683 1417,1682 1445,1682 1473,1682 1501,1682 1529,1682 1557,1683 1586,1683"/>
                <TextEquiv>
                    <Unicode>antes que llegue á saberlo,</Unicode>
                </TextEquiv>
            </TextLine>
            <TextLine id="r_2_1l31" custom="readingOrder {index:30;}">
                <Coords points="1030,1745 1056,1744 1082,1744 1108,1744 1134,1743 1160,1743 1186,1743 1212,1743 1238,1743 1264,1743 1290,1743 1316,1742 1342,1742 1368,1742 1394,1742 1420,1742 1446,1741 1472,1741 1498,1740 1525,1740 1525,1706 1498,1706 1472,1707 1446,1707 1420,1708 1394,1708 1368,1708 1342,1708 1316,1708 1290,1709 1264,1709 1238,1709 1212,1709 1186,1709 1160,1709 1134,1709 1108,1710 1082,1710 1056,1710 1030,1711"/>
                <Baseline points="1030,1734 1056,1733 1082,1733 1108,1733 1134,1732 1160,1732 1186,1732 1212,1732 1238,1732 1264,1732 1290,1732 1316,1731 1342,1731 1368,1731 1394,1731 1420,1731 1446,1730 1472,1730 1498,1729 1525,1729"/>
                <TextEquiv>
                    <Unicode>tomó sus oros, y cuanto</Unicode>
                </TextEquiv>
            </TextLine>
            <TextLine id="r_2_1l32" custom="readingOrder {index:31;}">
                <Coords points="1036,1792 1063,1792 1090,1793 1117,1793 1144,1793 1171,1793 1198,1792 1225,1792 1252,1791 1279,1791 1307,1790 1334,1790 1361,1789 1388,1789 1415,1789 1442,1789 1469,1789 1496,1789 1523,1790 1550,1790 1578,1792 1578,1758 1550,1756 1523,1756 1496,1755 1469,1755 1442,1755 1415,1755 1388,1755 1361,1755 1334,1756 1307,1756 1279,1757 1252,1757 1225,1758 1198,1758 1171,1759 1144,1759 1117,1759 1090,1759 1063,1758 1036,1758"/>
                <Baseline points="1036,1781 1063,1781 1090,1782 1117,1782 1144,1782 1171,1782 1198,1781 1225,1781 1252,1780 1279,1780 1307,1779 1334,1779 1361,1778 1388,1778 1415,1778 1442,1778 1469,1778 1496,1778 1523,1779 1550,1779 1578,1781"/>
                <TextEquiv>
                    <Unicode>pudo hallar de valimiento,</Unicode>
                </TextEquiv>
            </TextLine>
            <TextLine id="r_2_1l33" custom="readingOrder {index:32;}">
                <Coords points="1033,1839 1059,1840 1085,1840 1111,1841 1138,1841 1164,1841 1190,1841 1216,1840 1243,1840 1269,1840 1295,1839 1322,1839 1348,1838 1374,1838 1400,1837 1427,1837 1453,1837 1479,1837 1506,1837 1506,1804 1479,1804 1453,1804 1427,1804 1400,1804 1374,1805 1348,1805 1322,1806 1295,1806 1269,1807 1243,1807 1216,1807 1190,1808 1164,1808 1138,1808 1111,1808 1085,1807 1059,1807 1033,1806"/>
                <Baseline points="1033,1828 1059,1829 1085,1829 1111,1830 1138,1830 1164,1830 1190,1830 1216,1829 1243,1829 1269,1829 1295,1828 1322,1828 1348,1827 1374,1827 1400,1826 1427,1826 1453,1826 1479,1826 1506,1826"/>
                <TextEquiv>
                    <Unicode>y tapada con su manto</Unicode>
                </TextEquiv>
            </TextLine>
            <TextLine id="r_2_1l34" custom="readingOrder {index:33;}">
                <Coords points="1028,1889 1053,1889 1079,1888 1105,1888 1131,1888 1157,1887 1182,1887 1208,1887 1234,1887 1260,1887 1286,1887 1311,1887 1337,1887 1363,1886 1389,1886 1415,1886 1440,1886 1466,1885 1492,1885 1518,1884 1544,1884 1544,1851 1518,1851 1492,1852 1466,1852 1440,1853 1415,1853 1389,1853 1363,1853 1337,1854 1311,1854 1286,1854 1260,1854 1234,1854 1208,1854 1182,1854 1157,1854 1131,1855 1105,1855 1079,1855 1053,1856 1028,1856"/>
                <Baseline points="1028,1878 1053,1878 1079,1877 1105,1877 1131,1877 1157,1876 1182,1876 1208,1876 1234,1876 1260,1876 1286,1876 1311,1876 1337,1876 1363,1875 1389,1875 1415,1875 1440,1875 1466,1874 1492,1874 1518,1873 1544,1873"/>
                <TextEquiv>
                    <Unicode>sola se fué al Monasterio</Unicode>
                </TextEquiv>
            </TextLine>
            <TextLine id="r_2_1l35" custom="readingOrder {index:34;}">
                <Coords points="1031,1938 1057,1937 1083,1937 1109,1936 1135,1936 1161,1936 1187,1936 1213,1936 1239,1936 1265,1936 1291,1936 1317,1936 1343,1936 1369,1936 1395,1936 1421,1935 1447,1934 1473,1933 1499,1932 1499,1898 1473,1899 1447,1900 1421,1901 1395,1902 1369,1902 1343,1902 1317,1902 1291,1902 1265,1902 1239,1902 1213,1902 1187,1902 1161,1902 1135,1902 1109,1902 1083,1903 1057,1903 1031,1904"/>
                <Baseline points="1031,1927 1057,1926 1083,1926 1109,1925 1135,1925 1161,1925 1187,1925 1213,1925 1239,1925 1265,1925 1291,1925 1317,1925 1343,1925 1369,1925 1395,1925 1421,1924 1447,1923 1473,1922 1499,1921"/>
                <TextEquiv>
                    <Unicode>de santa Clara, y en él</Unicode>
                </TextEquiv>
            </TextLine>
            <TextLine id="r_2_1l36" custom="readingOrder {index:35;}">
                <Coords points="1023,1986 1048,1986 1074,1986 1099,1986 1125,1986 1151,1986 1176,1985 1202,1985 1227,1985 1253,1984 1279,1984 1304,1984 1330,1983 1355,1983 1381,1983 1407,1983 1432,1983 1458,1983 1483,1983 1509,1983 1535,1983 1535,1949 1509,1949 1483,1949 1458,1949 1432,1949 1407,1949 1381,1949 1355,1949 1330,1949 1304,1950 1279,1950 1253,1950 1227,1951 1202,1951 1176,1951 1151,1952 1125,1952 1099,1952 1074,1952 1048,1952 1023,1952"/>
                <Baseline points="1023,1975 1048,1975 1074,1975 1099,1975 1125,1975 1151,1975 1176,1974 1202,1974 1227,1974 1253,1973 1279,1973 1304,1973 1330,1972 1355,1972 1381,1972 1407,1972 1432,1972 1458,1972 1483,1972 1509,1972 1535,1972"/>
                <TextEquiv>
                    <Unicode>hallo luego acogimiento;</Unicode>
                </TextEquiv>
            </TextLine>
            <TextLine id="r_2_1l37" custom="readingOrder {index:36;}">
                <Coords points="1030,2034 1055,2034 1080,2034 1105,2034 1131,2034 1156,2034 1181,2034 1207,2033 1232,2033 1257,2033 1283,2032 1308,2032 1333,2032 1358,2032 1384,2031 1409,2031 1434,2031 1460,2031 1485,2031 1510,2031 1536,2031 1536,1997 1510,1997 1485,1997 1460,1997 1434,1997 1409,1997 1384,1997 1358,1998 1333,1998 1308,1998 1283,1998 1257,1999 1232,1999 1207,1999 1181,2000 1156,2000 1131,2000 1105,2000 1080,2000 1055,2000 1030,2000"/>
                <Baseline points="1030,2023 1055,2023 1080,2023 1105,2023 1131,2023 1156,2023 1181,2023 1207,2022 1232,2022 1257,2022 1283,2021 1308,2021 1333,2021 1358,2021 1384,2020 1409,2020 1434,2020 1460,2020 1485,2020 1510,2020 1536,2020"/>
                <TextEquiv>
                    <Unicode>y como despues se supo</Unicode>
                </TextEquiv>
            </TextLine>
            <TextLine id="r_2_1l38" custom="readingOrder {index:37;}">
                <Coords points="1029,2083 1054,2083 1079,2083 1104,2083 1129,2083 1155,2083 1180,2082 1205,2082 1230,2082 1255,2081 1281,2081 1306,2081 1331,2081 1356,2080 1381,2080 1407,2080 1432,2080 1457,2080 1482,2080 1507,2080 1533,2080 1533,2046 1507,2046 1482,2046 1457,2046 1432,2046 1407,2046 1381,2046 1356,2046 1331,2047 1306,2047 1281,2047 1255,2047 1230,2048 1205,2048 1180,2048 1155,2049 1129,2049 1104,2049 1079,2049 1054,2049 1029,2049"/>
                <Baseline points="1029,2072 1054,2072 1079,2072 1104,2072 1129,2072 1155,2072 1180,2071 1205,2071 1230,2071 1255,2070 1281,2070 1306,2070 1331,2070 1356,2069 1381,2069 1407,2069 1432,2069 1457,2069 1482,2069 1507,2069 1533,2069"/>
                <TextEquiv>
                    <Unicode>todo cuanto dicho dejo;</Unicode>
                </TextEquiv>
            </TextLine>
            <TextLine id="r_2_1l39" custom="readingOrder {index:38;}">
                <Coords points="1023,2130 1056,2131 1090,2131 1124,2131 1158,2130 1192,2130 1225,2130 1259,2130 1293,2129 1327,2129 1361,2129 1394,2128 1428,2128 1462,2128 1496,2127 1529,2127 1563,2127 1597,2127 1631,2127 1665,2128 1699,2128 1699,2094 1665,2094 1631,2093 1597,2093 1563,2093 1529,2093 1496,2093 1462,2094 1428,2094 1394,2094 1361,2095 1327,2095 1293,2095 1259,2096 1225,2096 1192,2096 1158,2096 1124,2097 1090,2097 1056,2097 1023,2096"/>
                <Baseline points="1023,2119 1056,2120 1090,2120 1124,2120 1158,2119 1192,2119 1225,2119 1259,2119 1293,2118 1327,2118 1361,2118 1394,2117 1428,2117 1462,2117 1496,2116 1529,2116 1563,2116 1597,2116 1631,2116 1665,2117 1699,2117"/>
                <TextEquiv>
                    <Unicode>D. Juan, su hermano y sus padres</Unicode>
                </TextEquiv>
            </TextLine>
            <TextLine id="r_2_1l40" custom="readingOrder {index:39;}">
                <Coords points="1034,2178 1061,2178 1089,2179 1117,2179 1145,2179 1173,2178 1201,2178 1229,2178 1257,2178 1285,2178 1313,2177 1340,2177 1368,2177 1396,2177 1424,2177 1452,2176 1480,2176 1508,2176 1536,2177 1564,2177 1592,2177 1592,2144 1564,2144 1536,2144 1508,2143 1480,2143 1452,2143 1424,2144 1396,2144 1368,2144 1340,2144 1313,2144 1285,2145 1257,2145 1229,2145 1201,2145 1173,2145 1145,2146 1117,2146 1089,2146 1061,2145 1034,2145"/>
                <Baseline points="1034,2167 1061,2167 1089,2168 1117,2168 1145,2168 1173,2167 1201,2167 1229,2167 1257,2167 1285,2167 1313,2166 1340,2166 1368,2166 1396,2166 1424,2166 1452,2165 1480,2165 1508,2165 1536,2166 1564,2166 1592,2166"/>
                <TextEquiv>
                    <Unicode>tanto sentimiento hícieron,</Unicode>
                </TextEquiv>
            </TextLine>
            <TextLine id="r_2_1l41" custom="readingOrder {index:40;}">
                <Coords points="1031,2226 1060,2226 1090,2227 1120,2227 1150,2227 1179,2227 1209,2227 1239,2226 1269,2226 1298,2226 1328,2226 1358,2226 1388,2225 1417,2225 1447,2225 1477,2224 1507,2224 1536,2223 1566,2223 1596,2223 1626,2222 1626,2189 1596,2190 1566,2190 1536,2190 1507,2191 1477,2191 1447,2192 1417,2192 1388,2192 1358,2193 1328,2193 1298,2193 1269,2193 1239,2193 1209,2194 1179,2194 1150,2194 1120,2194 1090,2194 1060,2193 1031,2193"/>
                <Baseline points="1031,2215 1060,2215 1090,2216 1120,2216 1150,2216 1179,2216 1209,2216 1239,2215 1269,2215 1298,2215 1328,2215 1358,2215 1388,2214 1417,2214 1447,2214 1477,2213 1507,2213 1536,2212 1566,2212 1596,2212 1626,2211"/>
                <TextEquiv>
                    <Unicode>que en muchos dias despues</Unicode>
                </TextEquiv>
            </TextLine>
            <TextLine id="r_2_1l42" custom="readingOrder {index:41;}">
                <Coords points="1029,2279 1060,2279 1091,2279 1122,2280 1153,2280 1185,2280 1216,2280 1247,2280 1278,2280 1309,2280 1341,2280 1372,2280 1403,2279 1434,2279 1465,2279 1497,2278 1528,2278 1559,2277 1590,2277 1621,2276 1653,2275 1653,2241 1621,2242 1590,2243 1559,2243 1528,2244 1497,2244 1465,2245 1434,2245 1403,2245 1372,2246 1341,2246 1309,2246 1278,2246 1247,2246 1216,2246 1185,2246 1153,2246 1122,2246 1091,2245 1060,2245 1029,2245"/>
                <Baseline points="1029,2268 1060,2268 1091,2268 1122,2269 1153,2269 1185,2269 1216,2269 1247,2269 1278,2269 1309,2269 1341,2269 1372,2269 1403,2268 1434,2268 1465,2268 1497,2267 1528,2267 1559,2266 1590,2266 1621,2265 1653,2264"/>
                <TextEquiv>
                    <Unicode>no hubo quien pudiese yerlos,</Unicode>
                </TextEquiv>
            </TextLine>
            <TextEquiv>
                <Unicode>y hasta entenderio, estuvo
dudoso como suspenso.
Y asi, que le conoció,
bajó y las puertas abriendo,
del suelo le alzó á los brazos,
y llevándolo á su lecho,
alborotó los criados;
para que fuesen corriendo
á avisarle á la justicia,
en el interin, que él mesmo
iba por un confesor.
Y en breve espacio de tiempo
díjo en su declaracíon,
quién asi lo habia puesto,
y confesadas sus culpas,
con grande arrepentimiento,
á las cuatro en punto el alma
dió al Criador de tierra, y cielo.
Y apenas el sol los montes
coronó con sus reflejos,
cuando dentro de su casa
al matador lo prendieron.
Y como esta novedad
se divulgo por el pneblo,
llegó á oidos da la dama,
y ella asustada entendiendo,
que el deshonor de su esposo
estaba ya descubierto,
rezelosa del peligro,
antes que llegue á saberlo,
tomó sus oros, y cuanto
pudo hallar de valimiento,
y tapada con su manto
sola se fué al Monasterio
de santa Clara, y en él
hallo luego acogimiento;
y como despues se supo
todo cuanto dicho dejo;
D. Juan, su hermano y sus padres
tanto sentimiento hícieron,
que en muchos dias despues
no hubo quien pudiese yerlos,</Unicode>
            </TextEquiv>
        </TextRegion>
    </Page>
</PcGts>
