1765 2512
268 274 766 309 le dice; con mi cuñado
264 323 783 359 hechas amistades tengo,
276 372 884 406 para que vuelva á hacer vida
276 419 888 455 mi herinana con él, y quiero,
273 467 890 506 que, pues, tu hablas con ella,
276 516 818 554 le des ayuda á mi intento,
269 566 715 600 que si yo llego por ti
267 612 800 647 á lograr lo que pretendo,
270 659 842 698 te ofrezco dar cien ducados,
277 708 791 743 para que pueda con ellos
273 757 680 793 remediarte: y al oir
270 804 858 844 Pedro que escuchaba atento,
264 853 752 889 este ofrecimiento, dijo:
268 900 792 937 (codicioso de los ciento.)
271 949 776 985 Todo cuanto de mi parte
275 996 772 1034 estuviere hacer ofrezco.
268 1045 840 1083 Y don Luis dijo: pues como
272 1094 788 1131 lo hagas asi, será cierto
266 1142 857 1179 lo que te he dicho y tendrás
268 1192 780 1230 en mi, á fé de caballero,
270 1239 758 1277 un amigo, que te valga
268 1288 897 1325 en cualquier lance de empeño.
263 1336 782 1373 Con esto se fué, y quedó,
258 1384 823 1421 Pedro con mucho contento.
257 1432 759 1469 Y porque en la dilacion
264 1481 798 1518 se aventuraba el perderlo,
263 1529 745 1567 procuro sacar la dama.
268 1577 846 1614 conforme lo habia dispuesto,
263 1626 863 1662 por letras, que habia llevado
257 1676 721 1712 (el desleal á su dueño)
257 1723 804 1758 á la carcel cuando esataba
263 1771 806 1806 á los fines de estar preso.
258 1819 724 1855 Y para que se lograra
259 1868 734 1904 con presteza su deseo,
264 1915 784 1950 dentro de un cesto metió
257 1962 788 1999 de paño un vestido nueyo
264 2011 854 2049 de hombre, y para que fuese
260 2061 828 2099 libre, de que puedan verlo,
258 2110 826 2144 le tapó muy bien con yerva
255 2159 787 2197 y encima le fué poniendo
255 2208 791 2240 de aquella fruta, que daba
265 2256 789 2292 generosamente el tiempo.
990 273 1428 311 Embióle este regalo,
997 324 1643 359 y un papel, en que advirtiendo
1003 371 1496 405 le iba de que estuviese
995 417 1538 457 sola al irlo descubriendo,
999 467 1575 502 y ella embio en la respuesta
1005 515 1518 552 á decir la hora, y puesto
1008 563 1584 600 en que aguarde: que saldria
1008 611 1510 648 aquella noche de cierto.
1002 660 1538 695 Y cuando estába la noche
1003 708 1582 747 con mas quietud, y silencio,
1001 758 1473 792 y las personas gozaban
1001 804 1567 845 del descanso en el sosiego,
997 852 1627 891 subió á un cuarto donde habia
999 901 1496 941 esteras y trastos viejos,
999 948 1548 989 que le sirvieron de escala,
1002 999 1544 1037 para que llegase al techo,
1003 1044 1530 1084 y de una viga unas sogas
995 1093 1510 1131 ató fuertemente, y luego
997 1142 1628 1181 llegó á un tabique, (que sirve
999 1188 1486 1231 de pared en un testero,
1007 1242 1579 1277 y que del tiempo arruinado,
998 1286 1482 1325 se estaba casi cayendo,
997 1337 1523 1372 y con un martillo grande
996 1384 1508 1422 le tiró golpes tan recios,
995 1433 1585 1470 que no fué menester, llegue
996 1482 1443 1520 á ejecutar el tercero,
1002 1529 1526 1565 para que sobre un tejado
998 1575 1532 1613 se cayese, y á el saliendo
992 1625 1440 1662 doña Violante, se fué
990 1674 1538 1712 por las sogas escurriendo,
992 1721 1514 1759 derribando muchas tejas.
994 1769 1556 1810 al ir arrastrando el cuerpo,
990 1818 1478 1856 hasta bajarse á la calle,
990 1869 1522 1906 y apenas tocó en el suelo
995 1916 1588 1953 con las plantás, cuando dijo
992 1962 1516 2002 á Pedro: vámonos presto,
990 2011 1456 2047 no sea que se alborote
988 2059 1546 2099 el barrio con el estruendo,
992 2108 1430 2146 y con paso acelerado
991 2156 1584 2193 de alli se ausentaron, yendo
986 2203 1474 2242 Pedro delante guiando,
988 2255 1450 2290 y ella le iba siguiendo
