1737 2508
270 284 738 320 alegre porque juzgaba
267 332 768 369 lograr mas feliz suceso.
274 380 744 416 Y por calles escusadas
271 429 827 466 van dando muchos rodeos,
267 477 721 513 hasta llegar á la casa
268 524 883 561 de don Juan, donde siguiendo
268 572 837 610 entro Pedro, que alli tiene
275 621 881 658 dos caballos, porque en ellos
270 671 726 707 pudiesen de la ciudad
270 720 826 755 salir, del peligro huyendo.
265 767 814 803 Y aunque esta dama tenia
263 815 738 851 bastante conocimiento,
278 864 772 900 de la casa, con fa mucha
274 909 734 949 obscuridad á perderlo
265 960 878 996 llegó, y asi se fué entrando,
271 1008 843 1046 sirviendo de vista el tiento
272 1058 880 1093 Y á tiempo, que habia pasado
278 1105 852 1142 yá de la puerta de enmedio,
270 1154 804 1190 oyó á don Luis, que dijo,
267 1202 837 1239 Pedro, mucho te agradezco
272 1252 838 1287 el cuidado, que has tenido,
265 1298 860 1337 ven mañana, y nos veremos,
273 1347 692 1383 y llevarás hacia allá
266 1396 728 1431 el dinero que te debo.
267 1444 732 1482 Sobresaltose Violante,
273 1494 728 1528 y quiso salir huyendo
267 1542 708 1576 disimulada á la calle;
275 1588 818 1624 pero sintió que la acieron
269 1636 862 1673 de un brazo y como cayando
274 1684 824 1723 la guiaban y entendiendo,
276 1732 768 1771 que era Pedro le siguió
269 1782 786 1818 aunque con algun rezelo.
269 1830 827 1866 Mas en llegando á una sala
272 1880 852 1915 baja, donde estaba ardiendo
278 1927 650 1964 una luz reconoció,
270 1976 810 2013 que era su peligro cierto,
280 2024 948 2060 porque en manos de su hermano
273 2073 895 2109 se halló, y vió, que del asiento
274 2123 740 2159 su esposo se levantó,
273 2170 716 2208 y que su furioso ceño
278 2219 842 2253 daba muestras de su enojo:
280 2268 809 2305 y que irritado, y soberbio
994 282 1548 319 su hermané dijo: traidora,
1004 329 1470 367 tu delito á el paradero
1003 379 1533 415 te ha traido, pues, y aquí
1003 427 1532 462 tus livianos pensamientos
1007 473 1495 511 cesarán, y la deshonra,
1010 522 1591 559 que yo, y tu esposo tenemos
1008 571 1583 609 por ti, con tu propia sangre
1004 619 1594 656 tendrá fin tambien; y oyendo
996 667 1482 704 estas palabras, turbada
995 715 1577 754 se ha arrodillado en el suelo,
1007 764 1570 801 diciendo, hermano querido,
1001 813 1526 849 y esposo y señor, ya veo,
1007 861 1618 897 que Dios quiere de que pague
997 909 1612 946 las ofensas, que os he hecho,
999 957 1536 994 mas antes que de la vida
1003 1006 1520 1043 me desposeais, os ruego,
1008 1054 1484 1091 me traigan un confesor,
1000 1100 1585 1138 porque las culpas que tengo
1001 1151 1630 1186 son tantas que ha de perderse
995 1199 1556 1235 si muero y no me confieso,
1004 1249 1514 1283 mi alma, y asi por Cristo
1004 1295 1453 1332 á suplicároslo vuelvo.
1000 1346 1631 1381 Y aunque de la ofensa estaban
1004 1393 1445 1428 irritados, no por eso
1002 1439 1504 1478 se dieron á la venganza;
1000 1488 1437 1525 uniformes estuvieron,
1005 1539 1490 1573 para que de lo que pide
1001 1585 1595 1625 se procure el cumplimiento.
1011 1634 1439 1670 Y para ello don Luis
997 1683 1474 1718 salió y con paso ligero
996 1731 1420 1767 á santa Maria llegó
1001 1780 1522 1816 y llamó al Cura, diciendo,
1008 1828 1572 1863 que á su cuñado babia dado
997 1876 1524 1912 en aquel instante mesmo
996 1924 1511 1961 de repente un accidente,
999 1974 1535 2011 y que se queda muriendo;
1008 2020 1460 2058 y que le hiciese favor
1005 2070 1603 2106 de irlo á confesar, y el lecho
999 2118 1442 2154 dejó, y para poder ir
998 2166 1514 2205 á confesarlo mas presto,
1011 2216 1498 2252 por la calle iba, y se iba
1000 2265 1524 2301 acabando de ir vistiendo.
