1765 2512
214 291 800 329 Entró en casa de don Juan;
217 340 776 376 y halló de que era incierto
224 389 706 424 lo que don Luis le dijo;
219 437 762 473 pero estuvo oyendo atento
219 484 725 521 de penitencia á Violante,
219 534 789 572 y asi, que la hubo absuelto,
223 583 704 620 entraron los ofendidos,
226 631 648 669 y sacando los aceros
215 680 776 715 de la opresion de la baina.
224 728 708 764 furiosamente con ellos,
224 776 734 813 dando á su yerro castigo,
220 824 752 862 en el gristal de su pecho,
223 874 735 910 para que saliese el alma,
217 922 808 956 catorce puertas le abrieron.
220 968 678 1005 Y en fin ya desposeido
218 1017 670 1053 de los vitales alientos
220 1066 700 1101 el cuerpo piden al Cura
211 1114 732 1154 con todo encarecimiento,
219 1162 694 1198 les ayudase á encubrir
224 1212 687 1248 el delito, concediendo,
218 1260 774 1294 de que en la iglesia le den
220 1307 758 1344 sepultura, y por respetos
218 1355 776 1391 humanos luego al instante
217 1403 782 1441 que les dió consentimiento,
220 1453 652 1488 al cadaver sepultura
218 1500 668 1536 en una boveda dieron.
213 1548 688 1584 Y cuando al amanecer
213 1597 764 1632 fué el sacristan acudiendo
211 1645 672 1681 á su obiigacion, halló
212 1694 861 1731 manchas de sangre en el suelo.
214 1742 819 1779 Al pravisor fué á dar cuenta
219 1790 782 1828 de esta novedad, y el cleró
217 1840 606 1875 á la Justicia seglar
222 1889 730 1924 envió á avisar corriendo,
215 1936 800 1974 y á las puertas de la Iglesia
219 1985 832 2022 se juntan á un mismo tiempo,
217 2033 654 2070 y de la bóveda sacan
224 2082 800 2119 de doña Violante el cuerpo,
228 2131 900 2168 que en trage de hombre vestida,
946 288 1548 327 quien es, está desmintiendo.
948 337 1474 375 En fin vieron las heridas,
952 386 1458 423 y quien es reconocieron,
949 435 1479 472 y por las gotas de sangre,
954 483 1548 521 que al llevarla fué vertiendo,
954 530 1496 567 supieron muy bien la casa
946 578 1484 616 á donde estaban los reos,
953 627 1469 663 y á don Juan, y don Luis
943 675 1507 710 los prendieron, y sabiendo
954 724 1488 761 de Pedro la infame venta,
954 771 1490 810 tambien lo llevaron preso,
949 820 1459 857 y en la carcel del Obispo
954 869 1490 905 sucedió al cura lo mesmo.
947 915 1458 953 Y al cuarto dia don Juan
948 964 1592 1001 lo hechan libre, y prosiguiendo
952 1013 1444 1049 en los autos de justicia,
952 1062 1444 1097 al cabo, de año y medio
951 1110 1482 1146 de prision, dieron al cura
950 1160 1452 1198 per castigo de su yerro,
945 1208 1429 1242 que no celebrara Misa,
948 1255 1444 1291 ni Epístola ni Evangelio
941 1303 1424 1340 cante, y en un hospital
944 1352 1524 1390 está á los pobres sirviendo,
950 1401 1382 1438 rodeado de miserias,
943 1449 1441 1486 para ganar su sustento,
951 1495 1515 1533 y á los diez y nueve meses
946 1545 1468 1581 se feneció aqueste pleito,
943 1592 1519 1629 con lo que quedó don Luis
950 1641 1455 1679 libre, y sacaron á Pedro
952 1690 1494 1727 de la carcel por las calies,
941 1739 1445 1775 sacudiéndole doscientos
942 1787 1430 1824 azotes, y por diez años
944 1836 1597 1871 despues fué á bogar á un remo,
952 1883 1470 1920 Aqui pueden los amantes
948 1931 1476 1969 tomar algun escarmiento,
943 1980 1451 2020 y consideren, que amor
950 2029 1568 2067 hacen á los que aman ciegos,
941 2076 1495 2118 y que por seguir el gusto,
944 2126 1480 2164 caen antes en el despeño.
726 2223 1127 2263 CARMONA:—1854.
419 2271 1439 2314 Imprenta de D. J. M. Moreno, Descalzas núm, 1.
