1765 2512
122 329 609 365 hizo; que doña Violante
124 376 560 415 admitiese el galanteo
127 426 667 462 de don Francisco, que fué
123 473 671 510 causa de su fin sangriento.
122 522 668 558 Y llegó á obrar en los dos
119 569 682 606 con tanta violencia el fuego
128 617 644 656 del amor que sino fuera
128 666 754 704 incendio que arde encubierto,
129 714 651 752 no dudo se hubiera visto
128 763 774 801 Troya abreviada en dos pechos,
123 811 704 849 que así me lo dá á entender
124 861 604 897 los precedidos afectos.
128 909 666 948 Hablabanse con la pluma,
123 959 564 994 entendianse leyendo,
127 1007 619 1045 y porque don Juan solia
129 1056 622 1089 en conversacion ó juego
125 1102 636 1139 divertirse á prima noche
125 1149 617 1187 fuera de casa queriendo
123 1199 644 1236 su ingrata esposa lograr
127 1247 651 1283 con su amante sus descos
128 1296 622 1332 le dió aviso, y sitó hora,
120 1345 676 1381 para conseguir su intento.
125 1392 683 1429 Y por temer don Francisco
125 1441 702 1477 no venga á su casa y dentro
115 1490 742 1526 lo halle don Juan, á un amigo
125 1537 687 1574 (tambien como el mancebo)
127 1587 713 1624 para que le hiciese espaldas,
120 1635 658 1671 le descubrió este secreto.
125 1682 647 1721 Fueron juntos, y logrose
122 1732 750 1770 el lance, y no fué el postrero;
123 1780 665 1818 y viendo tanta hermosura
124 1828 655 1867 en la dama el compañero
123 1877 655 1914 de don Francisco, procura
127 1924 585 1964 alcanzarla, y para ello
116 1975 686 2011 le escribió algunos papeles
124 2024 650 2061 muy cariñosos, y tiernos,
121 2072 643 2110 que cualquiera muger dá
129 2121 639 2158 al que lo sabe de cierto,
122 2170 600 2205 con liviandad ocasion,
125 2217 657 2254 á que tenga atrevimiento.
127 2265 685 2303 No le responde á ninguno
129 2314 789 2353 de cuantos le escribió, y viendo
852 323 1383 363 el pretensor que no hace
859 372 1423 410 de su amor ningun aprécio,
857 421 1409 460 procuró con mas instancias
851 470 1369 506 el lograr el vencimiento.
862 518 1344 553 Y viendose perseguida,
851 566 1385 608 y que no valen desprecios,
859 612 1439 654 para que este nuevo amante
861 663 1310 700 dejara de ser molesto,
853 711 1351 748 á don Francisco le dijo:
859 759 1531 797 sabras, bien mio que entiendo,
855 807 1361 846 que mi marido sospecha
856 857 1390 893 tiene, de como le ofendo,
856 905 1364 942 por haber sido tu amigo
851 955 1383 990 falso, atrevido, y grosero,
859 1003 1447 1039 que me ha perseguido tanto,
859 1050 1506 1087 que juzgo ha dado á entenderlo.
864 1099 1408 1137 Y don Francisco responde,
858 1149 1318 1184 disimulando sus zelos,
854 1197 1296 1232 si quieres asegurarte
858 1243 1396 1284 de aqueste temido riesgo,
854 1293 1368 1329 puedes venirte conmigo,
863 1341 1438 1378 dueño hermoso que prometo
856 1391 1394 1425 de llevarte á parte, donde
854 1436 1362 1474 los dos seguros estemos,
854 1486 1374 1523 Y luego al punto la dama
853 1534 1357 1573 admitió el ofrecimiento,
864 1585 1256 1620 y respondió liberal:
860 1632 1434 1671 mañana en la noche espero,
852 1681 1408 1717 que vengas por mi, que yo
857 1731 1403 1766 prevenida estaré, y luego,
854 1777 1368 1813 que se despidió el galán
858 1824 1472 1863 de la dama, hecho un veneno,
859 1874 1456 1912 se fué en busca de su amigo,
857 1923 1505 1958 y asi que lo halló, encubriendo
858 1970 1328 2008 su enojo, se llegó á él,
864 2018 1427 2061 diciendo, á buscarte vengo,
863 2068 1354 2103 para que vayas conmigo
864 2116 1356 2151 esta noche porque llevo
857 2163 1370 2201 una música á una dama,
856 2213 1463 2251 con quien casarme pretendo.
854 2262 1308 2298 Acompañole el amigo,
855 2313 1453 2351 y en conversacion se fueron,
