1765 2512
85 301 567 341 Y de la pena oprimidos,
77 349 605 389 los dos viejos fallecieron,
85 397 655 440 y ella dentro en la clausura
87 448 593 485 supo bien estos sucesos,
79 495 624 534 sin que ignorase de todos,
90 540 770 582 ni aun siquiera el menor de ellos
89 589 656 630 y un papel escribió, y hubo
83 640 692 680 quien, porque le dió dineros,
80 692 514 727 á la carcel lo llevase,
89 739 654 777 y respondiendo al momento
88 784 684 825 D. Francisco desde entonces
81 834 665 873 los dos se correspondieron,
79 882 671 922 mientras, que el pleito duró,
82 931 620 972 que segun noticias tengo,
87 978 699 1019 entre el prenderlo, y soltarlo,
84 1026 603 1067 años hubo de por medio.
91 1075 678 1114 Y al fin le dan por sentencia
83 1124 553 1163 de su delito destierro,
85 1173 675 1213 y antes que lo echasen fuera
84 1222 652 1258 de aquel dilatado encierro,
88 1269 554 1307 á doña Violante embia
84 1317 554 1356 en un villete pequeño
85 1365 571 1403 á decir: sabrás por este
84 1414 752 1452 dueño hermoso que me ausento
84 1463 576 1501 de Segovia, y ha de ser
85 1514 640 1551 el salir de ella muy presto,
815 295 1391 336 porque es castigo, y preciso
815 345 1301 381 es callar, y obedecerlo.
807 392 1273 430 A vivir muriendo voy,
818 440 1402 478 si acaso es que vivir puedo,
817 488 1386 527 sin que tenga de tu mano,
817 538 1294 576 para mi divertimiento,
816 586 1381 625 las letras, que tantas veces
816 633 1397 673 me han servido de consuelo.
811 681 1310 721 Y ella le embió á decir:
811 730 1299 770 si te vas y yo me quedo
815 778 1310 818 en Segovia he de hacer
815 826 1370 867 que ciña un lazo mi cuello,
819 876 1367 916 porque acaben de una vez
809 924 1343 965 mi vida y mi sentimiento.
815 974 1230 1012 Y sino quires saber,
807 1021 1387 1061 que desesperada he muerto,
809 1071 1317 1110 llevame contigo, y paga
819 1120 1435 1157 el mucho amor, que te tengo,
817 1169 1251 1206 que para seguirte yo
812 1216 1400 1253 saldré de aqueste Convento;
813 1266 1325 1302 sin que me vea ninguna
809 1309 1449 1349 de cuantas se encierran dentro.
820 1356 1401 1398 Y lo que despues de aquesta
812 1408 1363 1448 respuesta de tanto arresto
808 1458 1348 1495 sucedió, en otro romance
803 1507 1287 1546 lo diré lector discreto.
323 1725 1249 1880 FIN DE LA PRIMERA PARTE.
