1765 2512
810 138 923 222 6
185 189 827 280 que én el vientre de su Madre
189 263 697 332 puso Dios tal asistencia,
193 296 772 382 que adormeciendo la culpa,
185 356 786 418 le dió el don de gracia plena.
186 402 699 469 Esta es la virgen María,
197 444 840 518 que en aqueste tiempo era
189 501 614 570 esposa de San José,
191 544 858 615 con juramento y protesta,
194 584 821 668 su virginidad guardando
192 635 880 711 y no cayó mancha en ella.
199 680 879 761 Y viviendo en Nazaret
198 744 630 804 un lugar de Galileá
194 789 879 860 á veinte y cinco de Marzo,
191 840 785 906 á tiempo que estaba puesta
195 890 693 963 en alta contemplacion
197 934 719 997 de las mas áltas esferas
202 980 761 1057 bajó el ángel San Gabriel,
208 1035 687 1103 y la palabra primera,
200 1084 787 1137 fué decirle Dios te salve
208 1132 875 1198 Maria, de Gracia llena.
214 1175 878 1240 Sabe, que el Señor me envia
214 1227 801 1297 á que concedas licencia;
215 1272 818 1340 para que baje su Híjo
218 1326 789 1403 y en tu dulce vientre tenga
214 1377 740 1439 su morada nueve meses;
216 1426 743 1485 y su nacimiento sea
221 1463 768 1532 total remedio del mundo.
220 1508 878 1581 Aunque llena de vergüenza
222 1564 881 1630 responde; ¿Cómo es posíble
219 1624 771 1689 si tengo hecha promesa
221 1656 868 1730 á Dios de virginidad?
230 1708 808 1770 Y el ángel dijo: no temas,
233 1760 794 1824 que es disposicion de Dios,
248 1810 796 1872 y la obra es suya mesma.
237 1860 804 1919 Fijó en el cielo la vista
228 1905 736 1975 y las rodillas en tierra
232 1948 795 2029 y con profunda humildad
233 2005 802 2070 dijo estas palabras mesmas:
233 2048 883 2121 Altísimo Señor mio
240 2087 856 2167 aquí está una esclava vuestra,
242 2145 875 2212 en mi vuestra voluntad
247 2193 860 2276 cúmplase en muy hora buena.
902 171 1348 252 El ángel se despídió
900 228 1423 313 á tiempo que la doncella
904 288 1444 350 otorgó el consentimiento,
907 339 1410 403 del Santo Espirítu llena,
909 384 1391 457 y con profundo respeto,
907 427 1412 495 con humilde reverencia,
910 478 1419 547 se bebió por boca y ojos
913 531 1354 596 la dívinidad suprema.
919 571 1434 643 Yerro es creer que Maria
919 623 1409 693 puso en esto diligencia;
921 661 1541 732 siendo asi que un Dios amante
916 721 1429 780 busca la cándida prenda:
924 771 1399 838 fué misterio venerable,
930 818 1362 883 legitima dependencia
930 856 1436 927 del Sacro Espíritu Santo
934 899 1573 984 que es un fuego que no quema
927 964 1379 1028 y llenó de luz divina
936 1013 1365 1082 el farol de su pureza.
938 1049 1410 1127 Cayó María el misterio,
928 1096 1606 1186 y á los montes de Judéa
902 1141 1606 1219 con su esposo San José
937 1187 1608 1279 pasó á dar la enhorabuena
942 1244 1613 1317 á Santa Isabel su prima
942 1290 1611 1375 que aunque era estéril y vieja
946 1349 1613 1417 concibió á San Juan Bautista
939 1387 1599 1465 y hallándose las dos cerca
941 1447 1443 1514 se reciben con abrazos,
901 1492 1493 1561 y el Bautista le hizo fiesta,
902 1542 1607 1604 dando brincos en el vientre.
945 1594 1410 1652 Isabel, sin ser profeta,
941 1636 1452 1705 bendice el fruto bendito
952 1673 1536 1755 de el vientre de su parienta,
953 1740 1358 1805 y Zacarías tambien
914 1776 1605 1846 le dá el parabien por señas.
959 1821 1606 1901 Detuviéronse tres meses
954 1882 1612 1945 aguardando á que naciera
960 1932 1605 2003 San Juan Bautista que fué
961 1974 1471 2043 tan celebrada su lengua
895 2016 1615 2084 que fué la voz del desierto,
897 2075 1447 2151 que predicó penitencia,
894 2112 1609 2204 Volvieron á Nazaret,
894 2164 1609 2253 y como ya daba muestras
