1765 2512
886 235 951 306 2
202 289 730 365 Noticia vengo á traeros
199 344 748 412 con justa y recta licencia
199 380 824 457 de un Dios que tan agraviado
201 443 708 509 está por tantas ofensas.
199 486 780 564 Y porque no haya disculpa,
203 528 866 606 que el mundo se vale de ellas,
199 579 713 655 por esto vengo á deciros
202 635 682 702 y á declararos en ella
202 681 692 749 los Misteríos de la Fé
202 722 790 794 desde antes de Adan y Eva,
206 774 781 848 la vida y muerte de Cristo,
206 825 780 888 escuchad con alma atenta:
202 873 846 946 Hombre, humano, que naciste
203 930 707 987 en este valle de penas,
211 974 815 1042 vuelve en tí, mira y repara,
206 1031 848 1083 que es justo y razon que sepas
211 1072 821 1130 que has de vivir santamente,
207 1119 772 1189 segun la ley que profesas,
207 1169 816 1236 guardando los mandamientos
204 1215 802 1293 de Dios, y su santa Iglesia.
207 1263 846 1331 Que hay tres personas Divinas;
205 1324 814 1380 y que todas tres se encierran
208 1362 784 1436 en un solo Dios, creyendo
212 1409 768 1481 que de las tres la primera
206 1437 900 1522 fué el Padre, que de ab-æterno
208 1509 797 1570 existe en su misma esencia:
215 1552 724 1624 ser sin principio, ni fin;
209 1603 750 1671 fuente de toda grandeza,
213 1658 756 1714 y abismo de perfecciones,
210 1691 771 1771 y que conviene que creas,
212 1745 824 1817 que este señor es tan grande.
213 1795 801 1859 que con su palabra mesma
219 1848 772 1924 hízo dos mundos que son,
218 1900 708 1973 once cielos, y la tierra,
216 1934 838 2007 y que es su empíreo la Córte
222 1994 724 2061 de su inefable grandeza.
218 2041 784 2115 Tambien crió de improviso
218 2095 772 2160 por millares, por sentenás,
213 2140 759 2213 Serafines, que le adoran,
218 2193 747 2260 Angeles, que le veneran:
218 2242 781 2310 y señalando á Luzbél
214 2291 892 2370 en gracia, y en excelencias
920 269 1462 352 tantas, que venaglorioso,
921 332 1413 399 todo lleno de soberbia,
923 380 1395 447 se reveló contra Dios,
931 425 1564 493 queriendo su igualdad mesma.
929 477 1466 534 Convocó muchos secuaces.
922 531 1449 588 que fué la parte tercera
926 575 1401 644 de espíritus infernales,
933 620 1515 682 que contra la Omnipotencia
923 671 1521 741 tomaron armas, que fueron
926 730 1518 792 armas, como suyas mesmas.
926 772 1463 836 Soberbia, Avaricia, Gula,
925 816 1359 895 Lujuria, Ira, Pereza,
935 851 1564 933 con el broquel de la Envidia.
935 916 1467 981 En esta ocasion, en esta
934 962 1439 1027 el Arcangel San Miguel,
930 1013 1527 1081 viendo que este impuro era,
937 1060 1404 1125 con el escudo de Dios
936 1112 1440 1179 salió luego á la defensa
929 1156 1437 1220 con las armas de la Fé,
934 1196 1517 1275 la humildad, y la paciencia,
931 1255 1534 1326 y á los primeros encuentros,
933 1303 1428 1371 con una voz los aterra,
938 1348 1496 1419 diciendo: quien como Dios?
929 1401 1521 1465 y luego al punto que suena
943 1452 1582 1517 el clarin del SURSUM CORDA
942 1500 1364 1560 esta maldita caterva
935 1540 1441 1610 á los Infiernos cayeron,
933 1597 1446 1654 como arrojadas pavézas,
939 1642 1429 1702 recibiendo San Miguel,
934 1691 1491 1747 sobre todas sus grandezas
943 1741 1476 1794 de Lucifer la hermosura,
944 1788 1524 1856 y luego el Señor le órdena
943 1849 1469 1905 General de nueve coros,
927 1882 1540 1946 Protector de Cielo y Tierra.
936 1940 1454 1998 Confirmóse esta victoria
922 1979 1525 2052 con grande contento en ella,
939 2030 1402 2098 mandandole el Señor
947 2074 1481 2148 que con alegria y fiestas,
951 2138 1598 2204 una concepcion celebren
950 2182 1587 2251 que tiene de ser su Reina.
938 2225 1592 2300 Estando su Magestad
940 2275 1599 2358 deseoso de que hubiera
