1737 2508
465 176 1573 362 SEGUNDA PARTE.
357 414 873 483 Ya sabes, lector discreto,
303 470 864 539 y que es verdad manifiesta,
298 511 878 587 tuvo el mundo cinco edades
290 564 854 638 mientras duró la ley vieja:
292 605 920 688 Desde Adan hasta el diluvio
292 656 927 742 fué de todas la primera:
283 712 870 780 la segunda hasta Abraham,
291 748 816 831 y hasta David la tercera;
282 803 927 885 la cuarta á Jerusalen
290 855 800 924 de los Caldeos deshecha.
280 896 883 978 La quinta es hasta que Dios
283 946 820 1022 bajó del Cielo á la tierra,
275 995 848 1072 los años que todos montan
281 1040 903 1124 desde el justo Abel se cuenta
281 1087 814 1177 de que fueron cinco mil,
269 1145 822 1218 como lo dice la letra
271 1180 912 1268 Todo este tiempo los hombres
268 1243 923 1312 siempre vivieron á ciegas
265 1286 925 1369 sin aquella luz divina
263 1334 921 1408 anegados en torpeza.
266 1379 931 1462 Solo aquellos patriarcas,
259 1432 838 1510 y evangélicos profetas
266 1478 822 1553 que de Dios tuvieron luz,
261 1538 855 1612 pues con admirables guerras
250 1575 789 1652 todo era persecuciones,
246 1635 792 1705 y con estas competencias
248 1670 760 1747 el Espíritu Divino
249 1728 873 1804 con el fuego de su lengua
249 1771 764 1849 los cortesanos del Cielo
239 1821 851 1893 juntó con su gracia inmensa,
241 1876 759 1939 y entre todos ordenaron
245 1917 739 1994 una celestial audiencia,
238 1973 810 2041 y llegando al padre eterno;
235 2017 731 2085 con humilde reverencia
226 2060 751 2140 le dicen, como han oido
231 2113 688 2192 unas dolorosas quejas
220 2168 718 2257 en el seno de Abrahan,
1028 411 1698 526 y que hasta los Cielos llegan:
960 486 1698 571 que su Magestad se sirva
1020 541 1694 617 que su remedio les venga.
1021 585 1695 660 El Señor con rostro alegre
947 627 1690 709 responde con paz serena
959 686 1692 752 Bien sabeis todos que fué
946 741 1697 803 contra mi hecha la ofensa
1015 783 1691 860 y ha de ser un hombre Dios
1004 839 1694 908 quien satisfaga la deuda.
1008 871 1691 954 Y sentándose en su sólio
1006 932 1688 992 recogido en su grandeza
1004 980 1692 1055 solo en mirarse así mismo
998 1027 1698 1103 con toda su Omnipotencia
949 1076 1698 1143 y hizo una estampa tan viva
1004 1121 1472 1188 con autoridad que sea
987 1172 1458 1240 segunda persona suya,
990 1214 1692 1295 y disposicion que venga.
984 1270 1694 1345 á vivir entre los hombres
986 1318 1655 1385 disfrazado, hasta que tenga
945 1371 1694 1444 cerca de treinta y tres años
988 1414 1643 1489 y que en cumpliéndolos muera
980 1467 1494 1540 enclavado en una cruz,
987 1507 1623 1598 porque con su sangre mesma
984 1560 1502 1629 lave la mancha que hízo
984 1608 1452 1680 toda la culpa primera.
983 1652 1553 1725 Y para que recibiese
968 1701 1654 1777 á la humanidad (que es fuerza)
969 1755 1600 1818 eligieron una niña
976 1796 1672 1878 de la misma decendencia
974 1849 1683 1917 de Abraham, y de David
966 1892 1680 1978 tan pura, tan casta y bella
970 1950 1619 2026 que siempre estuvo con Díos,
961 1997 1679 2072 y Dios estuvo con ella,
964 2045 1667 2116 hija de Joaquin y Ana
957 2090 1676 2172 tambien por naturaleza
953 2136 1676 2216 Hija de Adan como todas:
945 2194 1663 2271 mas con tanta diferencia ::
