1765 2512
201 270 702 309 Y luego que se vió libre
212 321 732 358 de tan penosos contrarios,
202 365 752 406 aunque es verdad que sa ió
207 413 795 454 con todo el hocico hinchado,
206 461 820 503 corriendo se subió á un serro
208 511 677 550 escarmentada del caso.
207 556 779 598 Desde alli vido que el Grillo
207 605 770 647 con su gente se ha llegado
207 655 687 695 á donde el Leon estaba
208 702 809 743 poniendo en órden su campo.
219 751 681 790 Vido como á la batalla
207 799 687 839 el uno y el otro bando
210 847 784 887 hacen la seña, y que todos,
213 895 733 935 tan fuertes como bizarros,
213 941 816 983 unos contra otros sé embisten
218 993 643 1032 con coraje denodado.
215 1038 745 1080 Las fuertes culebras tiran
206 1089 678 1127 muy crueles latigazos,
213 1136 663 1178 y los tigres uñaradas,
223 1182 751 1224 grandes bocados losasnos;
218 1228 797 1271 pues como son tan valientes
211 1282 634 1319 los leones africanos,
217 1327 703 1367 en la sangrienta batalla
219 1374 755 1414 llevan lo mejor del campo.
223 1423 807 1463 Viendo el Grillo que su gente
215 1473 735 1511 va vencida del contrario,
219 1518 710 1559 con un valor invencible
215 1566 791 1607 fué á donde habia encerrado
216 1614 741 1655 los tábanos, moscardones
217 1665 705 1703 y todo el demás ganado,
221 1712 777 1752 y dió puerta franca á todos,
219 1762 641 1799 animándolos al caso.
211 1809 787 1848 Ellos que se vieron sueltos,
219 1856 747 1897 como arrogantes y bravos
215 1906 679 1945 embisten furiosamente
924 270 1434 303 por todas partes picando,
940 314 1416 350 Viendo la casta jumenta
926 362 1525 399 que las moscas en tanto grado
935 411 1430 447 les persigue, que parece
930 458 1515 495 que el viento se ha desatado
936 507 1440 544 en llover gente menuda,
929 555 1420 591 se acogieron al sagrado
929 602 1539 639 de los pies, que en la ocasion
928 651 1408 688 alas de viento tomaron.
940 700 1391 736 Y aguzando las orejas,
931 746 1422 784 tirando pedos, y el rabo
941 796 1472 831 esgrimiendo á todas partes
939 843 1534 879 van que se los lleva el diablo.
937 890 1455 927 El Leon con grande enojo
934 938 1420 975 iracundo y blasfemando
940 986 1408 1023 del infame de su padre,
932 1033 1468 1071 les dice á voces: villanos,
943 1081 1541 1119 ¿como huis de aquesta suerte,
935 1129 1421 1168 gente vil, de bajo trato?
937 1177 1463 1215 Estando en estas palabras
945 1226 1474 1263 veinte avispas han llegado,
941 1272 1433 1315 y cercándole entre todas
943 1322 1451 1359 la pellica le han sobado;
936 1371 1460 1407 mas viéndose perseguido,
941 1419 1523 1459 y era el defenderse en vano,
951 1467 1501 1503 parte huyendo con su gente
939 1513 1457 1551 que se va ya díspersando:
939 1562 1457 1603 y la zorra desde el cerro
939 1611 1497 1647 les dice: al agua, soldados.
943 1658 1406 1695 Toman ellos el consejo
945 1709 1455 1746 y al rio se van entrando,
950 1757 1474 1789 dándole al Grillo la palma,
941 1804 1513 1841 dejando por suyo el campo,
951 1851 1477 1890 y en tan sangrienta batalla
941 1901 1413 1937 rendidos se confesaron,
761 1987 1067 2046 FIN.
715 2138 1112 2180 CARMONA=1859.
256 2188 1579 2238 Imp. de D, José María Moreno, calle de Madre de Dios, núm. 1.
