<?xml version="1.0" encoding="UTF-8" standalone="yes"?>
<PcGts xmlns="http://schema.primaresearch.org/PAGE/gts/pagecontent/2013-07-15" xmlns:xsi="http://www.w3.org/2001/XMLSchema-instance" xsi:schemaLocation="http://schema.primaresearch.org/PAGE/gts/pagecontent/2013-07-15 http://schema.primaresearch.org/PAGE/gts/pagecontent/2013-07-15/pagecontent.xsd">
    <Metadata>
        <Creator>prov=University of Rostock/Institute of Mathematics/CITlab|PLANET AI GmbH/Gundram Leifert/gundram.leifert@planet-ai.de:name=Pliegos de Cordel (XIXe) - v4(htr_id=27283)::::v=2.6.7
prov=University of Rostock/Institute of Mathematics/CITlab|PLANET AI GmbH/Tobias Gruening/tobias.gruening@planet-ai.de:name=de.uros.citlab.module.baseline2polygon.B2PSeamMultiOriented:v=2.6.7
prov=University of Rostock/Institute of Mathematics/CITlab|PLANET AI GmbH/Tobias Gruening/tobias.gruening@planet-ai.de:name=/net_tf/LA73_249_0mod360.pb:de.uros.citlab.segmentation.CITlab_LA_ML:v=2.6.7
Transkribus</Creator>
        <Created>2020-10-27T11:35:43.352+01:00</Created>
        <LastChange>2020-12-15T15:37:34.691+01:00</LastChange>
        <TranskribusMetadata docId="525389" pageId="22318880" pageNr="125" tsid="50333561" status="DONE" userId="66244" imgUrl="https://files.transkribus.eu/Get?id=OSAWRBDIPGTHCADSHCWNGBUY&amp;fileType=view" xmlUrl="https://files.transkribus.eu/Get?id=QZMVJQWGGGRTBNOIVIFGBZYQ" imageId="17388395"/>
    </Metadata>
    <Page imageFilename="Moreno_235_1.jpg" imageWidth="1737" imageHeight="2508">
        <ReadingOrder>
            <OrderedGroup id="ro_1608043809840" caption="Regions reading order">
                <RegionRefIndexed index="0" regionRef="region_1607012921902_816"/>
                <RegionRefIndexed index="1" regionRef="region_1607012927567_820"/>
                <RegionRefIndexed index="2" regionRef="region_1607012931190_824"/>
                <RegionRefIndexed index="3" regionRef="region_1607012936026_828"/>
            </OrderedGroup>
        </ReadingOrder>
        <TextRegion orientation="0.0" id="region_1607012921902_816" custom="readingOrder {index:0;}">
            <Coords points="1381,237 1645,237 1645,330 1381,330"/>
            <TextLine id="region_1607012921902_816l1" custom="readingOrder {index:0;}">
                <Coords points="1393,354 1418,354 1444,354 1470,355 1496,355 1521,356 1547,356 1573,357 1599,357 1625,358 1625,208 1599,207 1573,207 1547,206 1521,206 1496,205 1470,205 1444,204 1418,204 1393,204"/>
                <Baseline points="1393,304 1418,304 1444,304 1470,305 1496,305 1521,306 1547,306 1573,307 1599,307 1625,308"/>
                <TextEquiv>
                    <Unicode>(Núm. 242)</Unicode>
                </TextEquiv>
            </TextLine>
            <TextEquiv>
                <Unicode>(Núm. 242)</Unicode>
            </TextEquiv>
        </TextRegion>
        <TextRegion orientation="0.0" id="region_1607012927567_820" custom="readingOrder {index:1;}">
            <Coords points="290,972 1696,972 1696,1680 290,1680"/>
            <TextLine id="region_1607012927567_820l1" custom="readingOrder {index:0;}">
                <Coords points="600,1126 640,1127 680,1128 720,1129 760,1130 801,1132 841,1133 881,1133 921,1134 961,1135 1002,1136 1042,1136 1082,1137 1122,1137 1162,1137 1203,1137 1243,1137 1283,1137 1323,1136 1363,1136 1404,1135 1404,1084 1363,1085 1323,1085 1283,1086 1243,1086 1203,1086 1162,1086 1122,1086 1082,1086 1042,1085 1002,1085 961,1084 921,1083 881,1082 841,1082 801,1081 760,1079 720,1078 680,1077 640,1076 600,1075"/>
                <Baseline points="600,1109 640,1110 680,1111 720,1112 760,1113 801,1115 841,1116 881,1116 921,1117 961,1118 1002,1119 1042,1119 1082,1120 1122,1120 1162,1120 1203,1120 1243,1120 1283,1120 1323,1119 1363,1119 1404,1118"/>
                <TextEquiv>
                    <Unicode>JOCOSA RELACION.</Unicode>
                </TextEquiv>
            </TextLine>
            <TextLine id="region_1607012927567_820l2" custom="readingOrder {index:1;}">
                <Coords points="342,1360 405,1361 469,1362 533,1364 597,1365 661,1366 724,1367 788,1368 852,1369 916,1370 980,1372 1043,1373 1107,1374 1171,1375 1235,1377 1299,1378 1362,1380 1426,1382 1490,1383 1554,1386 1618,1388 1618,1337 1554,1335 1490,1332 1426,1331 1362,1329 1299,1327 1235,1326 1171,1324 1107,1323 1043,1322 980,1321 916,1319 852,1318 788,1317 724,1316 661,1315 597,1314 533,1313 469,1311 405,1310 342,1309"/>
                <Baseline points="342,1343 405,1344 469,1345 533,1347 597,1348 661,1349 724,1350 788,1351 852,1352 916,1353 980,1355 1043,1356 1107,1357 1171,1358 1235,1360 1299,1361 1362,1363 1426,1365 1490,1366 1554,1369 1618,1371"/>
                <TextEquiv>
                    <Unicode>PARA REIR Y PASAR EL TIEMPO,</Unicode>
                </TextEquiv>
            </TextLine>
            <TextLine id="region_1607012927567_820l3" custom="readingOrder {index:2;}">
                <Coords points="297,1509 366,1511 435,1512 504,1513 574,1515 643,1516 712,1517 782,1519 851,1520 920,1521 990,1522 1059,1524 1128,1525 1197,1526 1267,1527 1336,1529 1405,1530 1475,1531 1544,1533 1613,1534 1683,1536 1683,1502 1613,1500 1544,1499 1475,1497 1405,1496 1336,1495 1267,1493 1197,1492 1128,1491 1059,1490 990,1488 920,1487 851,1486 782,1485 712,1483 643,1482 574,1481 504,1479 435,1478 366,1477 297,1475"/>
                <Baseline points="297,1498 366,1500 435,1501 504,1502 574,1504 643,1505 712,1506 782,1508 851,1509 920,1510 990,1511 1059,1513 1128,1514 1197,1515 1267,1516 1336,1518 1405,1519 1475,1520 1544,1522 1613,1523 1683,1525"/>
                <TextEquiv>
                    <Unicode>en que se refiere y da cuenta de una cruel y sangrienta batalla, que</Unicode>
                </TextEquiv>
            </TextLine>
            <TextLine id="region_1607012927567_820l4" custom="readingOrder {index:3;}">
                <Coords points="326,1557 391,1558 456,1560 521,1561 587,1563 652,1564 717,1565 783,1566 848,1567 913,1569 979,1570 1044,1571 1109,1572 1174,1574 1240,1575 1305,1576 1370,1577 1436,1579 1501,1580 1566,1581 1632,1583 1632,1549 1566,1547 1501,1546 1436,1545 1370,1543 1305,1542 1240,1541 1174,1540 1109,1538 1044,1537 979,1536 913,1535 848,1533 783,1532 717,1531 652,1530 587,1529 521,1527 456,1526 391,1524 326,1523"/>
                <Baseline points="326,1546 391,1547 456,1549 521,1550 587,1552 652,1553 717,1554 783,1555 848,1556 913,1558 979,1559 1044,1560 1109,1561 1174,1563 1240,1564 1305,1565 1370,1566 1436,1568 1501,1569 1566,1570 1632,1572"/>
                <TextEquiv>
                    <Unicode>en los campos de Araviana tuvo el valiente y esforzado Leon,</Unicode>
                </TextEquiv>
            </TextLine>
            <TextLine id="region_1607012927567_820l5" custom="readingOrder {index:4;}">
                <Coords points="361,1608 421,1609 482,1610 543,1610 604,1611 665,1612 726,1613 787,1615 848,1616 909,1617 970,1619 1030,1620 1091,1621 1152,1622 1213,1624 1274,1625 1335,1626 1396,1627 1457,1628 1518,1628 1579,1629 1579,1595 1518,1594 1457,1594 1396,1593 1335,1592 1274,1591 1213,1590 1152,1588 1091,1587 1030,1586 970,1585 909,1583 848,1582 787,1581 726,1579 665,1578 604,1577 543,1576 482,1576 421,1575 361,1574"/>
                <Baseline points="361,1597 421,1598 482,1599 543,1599 604,1600 665,1601 726,1602 787,1604 848,1605 909,1606 970,1608 1030,1609 1091,1610 1152,1611 1213,1613 1274,1614 1335,1615 1396,1616 1457,1617 1518,1617 1579,1618"/>
                <TextEquiv>
                    <Unicode>rey de todos los animales, con el famoso y alentado Grillo.</Unicode>
                </TextEquiv>
            </TextLine>
            <TextLine id="region_1607012927567_820l6" custom="readingOrder {index:5;}">
                <Coords points="681,1661 710,1662 740,1663 770,1663 800,1664 830,1665 859,1665 889,1666 919,1666 949,1666 979,1667 1008,1667 1038,1668 1068,1668 1098,1669 1128,1669 1157,1670 1187,1671 1217,1672 1247,1673 1277,1674 1277,1640 1247,1639 1217,1638 1187,1637 1157,1636 1128,1635 1098,1635 1068,1634 1038,1634 1008,1633 979,1633 949,1632 919,1632 889,1632 859,1631 830,1631 800,1630 770,1629 740,1629 710,1628 681,1627"/>
                <Baseline points="681,1650 710,1651 740,1652 770,1652 800,1653 830,1654 859,1654 889,1655 919,1655 949,1655 979,1656 1008,1656 1038,1657 1068,1657 1098,1658 1128,1658 1157,1659 1187,1660 1217,1661 1247,1662 1277,1663"/>
                <TextEquiv>
                    <Unicode>rey de todas las sabandijas.</Unicode>
                </TextEquiv>
            </TextLine>
            <TextEquiv>
                <Unicode>JOCOSA RELACION.
PARA REIR Y PASAR EL TIEMPO,
en que se refiere y da cuenta de una cruel y sangrienta batalla, que
en los campos de Araviana tuvo el valiente y esforzado Leon,
rey de todos los animales, con el famoso y alentado Grillo.
rey de todas las sabandijas.</Unicode>
            </TextEquiv>
        </TextRegion>
        <TextRegion orientation="0.0" id="region_1607012931190_824" custom="readingOrder {index:2;}">
            <Coords points="249,2233 828,2233 828,1871 249,1871"/>
            <TextLine id="region_1607012931190_824l1" custom="readingOrder {index:0;}">
                <Coords points="320,1929 345,1930 371,1930 397,1931 423,1931 449,1932 475,1932 501,1933 527,1934 553,1934 578,1935 604,1936 630,1936 656,1937 682,1937 708,1937 734,1938 760,1938 786,1938 786,1904 760,1904 734,1904 708,1903 682,1903 656,1903 630,1902 604,1902 578,1901 553,1900 527,1900 501,1899 475,1898 449,1898 423,1897 397,1897 371,1896 345,1896 320,1895"/>
                <Baseline points="320,1918 345,1919 371,1919 397,1920 423,1920 449,1921 475,1921 501,1922 527,1923 553,1923 578,1924 604,1925 630,1925 656,1926 682,1926 708,1926 734,1927 760,1927 786,1927"/>
                <TextEquiv>
                    <Unicode>Atiéndame todo el orbe</Unicode>
                </TextEquiv>
            </TextLine>
            <TextLine id="region_1607012931190_824l2" custom="readingOrder {index:1;}">
                <Coords points="271,1977 296,1977 321,1977 347,1978 372,1978 397,1979 423,1979 448,1980 473,1980 499,1981 524,1982 549,1982 575,1983 600,1983 625,1984 651,1985 676,1985 701,1986 727,1987 752,1988 778,1988 778,1954 752,1954 727,1953 701,1952 676,1951 651,1951 625,1950 600,1949 575,1949 549,1948 524,1948 499,1947 473,1946 448,1946 423,1945 397,1945 372,1944 347,1944 321,1943 296,1943 271,1943"/>
                <Baseline points="271,1966 296,1966 321,1966 347,1967 372,1967 397,1968 423,1968 448,1969 473,1969 499,1970 524,1971 549,1971 575,1972 600,1972 625,1973 651,1974 676,1974 701,1975 727,1976 752,1977 778,1977"/>
                <TextEquiv>
                    <Unicode>sin perder punto ni paso,</Unicode>
                </TextEquiv>
            </TextLine>
            <TextLine id="region_1607012931190_824l3" custom="readingOrder {index:2;}">
                <Coords points="264,2025 291,2025 318,2025 345,2025 372,2026 400,2026 427,2027 454,2027 481,2028 508,2029 536,2030 563,2030 590,2031 617,2032 644,2033 672,2033 699,2034 726,2035 753,2035 780,2036 808,2036 808,2002 780,2002 753,2001 726,2001 699,2000 672,1999 644,1999 617,1998 590,1997 563,1996 536,1996 508,1995 481,1994 454,1993 427,1993 400,1992 372,1992 345,1991 318,1991 291,1991 264,1991"/>
                <Baseline points="264,2014 291,2014 318,2014 345,2014 372,2015 400,2015 427,2016 454,2016 481,2017 508,2018 536,2019 563,2019 590,2020 617,2021 644,2022 672,2022 699,2023 726,2024 753,2024 780,2025 808,2025"/>
                <TextEquiv>
                    <Unicode>escuchando á boca abíerta,</Unicode>
                </TextEquiv>
            </TextLine>
            <TextLine id="region_1607012931190_824l4" custom="readingOrder {index:3;}">
                <Coords points="262,2076 287,2075 312,2075 337,2075 363,2075 388,2075 413,2075 438,2075 464,2076 489,2076 514,2077 540,2078 565,2079 590,2079 615,2080 641,2080 666,2081 691,2082 717,2083 717,2050 691,2049 666,2048 641,2047 615,2047 590,2046 565,2046 540,2045 514,2044 489,2043 464,2043 438,2042 413,2042 388,2042 363,2042 337,2042 312,2042 287,2042 262,2043"/>
                <Baseline points="262,2065 287,2064 312,2064 337,2064 363,2064 388,2064 413,2064 438,2064 464,2065 489,2065 514,2066 540,2067 565,2068 590,2068 615,2069 641,2069 666,2070 691,2071 717,2072"/>
                <TextEquiv>
                    <Unicode>con los oidos tapados, </Unicode>
                </TextEquiv>
            </TextLine>
            <TextLine id="region_1607012931190_824l5" custom="readingOrder {index:4;}">
                <Coords points="265,2123 290,2123 315,2122 341,2122 366,2122 391,2122 417,2123 442,2123 467,2124 493,2124 518,2125 544,2126 569,2127 594,2127 620,2128 645,2128 670,2129 696,2129 721,2129 747,2129 747,2095 721,2095 696,2095 670,2095 645,2094 620,2094 594,2093 569,2093 544,2092 518,2091 493,2090 467,2090 442,2089 417,2089 391,2088 366,2088 341,2088 315,2088 290,2089 265,2089"/>
                <Baseline points="265,2112 290,2112 315,2111 341,2111 366,2111 391,2111 417,2112 442,2112 467,2113 493,2113 518,2114 544,2115 569,2116 594,2116 620,2117 645,2117 670,2118 696,2118 721,2118 747,2118"/>
                <TextEquiv>
                    <Unicode>que con esta condicion</Unicode>
                </TextEquiv>
            </TextLine>
            <TextLine id="region_1607012931190_824l6" custom="readingOrder {index:5;}">
                <Coords points="266,2170 293,2170 320,2169 347,2170 374,2170 401,2170 428,2171 455,2171 482,2172 509,2173 537,2174 564,2174 591,2175 618,2176 645,2177 672,2177 699,2178 726,2178 753,2179 780,2179 808,2179 808,2145 780,2145 753,2145 726,2144 699,2144 672,2143 645,2143 618,2142 591,2141 564,2140 537,2140 509,2139 482,2138 455,2137 428,2137 401,2136 374,2136 347,2136 320,2135 293,2136 266,2136"/>
                <Baseline points="266,2159 293,2159 320,2158 347,2159 374,2159 401,2159 428,2160 455,2160 482,2161 509,2162 537,2163 564,2163 591,2164 618,2165 645,2166 672,2166 699,2167 726,2167 753,2168 780,2168 808,2168"/>
                <TextEquiv>
                    <Unicode>Andrés de Porras Trellado</Unicode>
                </TextEquiv>
            </TextLine>
            <TextLine id="region_1607012931190_824l7" custom="readingOrder {index:6;}">
                <Coords points="264,2220 290,2220 316,2220 342,2220 368,2221 394,2221 420,2221 446,2221 472,2222 498,2222 525,2223 551,2223 577,2224 603,2225 629,2225 655,2226 681,2227 707,2227 733,2228 759,2229 786,2229 786,2195 759,2195 733,2194 707,2193 681,2193 655,2192 629,2191 603,2191 577,2190 551,2189 525,2189 498,2188 472,2188 446,2187 420,2187 394,2187 368,2187 342,2186 316,2186 290,2186 264,2186"/>
                <Baseline points="264,2209 290,2209 316,2209 342,2209 368,2210 394,2210 420,2210 446,2210 472,2211 498,2211 525,2212 551,2212 577,2213 603,2214 629,2214 655,2215 681,2216 707,2216 733,2217 759,2218 786,2218"/>
                <TextEquiv>
                    <Unicode>les dirá dos mil verdades, </Unicode>
                </TextEquiv>
            </TextLine>
            <TextEquiv>
                <Unicode>Atiéndame todo el orbe
sin perder punto ni paso,
escuchando á boca abíerta,
con los oidos tapados, 
que con esta condicion
Andrés de Porras Trellado
les dirá dos mil verdades, </Unicode>
            </TextEquiv>
        </TextRegion>
        <TextRegion orientation="0.0" id="region_1607012936026_828" custom="readingOrder {index:3;}">
            <Coords points="983,1882 1567,1882 1567,2249 983,2249"/>
            <TextLine id="region_1607012936026_828l1" custom="readingOrder {index:0;}">
                <Coords points="992,1942 1017,1942 1043,1942 1069,1943 1095,1943 1121,1943 1147,1944 1173,1944 1199,1945 1225,1945 1250,1946 1276,1947 1302,1948 1328,1948 1354,1949 1380,1950 1406,1950 1432,1951 1458,1952 1484,1952 1484,1918 1458,1918 1432,1917 1406,1916 1380,1916 1354,1915 1328,1914 1302,1914 1276,1913 1250,1912 1225,1911 1199,1911 1173,1910 1147,1910 1121,1909 1095,1909 1069,1909 1043,1908 1017,1908 992,1908"/>
                <Baseline points="992,1931 1017,1931 1043,1931 1069,1932 1095,1932 1121,1932 1147,1933 1173,1933 1199,1934 1225,1934 1250,1935 1276,1936 1302,1937 1328,1937 1354,1938 1380,1939 1406,1939 1432,1940 1458,1941 1484,1941"/>
                <TextEquiv>
                    <Unicode>aunque vestidas de sayo;</Unicode>
                </TextEquiv>
            </TextLine>
            <TextLine id="region_1607012936026_828l2" custom="readingOrder {index:1;}">
                <Coords points="991,1990 1016,1990 1041,1990 1066,1991 1091,1991 1117,1992 1142,1992 1167,1993 1192,1993 1218,1994 1243,1994 1268,1995 1293,1995 1318,1996 1344,1996 1369,1996 1394,1997 1419,1997 1445,1997 1445,1963 1419,1963 1394,1963 1369,1962 1344,1962 1318,1962 1293,1961 1268,1961 1243,1960 1218,1960 1192,1959 1167,1959 1142,1958 1117,1958 1091,1957 1066,1957 1041,1956 1016,1956 991,1956"/>
                <Baseline points="991,1979 1016,1979 1041,1979 1066,1980 1091,1980 1117,1981 1142,1981 1167,1982 1192,1982 1218,1983 1243,1983 1268,1984 1293,1984 1318,1985 1344,1985 1369,1985 1394,1986 1419,1986 1445,1986"/>
                <TextEquiv>
                    <Unicode>mil mentiras afeitadas</Unicode>
                </TextEquiv>
            </TextLine>
            <TextLine id="region_1607012936026_828l3" custom="readingOrder {index:2;}">
                <Coords points="986,2036 1011,2037 1037,2038 1063,2039 1089,2040 1115,2040 1140,2041 1166,2041 1192,2042 1218,2042 1244,2042 1269,2043 1295,2043 1321,2044 1347,2044 1373,2045 1398,2045 1424,2046 1450,2047 1476,2048 1502,2048 1502,2014 1476,2014 1450,2013 1424,2012 1398,2011 1373,2011 1347,2010 1321,2010 1295,2009 1269,2009 1244,2008 1218,2008 1192,2008 1166,2007 1140,2007 1115,2006 1089,2006 1063,2005 1037,2004 1011,2003 986,2002"/>
                <Baseline points="986,2025 1011,2026 1037,2027 1063,2028 1089,2029 1115,2029 1140,2030 1166,2030 1192,2031 1218,2031 1244,2031 1269,2032 1295,2032 1321,2033 1347,2033 1373,2034 1398,2034 1424,2035 1450,2036 1476,2037 1502,2037"/>
                <TextEquiv>
                    <Unicode>y embelecos estremados.</Unicode>
                </TextEquiv>
            </TextLine>
            <TextLine id="region_1607012936026_828l4" custom="readingOrder {index:3;}">
                <Coords points="991,2085 1019,2086 1047,2087 1076,2088 1104,2089 1132,2089 1161,2090 1189,2090 1217,2091 1246,2091 1274,2092 1302,2092 1331,2093 1359,2093 1387,2093 1416,2094 1444,2094 1472,2095 1501,2095 1529,2096 1558,2096 1558,2062 1529,2062 1501,2061 1472,2061 1444,2060 1416,2060 1387,2059 1359,2059 1331,2059 1302,2058 1274,2058 1246,2057 1217,2057 1189,2056 1161,2056 1132,2055 1104,2055 1076,2054 1047,2053 1019,2052 991,2051"/>
                <Baseline points="991,2074 1019,2075 1047,2076 1076,2077 1104,2078 1132,2078 1161,2079 1189,2079 1217,2080 1246,2080 1274,2081 1302,2081 1331,2082 1359,2082 1387,2082 1416,2083 1444,2083 1472,2084 1501,2084 1529,2085 1558,2085"/>
                <TextEquiv>
                    <Unicode>En fin, contaré una historia</Unicode>
                </TextEquiv>
            </TextLine>
            <TextLine id="region_1607012936026_828l5" custom="readingOrder {index:4;}">
                <Coords points="989,2133 1014,2134 1040,2135 1065,2136 1091,2137 1116,2137 1142,2138 1168,2138 1193,2138 1219,2139 1244,2139 1270,2139 1295,2139 1321,2140 1347,2140 1372,2141 1398,2142 1423,2143 1449,2144 1475,2146 1475,2112 1449,2110 1423,2109 1398,2108 1372,2107 1347,2106 1321,2106 1295,2105 1270,2105 1244,2105 1219,2105 1193,2104 1168,2104 1142,2104 1116,2103 1091,2103 1065,2102 1040,2101 1014,2100 989,2099"/>
                <Baseline points="989,2122 1014,2123 1040,2124 1065,2125 1091,2126 1116,2126 1142,2127 1168,2127 1193,2127 1219,2128 1244,2128 1270,2128 1295,2128 1321,2129 1347,2129 1372,2130 1398,2131 1423,2132 1449,2133 1475,2135"/>
                <TextEquiv>
                    <Unicode>de pasatiempo y regalo;</Unicode>
                </TextEquiv>
            </TextLine>
            <TextLine id="region_1607012936026_828l6" custom="readingOrder {index:5;}">
                <Coords points="988,2182 1013,2183 1039,2184 1065,2184 1090,2185 1116,2185 1142,2186 1168,2186 1193,2187 1219,2187 1245,2187 1270,2188 1296,2188 1322,2189 1348,2189 1373,2190 1399,2191 1425,2191 1451,2193 1451,2159 1425,2157 1399,2157 1373,2156 1348,2155 1322,2155 1296,2154 1270,2154 1245,2153 1219,2153 1193,2153 1168,2152 1142,2152 1116,2151 1090,2151 1065,2150 1039,2150 1013,2149 988,2148"/>
                <Baseline points="988,2171 1013,2172 1039,2173 1065,2173 1090,2174 1116,2174 1142,2175 1168,2175 1193,2176 1219,2176 1245,2176 1270,2177 1296,2177 1322,2178 1348,2178 1373,2179 1399,2180 1425,2180 1451,2182"/>
                <TextEquiv>
                    <Unicode>de placer y de alagria,</Unicode>
                </TextEquiv>
            </TextLine>
            <TextLine id="region_1607012936026_828l7" custom="readingOrder {index:6;}">
                <Coords points="992,2232 1018,2232 1044,2233 1070,2233 1096,2234 1122,2234 1148,2235 1175,2236 1201,2236 1227,2237 1253,2237 1279,2238 1305,2238 1331,2239 1358,2239 1384,2239 1410,2240 1436,2240 1462,2240 1488,2241 1515,2241 1515,2207 1488,2207 1462,2206 1436,2206 1410,2206 1384,2205 1358,2205 1331,2205 1305,2204 1279,2204 1253,2203 1227,2203 1201,2202 1175,2202 1148,2201 1122,2200 1096,2200 1070,2199 1044,2199 1018,2198 992,2198"/>
                <Baseline points="992,2221 1018,2221 1044,2222 1070,2222 1096,2223 1122,2223 1148,2224 1175,2225 1201,2225 1227,2226 1253,2226 1279,2227 1305,2227 1331,2228 1358,2228 1384,2228 1410,2229 1436,2229 1462,2229 1488,2230 1515,2230"/>
                <TextEquiv>
                    <Unicode>que ha sucedido en el año</Unicode>
                </TextEquiv>
            </TextLine>
            <TextEquiv>
                <Unicode>aunque vestidas de sayo;
mil mentiras afeitadas
y embelecos estremados.
En fin, contaré una historia
de pasatiempo y regalo;
de placer y de alagria,
que ha sucedido en el año</Unicode>
            </TextEquiv>
        </TextRegion>
        <GraphicRegion id="Graphic_1607012945501_832" custom="readingOrder {index:4;}">
            <Coords points="1665,961 321,961 321,268 1665,268"/>
        </GraphicRegion>
    </Page>
</PcGts>
