1737 2508
1244 137 1472 224 (Núm. 73.)
328 1006 1425 1122 SATIRA MUY GRACIOSA,
177 1156 1575 1258 de los trages y modas que se ponen muchas mu-
181 1214 1604 1335 geres á las seis de la tarde para bajar al paseo á
249 1289 1538 1379 engañar á los bobalicones y hacerles gastar
288 1363 1507 1460 los cuartos, con lo demas que verá el
665 1434 1124 1538 curioso lector.
255 1644 671 1708 De las señoras mugeres
196 1692 589 1767 he de cantar esta idea,
197 1728 707 1808 que son peores que el diablo,
198 1786 713 1850 y no habra quien no lo crea;
199 1823 806 1898 porque su desvelo todo se encamina
201 1871 773 1950 á causar al hombre su total ruina:
201 1916 850 1978 alerta, señores, miren que no es malo,
198 1960 811 2043 darlas de continuo poco pan y palo.
331 2012 679 2080 Que pica, que rabia,
373 2054 699 2127 vamos á la prueba,
372 2103 637 2164 que mi satirilla
376 2148 640 2215 pimienta lleva.
248 2189 663 2266 A todos los mancebitos
210 2242 584 2324 pretendo desengañar
921 1616 1287 1689 en esta sátira nueva,
928 1662 1421 1735 que aqui me pongo á cantar;
931 1709 1584 1779 porque se descubren tantos embelescos
923 1765 1270 1828 de niñas que gastan
921 1805 1285 1872 basquiñas con flecos,
926 1839 1570 1924 zapatos de moda, turbantes, corpiños,
931 1895 1566 1968 anzuelos que pescan á todos lo niúos.
966 1944 1458 2015 Comienzo por las doncellas,
935 1990 1412 2058 que como gente sin rienda,
942 2039 1349 2107 en estando enamoradas
934 2076 1473 2161 no hay diablo que las entienda;
937 2125 1547 2200 y todo es reñirle la madre á la hija,
948 2174 1604 2243 pero no hay talento que bien la corrija,
950 2215 1625 2301 porque el poco seso, memoria y trabajo
