1737 2508
155 267 580 312 en el sentido comun
155 319 674 371 fué producida la expresa,
157 371 729 425 y esta, que se llama Verbo
159 428 650 477 de la mente, la potencia
151 480 525 526 intelectiva posible
148 533 666 583 como amable la presenta,
155 586 686 637 será preciso, que siempre
151 640 736 689 á amar se incline por fuerza
151 694 627 744 el sugeto; sea asi
147 747 602 793 mas ahora por si alega
141 796 682 850 el entendimiento, y dice:
139 851 728 905 la hermosura, que alagüeña
147 905 624 956 atrae con sus himanes,
150 958 713 1012 captiva con sus cautelas,
140 1014 585 1060 será por fin otra cosa,
139 1061 751 1118 que una obra bien compuesta
144 1116 645 1168 de organizadas facciones
144 1169 766 1224 con metro, y órden dispuestas?
145 1223 656 1277 puede ser tampoco mas,
145 1277 761 1336 que partes hetercogéneas
147 1332 597 1379 unidas, y vinculadas
138 1384 614 1432 de una superficie tersa?
140 1438 596 1486 ni será otra cosa, que
137 1491 716 1545 accidentes, que se ausentan,
140 1540 589 1591 y vuelven á componer
135 1597 642 1648 sin destruir la materia?
134 1650 760 1701 no puede ser mas: pues como
138 1702 609 1752 es posible se apetezca
131 1754 671 1805 un ente, que se compone
139 1810 765 1862 de accidentes, que se quedan
132 1863 659 1909 destruidos á el mas leve
134 1916 699 1966 movimiento: que padezcan.
124 1969 600 2019 Pero para concluirte,
131 2021 654 2073 y desechar de tí el Hetna,
124 2074 754 2127 que en tí propio has fomentado
129 2127 658 2179 quiero, que á este Dilema
121 2181 698 2232 me respondas, por si acaso
127 2236 667 2286 con él convencido quedas.
1437 221 1479 273 3
879 280 1561 330 O has de amar? ó no has de amar?
875 334 1387 379 si lo primero confiesas
879 389 1512 435 concediendo, he de advertirte
881 443 1490 491 para que despues no tengas,
874 498 1393 540 que alegar en tu disculpa,
875 549 1554 595 que es del amor propia esencia
877 604 1527 647 la mutacion; y en ti propio
879 655 1367 702 verás su naturaleza
871 709 1557 757 epilogada, pues luego,
873 762 1565 809 que tus movimientos cesan
867 815 1559 860 cesó tu ser, con que así
867 868 1547 918 si á el amor bien lo contemplas,
875 922 1547 970 verás, que por muy estable
863 977 1539 1020 que haya sido su firmeza
867 1028 1541 1074 tiene por efecto propio
863 1084 1549 1128 la mudanza: si confiesas
859 1135 1442 1181 lo segundo, está entendido,
870 1190 1500 1237 que las causas que te cercan,
860 1242 1435 1288 los dolores, que te ahogan,
868 1296 1432 1343 las ansias, que te molestan,
867 1349 1550 1397 el pesar; que te congoja
859 1401 1460 1449 las crueldades, y las penas
868 1454 1397 1500 se acabaron, con que así
863 1509 1526 1553 mira bien lo que confiesas.
867 1561 1547 1609 Ya veo darás traslado
863 1613 1442 1659 á el Albedrio, que sea
863 1669 1547 1715 el juez que sentencie, y juzgue
857 1721 1437 1767 en estas dos competencias:
857 1775 1530 1823 pues si esto es cierto responda,
860 1824 1385 1872 y en vista de su sentencia
853 1878 1483 1928 se sabrá que es lo que elijes.
859 1933 1294 1979 El Albedrio decreta,
852 1986 1477 2036 que el sugeto se ha de amar,
851 2039 1385 2086 pues concede del Dilema
847 2092 1335 2138 la primer parte, y así
851 2145 1408 2193 responde, que la propuesta
845 2198 1424 2247 de el entendimiento es falsa
847 2253 1373 2300 y arguye de esta manera:
