1765 2512
250 140 276 187 2
155 197 734 236 Cuando el Rey en sí hubo vuelto,
163 238 660 273 dijo, ardiendo en viva rabia:
159 276 562 311 todos los Abencerrages
159 317 636 351 hoy han de morir, y manda
163 357 611 392 que los llamen uno á uno,
166 397 576 430 y con este ardid y traza
157 436 636 471 degolló hasta treinta y seis:
164 475 518 512 y con todos acabara,
152 515 558 550 á no revelarlo un paje.
156 555 516 592 Alborotóse Granada,
159 595 574 631 dividida toda en bandos,
160 636 630 673 y á gran desdichas llegara,
148 675 580 711 si el muy valeroso Muza
160 713 511 750 todo no lo sosegara.
152 753 736 790 Mandó el Rey llamar los Grandes,
152 795 568 829 y juntos en la real sala,
160 832 624 871 salió el Rey todo enlutado,
167 872 564 907 y les propuso la causa:
164 913 618 947 que eran los Abencerrages
160 952 602 986 traidores, que intentaban
156 992 617 1028 quitarle el reino y la vida;
155 1029 555 1066 y que la Reina trataba
154 1065 610 1107 con Albin Hamete amores,
154 1104 624 1149 habiendo dentro en la sala
149 1148 568 1188 cuatro testigos de vista,
155 1187 615 1226 que unanimes declaraban.
151 1228 557 1264 Levantose allí diciendo
151 1271 575 1303 un Amoradi en voz alta:
148 1307 594 1348 es la Reina muy honesta,
159 1350 604 1385 y en ella no cabe mancha,
164 1390 606 1424 y esos caballeros mienten,
150 1427 645 1464 y lo mantendrè en campaña.
152 1466 627 1504 Dijo aqui el discreto Muza:
148 1509 658 1543 lo que importa es el llamarla
148 1548 616 1586 aquí á presencia de todos,
155 1590 554 1622 y la acusacion se haga.
153 1623 658 1667 Vino con pompa y grandeza,
156 1669 628 1703 con sus doncellas y damas.
151 1709 620 1743 Dijo Muza; Reina hermosa,
145 1750 641 1782 sabrás, como aquí en la sala
143 1790 604 1821 hay Caballeros que ponen
152 1829 640 1865 dolo en tu honor y tu fama,
145 1868 571 1902 y que con Albin Hamete
152 1907 624 1941 la ley conyugal quebrantas.
152 1947 506 1979 Este juicio se remite
141 1988 594 2021 al tribunal de las armas:
147 2029 658 2062 cuatro son los que te acusan,
144 2068 604 2100 otros cuatro por ti salgan
148 2108 566 2142 á defender lo contrario,
148 2149 588 2181 y si vence su arrogancia,
146 2187 620 2223 tu honor queda acrisolado;
139 2228 590 2261 mas si queda la campaña
148 2271 648 2304 por los cuatro que te acusan,
868 203 1292 242 se amancillará tu fama,
870 243 1236 276 y por alcoranas leyes
868 282 1326 319 tienes de morir quemada:
871 321 1315 358 treinta dias hay de plazo.
874 361 1332 397 Ella sin turbarse en nada,
867 401 1350 438 mirando á un lado y á otro,
873 440 1336 477 como que se hallaba salva,
869 478 1365 516 viendo que los circunstantes
874 519 1303 556 muy mesurados estaban,
864 559 1316 596 tuvo por cierta evidencia
864 599 1361 636 lo que discurrió ser chanza.
868 639 1238 676 Y dijo muy animosa,
864 680 1251 713 con gallardía bizarra:
863 719 1307 752 cualquier Caballero Moro
866 758 1452 796 que en mi honor ha puesto tacha,
864 798 1304 833 miente traidor y villano;
867 839 1315 873 y aquí ahora sin tardanza
863 879 1279 910 pónganme la acusacion
868 917 1342 954 tan sin fundamento y falta,
865 956 1228 993 que yo confio en Alá,
869 997 1407 1032 que me ha de sacar en palmas.
872 1037 1290 1072 Y guardando ceremonia,
872 1076 1298 1111 los traidores se levantan
865 1117 1247 1152 y ponen la acusacion
863 1157 1359 1190 con todas las circunstancias.
866 1195 1269 1228 La triste Reina afligida
862 1235 1272 1271 se despoja de sus galas,
864 1276 1300 1309 y en la torre de Comares
864 1315 1308 1351 mandó el Rey asegurarla,
859 1355 1326 1389 con la órden muy espresa,
863 1394 1232 1427 que no fuera visitada
864 1433 1267 1468 de nadie, sino de Muza
865 1474 1280 1508 por ser de su confianza.
864 1513 1304 1549 De sus damas se despide,
862 1553 1324 1588 llevándose en su compaña
872 1593 1300 1628 tan solo la mas querida,
860 1631 1405 1668 que era la hermosa Esperanza.
860 1671 1292 1706 En tan amargo conflicto
871 1712 1251 1746 tal vez ya desesperada
859 1752 1292 1787 queria abrirse las venas,
859 1792 1293 1825 porque no se les lográra
858 1831 1338 1867 el ver su muerte afrentosa.
870 1871 1308 1907 Y animándola Esperanza,
856 1911 1268 1948 le dijo: sabrás, señora,
865 1951 1353 1986 que yo conozco en mi patria
857 1990 1232 2025 un famoso Caballero,
866 2031 1402 2066 que don Juan Chacon se llama,
868 2069 1312 2106 y sé que si de él te vales,
857 2110 1352 2147 libre ha de quedar tu fama.
858 2151 1324 2187 La Reina tomó el consejo,
858 2191 1372 2227 y al punto escribió una carta,
855 2230 1310 2266 diciendo; señor don Juan,
854 2273 1252 2305 á quien realza la fama
