1765 2512
344 206 374 236 8
255 237 699 279 sin perjudicar los bienes
263 278 737 319 de que quedase en España,
266 318 684 359 como ni impedir el paso
259 359 692 398 al que al Africa se parta.
271 399 655 437 Todo lo cual otorgado
261 438 687 479 por el piadoso Monarca,
261 477 713 517 en compaña de su esposa,
265 517 715 557 y mucha gente esforzada,
265 557 679 597 fué á tomar la posesion
264 597 666 638 de ciudad tan deseada.
276 635 643 678 Y junto al Geníl salió
272 676 766 718 el Rey Chico, y le entregaba
279 717 673 757 las llaves de la ciudad,
278 757 765 798 y subiéndose á la Alhambra,
270 795 682 837 en la torre de Comares
271 837 648 878 levantó la señal santa
276 875 753 918 de la Cruz, y de allí á poco,
275 915 756 957 de Fernando y de su amada
271 954 751 999 esposa el regio estandarte.
284 994 752 1036 Y luego los Reyes de armas
276 1036 673 1077 dijeron en altas voces,
275 1075 740 1120 que todos las escucharan:
283 1114 737 1157 el Rey don Fernando viva,
279 1152 732 1201 y que reine edades largas
282 1192 758 1237 con doña Isabel su esposa:
288 1232 836 1277 por ambos, desde hoy Granada.
288 1273 673 1316 La real Capilla entonó
286 1315 659 1355 el TE DEUM y fué tanta
292 1354 681 1396 la alegría, que de gozo
288 1394 681 1436 todo Cristiano lloraba.
292 1432 724 1474 Tenian mil instrumentos
286 1474 739 1514 por las calles y las plazas,
287 1513 718 1551 y cuando vino la noche,
289 1553 743 1593 fuegos hubo y luminarias,
306 1593 677 1634 jugando galanamente
298 1633 661 1674 las alcancias y cañas.
971 227 1373 259 Y luego al dia siguiente
971 267 1412 299 todos los Grandes de gala
974 306 1342 338 visitaron á los Reyes,
971 345 1492 378 y al besar sus manos blancas,
971 385 1415 418 de Granada y de su reino
971 425 1389 458 lo juraron por Monarca.
974 464 1412 498 Fué tambien á visitarles
978 504 1382 538 muy gozosa la Sultana,
985 543 1385 579 y siendo bien recibida,
975 583 1389 617 reveló lo que archivaba
979 623 1426 657 ya tres años en su pecho,
979 663 1417 697 que queria ser Cristiana.
991 703 1406 736 Y los Reyes muy alegres
986 744 1380 776 ofrecieron ampararla,
979 783 1409 816 sirvièndole de padrinos,
987 821 1487 857 y el nuevo Arzobispo el agua
985 861 1467 896 le echó del santo bautismo,
991 902 1391 937 y quisieron se llamara,
992 941 1410 976 si Sultana, siendo Mora,
987 981 1419 1015 doña Isabel de Granada.
992 1021 1351 1057 Y casándola despues
995 1061 1435 1095 con un jóven, que gozaba
987 1101 1382 1134 esclarecidos blasones,
1000 1140 1454 1174 su Alteza con mano franca
1000 1179 1487 1214 le dió en dote dos ciudades;
993 1219 1508 1254 y ella á su esclava Esperanza
999 1260 1389 1294 de Hita le dió libertad
995 1300 1447 1335 y se fué á Mula su patria.
990 1339 1391 1374 El Rey Chico se partió
1000 1377 1465 1416 para el Africa, en compaña
1002 1418 1465 1454 de los Gomeles muy triste,
1007 1457 1532 1494 pues real cetro no empuñaba;
1001 1497 1439 1536 y en Africa aleves manos
1007 1536 1505 1573 le dieron la muerte infausta.
1007 1577 1401 1614 Y con esto el auditorio
1009 1618 1372 1653 disimulará las faltas.
876 1854 1120 2012 FIN.
415 2217 1600 2395 CARMONA.-—Imp. y lib. de don José M. Moreno, Madre de Dios, 1.
