1688 2468
352 156 371 188 6
253 194 719 236 y cuando lo tuvo á trecho,
249 237 674 273 alzando brazo y espada
255 277 644 311 tan recio golpe le dió,
257 316 710 354 que cortó casco y adarga,
256 354 620 391 y parte de la cabeza.
260 396 818 435 Cayó el Moro ardiendo en rabia,
251 432 772 475 y volviendo en pié á ponerse,
258 475 647 510 le dió con la cimitarra
254 515 754 554 á don Manuel en el hombro,
264 555 736 594 pero no le ofendió en nada;
257 592 710 631 y alzando el invicto brazo,
252 635 742 671 le dió taa grande cuchillada
255 674 677 709 que la cabeza le hundió
246 715 682 750 hasta cerca de la barba.
251 755 695 792 Al instante cayó el Moro,
249 791 689 830 y allí sin remedio acaba:
246 833 704 869 alzó don Manuel los ojos,
249 872 771 912 y á Dios le rindió mil gracias,
255 911 715 949 y montando en su caballo,
250 953 744 990 fué á donde los dos estaban.
247 992 622 1025 El Alcaide y el Zegri,
246 1031 834 1070 blandiendo entrambos las lanzas,
252 1071 742 1108 se encontraron los caballos,
254 1113 678 1147 y los dos á tierra saltan,
249 1151 721 1189 y con la espada en la mano
246 1191 673 1228 empiezan nueva batalla.
256 1231 783 1268 Viendo el Moro que el Alcaide
244 1272 586 1305 no le cedia ventaja,
244 1311 760 1348 muy confiado en sus fuerzas,
254 1351 697 1386 porque eran agigantadas,
243 1391 722 1427 se abrazó con el Cristiano,
249 1429 738 1468 y un grande rato luchaban,
243 1471 768 1507 cuando el muy astuto Alcaide
252 1511 690 1546 se acordó de que llevaba
963 201 1401 240 un puñal, y en el sobaco
964 243 1352 277 repitió dos puñaladas;
967 279 1425 318 y el Moro muy mal herido
968 321 1358 354 furioso sacó una daga
976 361 1388 398 para herirle y no podia,
974 399 1442 439 por ser la hoja muy ancha.
975 440 1370 475 Tercera vez el Alcaide
963 480 1390 514 le metió por una hijada
969 521 1408 555 el puñal, y cayó el Moro:
969 557 1394 594 y allí antes que acabara,
965 597 1430 639 puesta la rodilla al pecho,
961 639 1379 673 le obligó que confesara
960 679 1379 714 la traicion, y los Jueces
963 718 1399 752 viesen lo que declaraba.
962 757 1415 794 De parte pues de la Reina
964 799 1425 834 mil instrumentos sonaban
962 837 1370 871 en señal de la victoria.
961 878 1456 915 Muza se fué en su compaña
965 919 1343 951 por el Zacatin arriba,
967 958 1384 991 é iban haciéndole salva
965 997 1418 1033 los muy sonoros clarines,
964 1037 1446 1072 hasta llegar á la Alhambra.
961 1076 1404 1113 Allí fueron bien curados;
960 1117 1330 1150 la Reina los visitaba,
958 1157 1426 1193 rindiéndoles mil aplausos,
969 1196 1353 1230 y la siguiente mañana
968 1237 1468 1273 marcharon, por ser preciso,
969 1277 1359 1308 y alegre toda Granada
965 1316 1403 1349 con rendidas espresiones
966 1356 1296 1388 el valor victoreaba
968 1395 1425 1428 de los turcos mas bizarros
967 1437 1466 1469 en la accion mas arriesgada.
960 1474 1371 1508 Y en otra tercera parte
964 1516 1401 1550 se dirá lo que aquí falta.
775 1553 1107 1706 TERCERA PARTE.
284 1751 679 1784 Habiéndose despedido
255 1791 627 1824 de la discreta Sultana
252 1829 714 1865 aquellos cuatro Cristianos,
252 1869 714 1905 que en otra segunda plana
248 1908 672 1945 dije que la defendieron,
253 1948 680 1983 dejando limpia su fama,
253 1988 726 2025 dando muerte á los aleves,
250 2028 744 2065 que traidores le infamaban,
251 2066 736 2105 y haciendo que por su boca
255 2109 669 2142 esta verdad declararan:
256 2148 676 2183 quedó esta noble señora
255 2189 723 2224 muy triste y desconsolada,
249 2229 772 2265 sintiendo mucho su ausencia;
253 2272 655 2304 y al verse tan obligada,
963 1754 1310 1786 agradecida quisiera
966 1795 1434 1828 el partirse en su compaña,
959 1834 1301 1867 para recibir gozosa
966 1873 1423 1905 con el bautismo la gracia.
963 1913 1428 1944 Tres años con desconsuelo
967 1952 1384 1983 vivió, por verse privada
961 1992 1416 2024 de este favor, hasta tanto
959 2031 1523 2066 que el cielo abrió puerta franca
959 2073 1362 2103 á sus vivas diligencias,
961 2112 1381 2144 porque el deseo lograra.
967 2151 1360 2183 El Campeon invencible
961 2188 1305 2223 y Católico Monarca
958 2231 1528 2264 don Fermando, que ahora mora
963 2271 1419 2304 entré angélicas escuadras
