1737 2508
1374 60 1404 214 5
105 201 564 234 partió el uno para el otro,
105 240 529 275 pareciendo que chocaba
111 280 572 313 un monte con otro monte,
113 319 562 354 y sin remediarse en nada,
112 360 540 393 ambos vinieron á tierra,
115 400 496 432 y sacando las espadas,
110 439 488 472 armaron tal herreria,
112 478 580 512 que las armas destrozaban.
107 519 566 551 A los primeros encuentros
113 559 545 590 por una treta impensada
111 599 472 630 el valeroso don Juan
103 637 601 669 sacó en un muslo una llaga.
116 678 584 710 Quiso que volviese al cebo,
116 715 540 749 y volviendo sin tardanza
112 756 590 789 don Juan ya sobre avisado,
114 795 533 829 señaló una herida falsa:
115 837 551 869 el Moro acudió al reparo,
117 876 594 909 cubriéndose con la adarga:
113 917 510 949 pero rebatido el brazo
116 957 668 988 don Juan con fuerza y pujanza,
113 996 524 1028 todo un muslo le cortó
113 1035 517 1068 hasta cerca de la caña.
113 1076 531 1107 El Moro quedó burlado,
119 1115 562 1147 y antes que se recobrara
120 1155 558 1188 alzó su brazo invencible,
119 1195 528 1229 y le dió tal cuchillada,
123 1235 594 1266 que le cercenó el pescuezo;
115 1275 587 1306 le segundó, y como echaba
121 1314 586 1346 tanta sangre, fué bastante
124 1354 590 1386 á trastornarle de espaldas,
128 1393 580 1426 y rebolcado en su sangre,
123 1433 577 1464 acabó en mortales ánsias.
121 1472 652 1505 Como don Juan lo vió muerto,
117 1512 652 1545 á Dios rindió muchas gracias,
131 1551 567 1583 y montado en su caballo,
127 1591 618 1623 allí hácia un lado se aparta.
125 1631 550 1664 Mahandon á don Alonso
125 1671 506 1703 le dijo: deja que vaya
123 1710 676 1742 ahora á vengar de mi hermano
129 1751 583 1783 la muerte, de esta batalla
129 1791 569 1822 despues la concluiremos.
132 1831 528 1864 Don Alonso dijo; calla,
131 1869 514 1903 y tu defensa procura,
133 1909 682 1942 que en el grado en que se halla
128 1950 632 1982 tu hermano, te verás presto,
133 1989 614 2022 pues ha de quedar vengada
130 2028 566 2062 hoy de los Abencerrages
131 2069 567 2101 tanta sangre derramada.
133 2109 520 2141 Encolerizado el Moro,
140 2149 582 2181 con furia arrojó la lanza,
136 2187 564 2220 y al revolver don Alonso
132 2227 535 2260 al caballo por la hijada
135 2270 610 2302 se le entró el agudo hierro,
820 190 1232 226 quedándole atravesada.
818 230 1265 266 El bruto muy mal herido,
818 271 1256 305 dando saltos se quejaba,
818 311 1281 346 sin sujetarse á las riendas,
815 350 1278 385 y temiendo una desgracia,
821 389 1291 425 de él se arrojó don Alonso,
819 430 1256 464 y confiado en la ventaja,
822 469 1184 505 el Moro le acometió.
819 507 1275 545 Don Alonso al ver llegaba
815 551 1210 585 á dar sobre el caballo,
824 587 1313 624 daba un salto y se apartaba.
820 629 1251 664 Y al Moro le dijo airado;
822 670 1236 704 si en apearte te tardas,
822 708 1269 743 te he de matar el caballo,
822 745 1357 783 que esa es accion muy villana.
827 789 1271 823 Con esto el Moro se apea,
829 829 1217 862 y sacando las espadas,
822 865 1259 904 allí empezaron de nuevo
822 905 1339 943 la sangrienta y cruel batalla.
832 946 1273 982 Tuvo ocasion don Alonso,
830 985 1267 1022 y como diestro, la espada
832 1026 1253 1063 se la entró por un vacio,
834 1065 1276 1101 y le dió una herida mala.
830 1104 1280 1142 El moro airado y soberbio
832 1147 1221 1182 á don Alonso descarga
831 1187 1205 1222 tan desaforado golpe,
834 1227 1282 1261 que el águila que llevaba,
831 1266 1233 1302 le cortó, y en la cabeza
832 1308 1230 1342 una mala herida saca,
831 1347 1196 1381 y picado don Alonso,
832 1387 1264 1421 antes que le asegundara,
831 1423 1271 1463 por entre la abrochadura
834 1465 1240 1501 y la junta de las armas
831 1504 1277 1541 la aguda espada le entró,
836 1545 1233 1580 y le pasó las entrañas.
844 1585 1282 1620 Cayó amortecido el Moro,
835 1625 1254 1660 y agonizando allí acaba,
840 1662 1212 1700 de lo cual dió Alonso
836 1703 1284 1739 á Dios muchas alabanzas:
843 1742 1246 1780 con el caballo del Moro
840 1781 1333 1819 fué adonde don Juan estaba
832 1821 1285 1859 don Manuel y Alí Hamete
842 1863 1234 1899 fuertemente peleaban
837 1901 1287 1940 á pié, pues ya los caballos
846 1942 1312 1979 rendidos del todo estaban,
846 1981 1385 2019 don Manuel con cinco heridas,
839 2020 1302 2059 y el Moro con cinco malas
841 2059 1295 2098 anda al rededor del Moro
847 2101 1281 2138 haciendo mil carabanas,
849 2138 1323 2178 tirando á diestro y siniestro
840 2180 1235 2218 rebeses y cuchilladas.
839 2222 1311 2258 Don Manuel estaba quieto,
842 2264 1289 2300 aguardando se acercara,
