1737 2508
607 165 1026 202 Debajo de un naranjal
558 210 1011 251 estando fresco y florido,
564 254 1033 294 acuérdate, falsa ingrata,
564 298 926 338 gocé de tu paraiso.
163 386 603 420 En un jardin dívertido,
121 430 605 465 al romper la aurora bella,
127 474 643 508 te encontré, bella doncella,
129 515 603 551 y no es falso lo que digo:
131 560 639 595 bien lo sabe el Dios divino,
128 605 557 640 como naciste no estas,
127 649 497 686 y la flor de tu rosal
132 692 572 726 ya no la tienes contigo,
133 736 604 770 que la perdiste, te digo,
130 780 570 814 debajo de un naranjal,
171 821 662 857 Nos pusimos con empeño
134 867 550 901 á comenzar la batalla,
132 909 623 945 siendo tan firme muralla
135 954 653 988 hubo que usar del mortero;
132 996 636 1032 á fuerza del gran bloqueo
132 1040 695 1075 se dió el fuerte por vencido,
144 1084 634 1119 mas yó cansado y rendido
144 1130 573 1164 en el campo me senté,
145 1173 565 1206 disfrutando del laurel
142 1217 605 1251 estando fresco y florido.
891 370 1346 406 Se resistió el enemigo,
856 415 1231 450 segunda vez batallé,
841 457 1243 493 á las cinco descansé,
853 500 1260 537 estropeado y molido:
851 546 1314 580 yo soy aquel peregrino
851 590 1388 625 que dejó tu puerta franca,
861 633 1337 667 y apretó tu mano blanca
863 677 1302 711 que tu madre te dejó,
860 720 1257 754 y te digo en alta voz
859 764 1319 799 acuérdate, falsa ingrata.
901 808 1331 843 A Dios rosita de abril
853 854 1332 886 escojida entre las flores,
864 895 1327 931 pues gocé de tus olores
855 939 1325 976 una tarde en tu jardin:
863 983 1280 1019 pro ¡ay infeliz de ti!
871 1028 1392 1062 que pagarlo no es preciso,
870 1070 1409 1107 pues con palabra no ha sido
876 1116 1395 1151 de que yo tu esposo fuese,
871 1156 1345 1198 y entre rosas y claveles
875 1206 1241 1239 gocé de tu paraiso.
638 1280 1115 1321 Calla falso, no publiques
594 1326 978 1364 mi triste fragilidad.
596 1369 1056 1410 miráras que soy mujer,
599 1413 1049 1454 y bien pudieras callar.
198 1492 693 1530 Me diste buenes palabras,
151 1536 700 1574 me hiciste buenos acciones,
156 1576 689 1618 mas con tus malas razones
147 1625 676 1661 me dijiste que era ingrata,
155 1670 680 1703 yo jamás te he sido falsa,
157 1714 669 1748 pues con firmeza te quise,
161 1759 680 1792 tu mal me correspondiste
155 1803 722 1835 diciendole al mundo entero;
164 1846 699 1880 que gozaste de mi cuerpo,
163 1890 659 1923 calla falso, no publiques.
202 1932 686 1966 Es cierto qne tu has sido
166 1979 606 2012 el que lograste mi flor,
169 2020 624 2055 y el que palabra me dió
173 2066 577 2098 que seria mi marido:
173 2108 609 2142 como no habia testigos
167 2153 588 2185 me dices ser falcedad,
167 2194 711 2228 bien sabe Dios que es verdad
171 2242 653 2275 la que mi pecho suspira,
173 2285 564 2319 lloraré toda mi vida
168 2330 565 2364 mi triste fragilidad.
923 1480 1365 1515 Yo me veo despreciada,
874 1524 1381 1562 deshonrada de mi amante,
884 1567 1345 1606 cesa traidor de alabarte,
886 1612 1365 1650 que me dejas desgraciada,
875 1654 1400 1693 muera, muera sin tardanza
886 1698 1358 1738 antes gue llegue á saber
883 1742 1313 1781 mi padre, mi triste ser
892 1787 1403 1825 que publicas sin vergüenza,
888 1831 1357 1868 y si tuvieras conciencia
884 1874 1333 1914 miráras que soy mujer.
934 1917 1328 1954 Mientras viva lloraré
887 1960 1533 2002 la gran traicion que me has hecho,
886 2003 1439 2046 que estoy sin honor confieso,
896 2050 1373 2092 sin conducta y honradez,
891 2093 1341 2135 mas ya que pública es
887 2139 1307 2181 mi desdicha tan fatal,
898 2182 1281 2224 en un justo tribunal
898 2226 1373 2267 me quejaré como debo,
896 2268 1391 2312 sabes que sé tus secretos
899 2314 1353 2357 y bien pudieras callar.
