1737 2508
1305 26 1528 180 Núm. 48.
485 1098 1400 1256 DECIMAS GLOSADAS.
705 1283 1177 1318 Por mi suerte yo sembré
666 1326 1152 1365 en el huerto de una niña,
669 1370 1097 1404 pensundo cojer la rosa
676 1415 1098 1449 cojí abrojos y espinas.
285 1468 762 1501 Al cielo mil veces clamo
244 1513 755 1547 él gran error que yo hice,
238 1554 746 1589 sembrar desde luego quise
248 1598 686 1633 en un deleitoso campo:
239 1642 680 1675 al fin habiendo logrado
244 1686 699 1720 lo que yo queria hacer,
247 1729 701 1764 al sembrarlo me pinché
248 1773 712 1809 con penetrantes espinas,
251 1818 738 1852 que en una tierra maldita
245 1859 708 1893 por mi suerte yo sembré.
297 1904 790 1942 De estas espinas causante,
251 1947 732 1986 juro á Dios que no fuí yo,
257 1992 615 2023 otro la flor se llevó
253 2036 738 2070 aunque anduve vigilante:
257 2079 707 2114 con dos barajas jugaste
253 2123 738 2161 sin saber lo que te hacias,
251 2167 684 2203 llora si te ves perdida,
249 2211 744 2250 que yo tengo donde amar,
251 2256 689 2289 y donde podré sembrar
247 2299 734 2334 en el huerto de una niña.
1011 1471 1488 1503 En tu campo tan maldito
961 1515 1428 1548 fuimos dos agricultores,
965 1557 1487 1591 por mi suerte sembré flores
973 1603 1391 1637 y cojí crueles espinas:
973 1647 1553 1679 pues tú, falsa, me has perdido
972 1691 1482 1726 con intencion muy dañosa,
971 1732 1416 1768 y mi historia lastimosa
965 1776 1432 1814 al mundo le haré saber,
967 1820 1410 1855 que con espinas cargué
971 1862 1419 1900 pensando coger la rosa.
1015 1908 1434 1942 En el hospital me veo
972 1951 1368 1988 triste é infeliz de mí,
977 1996 1344 2029 llorarás tu porvenir
977 2039 1562 2077 y la traicion que me has hecho,
977 2084 1534 2121 clama y pide á Dios del cielo,
972 2127 1482 2163 de mis culpas cuenta pido,
977 2172 1429 2205 que si me deja con vida
984 2215 1454 2251 en tí vengaré mi agravio,
979 2261 1566 2297 pues ya sabes que en tu campo
984 2305 1394 2338 cojí abrojos y espinas.
