1765 2512
566 89 1237 243 TROVOS.
235 342 689 376 Unas damas cortesanas
204 386 718 421 á un sargento de artilleros
204 431 728 466 le han dejado sin conducta,
208 475 756 508 sin vergüenza y sin dinero.
241 555 798 594 Con bubones y almorranas,
202 600 638 634 calenturas y diviesos,
202 644 764 677 lleno de herpes y de sarna
199 688 693 720 de tal suerte le pusieron
211 732 656 765 unas damas cortesanas.
242 795 726 828 Ellas con grande apaleo
203 841 777 874 y con vergüenza muy poca,
203 884 720 916 le han dejado sin dinero,
200 927 716 959 sin conducta y sin honra
199 971 757 1004 á un sargento de artilleros.
238 1034 734 1069 De resultas de la fruta,
199 1077 816 1112 á san Juan de Dios se marcha,
203 1121 779 1154 con mercurio y con unturas
202 1164 674 1197 en tierra de Villa-Rasa
211 1209 733 1242 le han dejado sin conducta.
242 1271 624 1306 Ay infeliz artillero,
201 1316 816 1350 que ya has perdido la mecha,
210 1359 768 1395 te has quedado sin empleo,
204 1403 736 1438 sin honor y sin herencia,
212 1446 774 1480 sin vergüenza y sin dinero.
247 1527 712 1562 ¡Oh que maldito dinero,
207 1573 804 1608 que á todos nos vuelves locos!
215 1617 743 1648 que por ti se vende á Dios
211 1660 779 1695 y á los reyes con sus tronos.
254 1742 698 1774 Es un villano grosero
204 1786 758 1824 aquel que no tiene blanca,
208 1830 692 1866 si la tiene es caballero,
214 1874 734 1910 y sin ti, no somos nada,
207 1920 679 1954 ¡oh que maldito dinero!
260 1989 762 2023 Contigo se ven los toros,
211 2034 736 2069 se gastan galas y coches,
208 2077 764 2111 se ven comedias, de modo
927 345 1456 378 que con tantas diversiones
920 388 1438 422 á todos nos vuelves locos.
972 452 1444 484 El que tiene con amor
926 495 1488 531 en su casa un Santo Cristo,
924 539 1416 572 si le ofrecen un doblon
926 582 1398 615 le diera aquesto es fijo,
932 628 1441 660 que por ti se vende á Dios.
966 689 1404 723 Los generales por oro
915 733 1428 768 luego se hacen rebeldes,
928 774 1456 810 venden sus soldados todos,
923 816 1474 854 y de aqueste modo venden
924 864 1436 898 á los reyes con sus tronos.
968 955 1446 991 El secreto yo te encargo,
929 1000 1343 1036 guardamelo, que sinó
924 1044 1360 1075 al mundo á voces diré
935 1088 1403 1123 lo que hicimos tú y yó.
969 1179 1515 1214 Tú dices que me has deja
923 1222 1455 1261 y que tienes otro amante,
934 1267 1420 1303 y que me veo agraviado,
935 1312 1479 1344 si no quieres que mas hable
936 1355 1420 1387 el secreto yo te encargo.
978 1417 1520 1451 Tú dices que con mi amor
930 1461 1376 1493 dejaste de ser doncella
939 1505 1371 1540 y te obligué con rigor
938 1549 1376 1583 otro secreto te queda,
938 1592 1436 1629 guardamelo, que sinó......
971 1656 1490 1688 Yo no usé ningun doblez
932 1700 1554 1735 cuando entré, niña en tu huerto,
935 1743 1366 1776 ni con rigor te obligué
943 1788 1431 1821 que todo esto es incierto
939 1832 1389 1863 al mundo á voces diré.
975 1900 1397 1933 Eso bien lo sabe Dios
939 1944 1486 1979 lo que hiciste con tu dueño,
942 1989 1408 2022 si fué obra de los dos,
937 2033 1385 2068 jamás salga de tu seno
938 2078 1388 2113 lo que hieimos tú y yó.
878 2103 959 2254 FIN.
299 2229 1552 2382 CARMONA:—Imprenta de D. José M.a Moreno, Descalzas, núm. 1.
