1616 2464
94 324 641 365 Desde el dia en que te vi,
49 372 527 411 verte y adorar tu cielo
56 419 621 461 bien pudieron ser dos cosas
41 469 513 506 pero ninguna primero.
95 516 562 556 Bien sabes que te rendí
40 563 550 607 mis potencias y sentidos,
44 611 462 651 todo tu amor merecí
50 660 618 702 siendo mis gustos cumplidos
50 708 582 750 desde el dia en que te vi.
86 758 560 800 Eres todo mi consuelo,
46 807 484 846 por tí respíro gustoso,
41 854 517 893 en tí se cifra mi anhelo
37 903 466 940 apeteciendo amoroso
40 951 528 991 verte y adorar tu cielo.
82 1000 536 1039 Las ternezas cariñosas
48 1049 612 1092 con la dicha que he logrado,
33 1097 491 1135 las caricias venturosas
46 1145 607 1186 y el placer que he disfrutado
28 1192 617 1237 bien pudieron ser dos cosas.
81 1241 552 1286 Firmemente te venero,
30 1290 572 1335 te quiero y amo constante,
28 1339 560 1381 te adoro con todo esmero,
30 1387 530 1428 te idolatro como amante
30 1437 498 1474 pero ninguna primero.
72 1486 636 1527 Soy Salamandra constante,
27 1537 603 1573 y el penar es mi alimento,
28 1583 514 1618 todo el fuego del amor
36 1629 556 1670 arde dentro de mi pecho.
68 1677 584 1718 Desde aquel feliz instante
34 1727 500 1765 que alma y vida te redí,
20 1774 508 1815 hice voto ser tu amante,
27 1824 507 1862 y adorando solo en ti
25 1874 568 1910 soy Salamandra constante.
76 1918 636 1964 Tú ocupas mi pensamiento
24 1967 595 2011 siempre de noche y de dia;
18 2018 572 2057 la constancia y sufrimiento
24 2069 588 2112 me prometen serás mia
24 2118 584 2153 y el penar es mi alimento.
58 2163 575 2203 La esperanza y el vator
26 2210 641 2255 serán norte que me guia
28 2258 612 2304 yo sufriré si hay rigor
20 2309 606 2352 pues en mi no se mitiga
20 2355 510 2398 todo el fuego del amor.
818 331 1386 376 Te confieso hay corto trecho
774 379 1280 426 de quererte á idolatrarte,
776 427 1256 471 vivo de amor satisfecho
770 476 1284 519 y este fuego cada instante
769 524 1294 569 arde dentro de mi pecho.
776 573 1430 619 Dulce hechizo por quien vivo,
770 621 1324 663 bella deidad, por ti muero
778 669 1208 711 como misero cautivo,
778 716 1260 760 como infeliz prisionero.
812 764 1262 811 No tu natural esquivo,
770 816 1206 856 me dé pesar ni dolor,
774 864 1255 903 ya es tu desden escesivo
760 911 1226 955 no me trates con rigor,
768 960 1368 1002 dulce hechizo por quien vivo.
808 1008 1313 1049 Es tanto lo que te quiero
766 1057 1270 1100 que no lo puedo esplicar,
761 1104 1312 1149 en tí vida ó muerte espero;
760 1151 1264 1195 si es que me ves espirar,
762 1200 1304 1242 bella deida, por ti muero.
789 1250 1320 1292 Entre mil tormentos gimo
762 1297 1270 1342 con la pena que padezco,
757 1345 1222 1386 es mi dolor tan activo;
768 1394 1235 1435 que llorar solo ápetezco
758 1442 1184 1482 como misero cautivo.
808 1490 1218 1531 Cese tu rigor severo
756 1538 1348 1583 pues mi dicha en ti descansa,
760 1586 1200 1628 á ti solamente quiero,
756 1634 1262 1677 viviendo con la esperanza
748 1685 1236 1722 como infeliz pristonero
795 1733 1356 1772 Si todo el mundo corrieres
745 1782 1215 1818 facil te sera encontrar
752 1829 1414 1873 otro amantesá quien tú quieras.
748 1879 1238 1919 pero no te quiera mas.
791 1927 1367 1967 Hoy mi dueño, tus quereres
740 1978 1116 2015 agitan mi corazon,
746 2022 1236 2069 si mi de irio supieres.
748 2074 1222 2114 no vieras mayor pasion
754 2121 1312 2161 si todo el mundo corrieres.
793 2172 1269 2207 ¡Quién pudiera imaginar
747 2220 1266 2258 tal constancia en tu rigor!
747 2267 1229 2316 trátalo de mitigar
739 2315 1242 2354 que el remedio y el valor,
732 2366 1208 2402 facil te sera encontrar.
