<?xml version="1.0" encoding="UTF-8" standalone="yes"?>
<PcGts xmlns="http://schema.primaresearch.org/PAGE/gts/pagecontent/2013-07-15" xmlns:xsi="http://www.w3.org/2001/XMLSchema-instance" xsi:schemaLocation="http://schema.primaresearch.org/PAGE/gts/pagecontent/2013-07-15 http://schema.primaresearch.org/PAGE/gts/pagecontent/2013-07-15/pagecontent.xsd">
    <Metadata>
        <Creator>prov=University of Rostock/Institute of Mathematics/CITlab|PLANET AI GmbH/Gundram Leifert/gundram.leifert@planet-ai.de:name=Pliegos de Cordel (XIXe) - v4(htr_id=27283)::::v=2.6.7
prov=University of Rostock/Institute of Mathematics/CITlab|PLANET AI GmbH/Tobias Gruening/tobias.gruening@planet-ai.de:name=de.uros.citlab.module.baseline2polygon.B2PSeamMultiOriented:v=2.6.7
prov=University of Rostock/Institute of Mathematics/CITlab|PLANET AI GmbH/Tobias Gruening/tobias.gruening@planet-ai.de:name=/net_tf/LA73_249_0mod360.pb:de.uros.citlab.segmentation.CITlab_LA_ML:v=2.6.7
Transkribus</Creator>
        <Created>2020-11-09T10:43:35.823+01:00</Created>
        <LastChange>2020-11-10T15:01:03.678+01:00</LastChange>
        <Comments>
                Measurement unit: pixel
                PrimaryLanguage: 
                Producer: Transkribus
            </Comments>
        <TranskribusMetadata docId="525371" pageId="22317973" pageNr="103" tsid="48492386" status="DONE" userId="66244" imgUrl="https://files.transkribus.eu/Get?id=ULXEMFXNMEUYQJGEJAYZUXHB&amp;fileType=view" xmlUrl="https://files.transkribus.eu/Get?id=FVLJIDDMGSDJELRMEYMTBUFG" imageId="17387496"/>
    </Metadata>
    <Page imageFilename="Moreno_110_3.jpg" imageWidth="1737" imageHeight="2508">
        <PrintSpace>
            <Coords points="0,0 1737,0 1737,2508 0,2508"/>
        </PrintSpace>
        <ReadingOrder>
            <OrderedGroup id="ro_1606755298721" caption="Regions reading order">
                <RegionRefIndexed index="0" regionRef="r_1_1"/>
                <RegionRefIndexed index="1" regionRef="r_2_1"/>
            </OrderedGroup>
        </ReadingOrder>
        <TextRegion orientation="0.0" type="paragraph" id="r_1_1" custom="readingOrder {index:0;}">
            <Coords points="180,199 841,199 841,2343 180,2343"/>
            <TextLine id="r_1_1l1" custom="readingOrder {index:0;}">
                <Coords points="189,248 217,250 245,250 274,251 302,252 330,252 359,252 387,253 415,253 444,253 472,252 500,252 529,252 557,253 585,253 614,253 642,254 670,254 699,255 727,257 756,258 756,225 727,224 699,222 670,221 642,221 614,220 585,220 557,220 529,219 500,219 472,219 444,220 415,220 387,220 359,219 330,219 302,219 274,218 245,217 217,217 189,215"/>
                <Baseline points="189,237 217,239 245,239 274,240 302,241 330,241 359,241 387,242 415,242 444,242 472,241 500,241 529,241 557,242 585,242 614,242 642,243 670,243 699,244 727,246 756,247"/>
                <TextEquiv>
                    <Unicode>con gran ira y con ahinco</Unicode>
                </TextEquiv>
            </TextLine>
            <TextLine id="r_1_1l2" custom="readingOrder {index:1;}">
                <Coords points="195,295 222,297 249,297 277,298 304,298 332,299 359,299 386,299 414,299 441,299 469,299 496,299 523,299 551,300 578,300 606,300 633,301 660,301 688,302 715,303 743,305 743,272 715,270 688,269 660,268 633,268 606,267 578,267 551,267 523,266 496,266 469,266 441,266 414,266 386,266 359,266 332,266 304,265 277,265 249,264 222,264 195,262"/>
                <Baseline points="195,284 222,286 249,286 277,287 304,287 332,288 359,288 386,288 414,288 441,288 469,288 496,288 523,288 551,289 578,289 606,289 633,290 660,290 688,291 715,292 743,294"/>
                <TextEquiv>
                    <Unicode>estocadas muy soberbias,</Unicode>
                </TextEquiv>
            </TextLine>
            <TextLine id="r_1_1l3" custom="readingOrder {index:2;}">
                <Coords points="193,345 222,346 251,346 280,347 309,347 338,347 367,347 396,347 425,348 454,348 483,348 512,348 541,348 570,349 599,349 628,349 657,350 686,351 715,351 744,352 773,353 773,319 744,318 715,317 686,317 657,316 628,315 599,315 570,315 541,314 512,314 483,314 454,314 425,314 396,313 367,313 338,313 309,313 280,313 251,312 222,312 193,311"/>
                <Baseline points="193,334 222,335 251,335 280,336 309,336 338,336 367,336 396,336 425,337 454,337 483,337 512,337 541,337 570,338 599,338 628,338 657,339 686,340 715,340 744,341 773,342"/>
                <TextEquiv>
                    <Unicode>sin?reparar en las puntas</Unicode>
                </TextEquiv>
            </TextLine>
            <TextLine id="r_1_1l4" custom="readingOrder {index:3;}">
                <Coords points="189,391 218,392 248,393 278,394 308,395 338,395 368,396 398,396 428,396 458,396 488,397 517,397 547,397 577,397 607,398 637,398 667,399 697,399 727,400 757,401 787,403 787,369 757,367 727,366 697,365 667,365 637,364 607,364 577,363 547,363 517,363 488,363 458,362 428,362 398,362 368,362 338,361 308,361 278,360 248,359 218,358 189,357"/>
                <Baseline points="189,380 218,381 248,382 278,383 308,384 338,384 368,385 398,385 428,385 458,385 488,386 517,386 547,386 577,386 607,387 637,387 667,388 697,388 727,389 757,390 787,392"/>
                <TextEquiv>
                    <Unicode>á la que mas pronto llega:</Unicode>
                </TextEquiv>
            </TextLine>
            <TextLine id="r_1_1l5" custom="readingOrder {index:4;}">
                <Coords points="196,442 221,442 247,443 273,443 298,443 324,443 350,443 375,443 401,443 427,443 452,444 478,444 504,444 529,444 555,445 581,445 606,446 632,446 658,447 684,448 684,414 658,413 632,412 606,412 581,411 555,411 529,410 504,410 478,410 452,410 427,409 401,409 375,409 350,409 324,409 298,409 273,409 247,409 221,408 196,408"/>
                <Baseline points="196,431 221,431 247,432 273,432 298,432 324,432 350,432 375,432 401,432 427,432 452,433 478,433 504,433 529,433 555,434 581,434 606,435 632,435 658,436 684,437"/>
                <TextEquiv>
                    <Unicode>Alfonso como vafiente</Unicode>
                </TextEquiv>
            </TextLine>
            <TextLine id="r_1_1l6" custom="readingOrder {index:5;}">
                <Coords points="193,491 225,491 257,491 289,491 321,492 353,492 385,492 417,492 449,493 481,493 513,493 545,494 577,494 609,494 641,495 673,496 705,496 737,497 769,498 801,499 834,500 834,466 801,465 769,464 737,463 705,462 673,462 641,461 609,460 577,460 545,460 513,459 481,459 449,459 417,458 385,458 353,458 321,458 289,457 257,457 225,457 193,457"/>
                <Baseline points="193,480 225,480 257,480 289,480 321,481 353,481 385,481 417,481 449,482 481,482 513,482 545,483 577,483 609,483 641,484 673,485 705,485 737,486 769,487 801,488 834,489"/>
                <TextEquiv>
                    <Unicode>le ha dado á Pedro Cadenas</Unicode>
                </TextEquiv>
            </TextLine>
            <TextLine id="r_1_1l7" custom="readingOrder {index:6;}">
                <Coords points="192,538 217,538 242,539 267,539 293,540 318,540 343,540 369,540 394,541 419,541 445,541 470,541 495,542 520,542 546,542 571,542 596,543 622,543 647,543 672,544 698,544 698,510 672,510 647,509 622,509 596,509 571,508 546,508 520,508 495,508 470,507 445,507 419,507 394,507 369,506 343,506 318,506 293,506 267,505 242,505 217,504 192,504"/>
                <Baseline points="192,527 217,527 242,528 267,528 293,529 318,529 343,529 369,529 394,530 419,530 445,530 470,530 495,531 520,531 546,531 571,531 596,532 622,532 647,532 672,533 698,533"/>
                <TextEquiv>
                    <Unicode>tres furiosas estocadas</Unicode>
                </TextEquiv>
            </TextLine>
            <TextLine id="r_1_1l8" custom="readingOrder {index:7;}">
                <Coords points="199,587 230,587 261,588 292,588 324,589 355,589 386,589 417,590 449,590 480,590 511,590 542,591 574,591 605,591 636,592 667,593 699,593 730,595 761,596 792,597 824,598 824,564 792,563 761,562 730,561 699,559 667,559 636,558 605,557 574,557 542,557 511,556 480,556 449,556 417,556 386,555 355,555 324,555 292,554 261,554 230,553 199,553"/>
                <Baseline points="199,576 230,576 261,577 292,577 324,578 355,578 386,578 417,579 449,579 480,579 511,579 542,580 574,580 605,580 636,581 667,582 699,582 730,584 761,585 792,586 824,587"/>
                <TextEquiv>
                    <Unicode>que los pechos le atraviesan;</Unicode>
                </TextEquiv>
            </TextLine>
            <TextLine id="r_1_1l9" custom="readingOrder {index:8;}">
                <Coords points="201,635 226,635 252,636 278,636 304,636 330,637 356,637 381,637 407,638 433,638 459,638 485,638 511,639 537,639 562,639 588,640 614,640 640,641 666,641 692,641 718,642 718,608 692,607 666,607 640,607 614,606 588,606 562,605 537,605 511,605 485,604 459,604 433,604 407,604 381,603 356,603 330,603 304,602 278,602 252,602 226,601 201,601"/>
                <Baseline points="201,624 226,624 252,625 278,625 304,625 330,626 356,626 381,626 407,627 433,627 459,627 485,627 511,628 537,628 562,628 588,629 614,629 640,630 666,630 692,630 718,631"/>
                <TextEquiv>
                    <Unicode>la purpura derramando, </Unicode>
                </TextEquiv>
            </TextLine>
            <TextLine id="r_1_1l10" custom="readingOrder {index:9;}">
                <Coords points="197,683 224,683 252,684 280,684 308,685 335,685 363,685 391,686 419,686 446,686 474,686 502,686 530,687 557,687 585,687 613,688 641,689 668,690 696,691 724,693 752,694 752,660 724,659 696,657 668,656 641,655 613,654 585,653 557,653 530,653 502,652 474,652 446,652 419,652 391,652 363,651 335,651 308,651 280,650 252,650 224,649 197,649"/>
                <Baseline points="197,672 224,672 252,673 280,673 308,674 335,674 363,674 391,675 419,675 446,675 474,675 502,675 530,676 557,676 585,676 613,677 641,678 668,679 696,680 724,682 752,683"/>
                <TextEquiv>
                    <Unicode>manchando la tosca arena,</Unicode>
                </TextEquiv>
            </TextLine>
            <TextLine id="r_1_1l11" custom="readingOrder {index:10;}">
                <Coords points="204,730 230,731 257,732 283,732 310,732 337,733 363,733 390,733 416,733 443,733 470,734 496,734 523,734 549,735 576,735 603,735 629,736 656,737 682,737 709,738 736,739 736,705 709,704 682,703 656,703 629,702 603,701 576,701 549,701 523,700 496,700 470,700 443,699 416,699 390,699 363,699 337,699 310,698 283,698 257,698 230,697 204,696"/>
                <Baseline points="204,719 230,720 257,721 283,721 310,721 337,722 363,722 390,722 416,722 443,722 470,723 496,723 523,723 549,724 576,724 603,724 629,725 656,726 682,726 709,727 736,728"/>
                <TextEquiv>
                    <Unicode>como se va desangrando</Unicode>
                </TextEquiv>
            </TextLine>
            <TextLine id="r_1_1l12" custom="readingOrder {index:11;}">
                <Coords points="196,782 224,782 252,781 280,781 308,781 336,781 364,781 392,781 420,781 448,782 477,782 505,783 533,783 561,784 589,784 617,785 645,785 673,786 701,786 729,787 758,787 758,754 729,754 701,753 673,753 645,752 617,752 589,751 561,751 533,750 505,750 477,749 448,749 420,748 392,748 364,748 336,748 308,748 280,748 252,748 224,749 196,749"/>
                <Baseline points="196,771 224,771 252,770 280,770 308,770 336,770 364,770 392,770 420,770 448,771 477,771 505,772 533,772 561,773 589,773 617,774 645,774 673,775 701,775 729,776 758,776"/>
                <TextEquiv>
                    <Unicode>y ve le faltan las fuerzas,</Unicode>
                </TextEquiv>
            </TextLine>
            <TextLine id="r_1_1l13" custom="readingOrder {index:12;}">
                <Coords points="193,827 223,828 253,829 284,829 314,830 344,831 375,831 405,831 435,832 466,832 496,832 526,832 557,832 587,833 617,833 648,833 678,834 708,834 739,835 769,835 800,836 800,803 769,802 739,802 708,801 678,801 648,800 617,800 587,800 557,799 526,799 496,799 466,799 435,799 405,798 375,798 344,798 314,797 284,796 253,796 223,795 193,794"/>
                <Baseline points="193,816 223,817 253,818 284,818 314,819 344,820 375,820 405,820 435,821 466,821 496,821 526,821 557,821 587,822 617,822 648,822 678,823 708,823 739,824 769,824 800,825"/>
                <TextEquiv>
                    <Unicode>con la espada y con la daga</Unicode>
                </TextEquiv>
            </TextLine>
            <TextLine id="r_1_1l14" custom="readingOrder {index:13;}">
                <Coords points="193,875 222,876 251,877 280,878 309,878 338,879 367,879 397,880 426,880 455,880 484,880 513,880 542,881 571,881 601,881 630,882 659,882 688,883 717,884 746,885 776,886 776,852 746,851 717,850 688,849 659,848 630,848 601,847 571,847 542,847 513,846 484,846 455,846 426,846 397,846 367,845 338,845 309,844 280,844 251,843 222,842 193,841"/>
                <Baseline points="193,864 222,865 251,866 280,867 309,867 338,868 367,868 397,869 426,869 455,869 484,869 513,869 542,870 571,870 601,870 630,871 659,871 688,872 717,873 746,874 776,875"/>
                <TextEquiv>
                    <Unicode>con su contrario se cierra;</Unicode>
                </TextEquiv>
            </TextLine>
            <TextLine id="r_1_1l15" custom="readingOrder {index:14;}">
                <Coords points="190,924 219,925 248,926 278,926 307,926 336,927 366,927 395,927 424,927 454,928 483,928 512,928 542,928 571,929 600,929 630,930 659,930 688,931 718,932 747,932 777,933 777,899 747,898 718,898 688,897 659,896 630,896 600,895 571,895 542,894 512,894 483,894 454,894 424,893 395,893 366,893 336,893 307,892 278,892 248,892 219,891 190,890"/>
                <Baseline points="190,913 219,914 248,915 278,915 307,915 336,916 366,916 395,916 424,916 454,917 483,917 512,917 542,917 571,918 600,918 630,919 659,919 688,920 718,921 747,921 777,922"/>
                <TextEquiv>
                    <Unicode>le ha tirado una estocada,</Unicode>
                </TextEquiv>
            </TextLine>
            <TextLine id="r_1_1l16" custom="readingOrder {index:15;}">
                <Coords points="200,972 230,973 260,974 290,975 321,975 351,976 381,976 412,977 442,977 472,977 503,977 533,978 563,978 593,978 624,978 654,979 684,979 715,980 745,981 775,982 806,983 806,950 775,949 745,948 715,947 684,946 654,946 624,945 593,945 563,945 533,945 503,944 472,944 442,944 412,944 381,943 351,943 321,942 290,942 260,941 230,940 200,939"/>
                <Baseline points="200,961 230,962 260,963 290,964 321,964 351,965 381,965 412,966 442,966 472,966 503,966 533,967 563,967 593,967 624,967 654,968 684,968 715,969 745,970 775,971 806,972"/>
                <TextEquiv>
                    <Unicode>que sin que reparo hiciera,</Unicode>
                </TextEquiv>
            </TextLine>
            <TextLine id="r_1_1l17" custom="readingOrder {index:16;}">
                <Coords points="203,1023 229,1023 256,1023 283,1023 310,1023 337,1024 364,1024 390,1025 417,1025 444,1025 471,1026 498,1026 525,1026 552,1026 578,1027 605,1027 632,1027 659,1027 686,1026 713,1026 740,1025 740,992 713,993 686,993 659,994 632,994 605,994 578,994 552,993 525,993 498,993 471,993 444,992 417,992 390,992 364,991 337,991 310,990 283,990 256,990 229,990 203,990"/>
                <Baseline points="203,1012 229,1012 256,1012 283,1012 310,1012 337,1013 364,1013 390,1014 417,1014 444,1014 471,1015 498,1015 525,1015 552,1015 578,1016 605,1016 632,1016 659,1016 686,1015 713,1015 740,1014"/>
                <TextEquiv>
                    <Unicode>por el párpado de un ojo</Unicode>
                </TextEquiv>
            </TextLine>
            <TextLine id="r_1_1l18" custom="readingOrder {index:17;}">
                <Coords points="192,1071 223,1071 254,1071 285,1071 317,1071 348,1072 379,1072 411,1072 442,1073 473,1073 505,1074 536,1074 567,1075 598,1075 630,1076 661,1077 692,1077 724,1078 755,1079 786,1079 818,1080 818,1046 786,1045 755,1045 724,1044 692,1043 661,1043 630,1042 598,1041 567,1041 536,1040 505,1040 473,1039 442,1039 411,1038 379,1038 348,1038 317,1037 285,1037 254,1037 223,1037 192,1037"/>
                <Baseline points="192,1060 223,1060 254,1060 285,1060 317,1060 348,1061 379,1061 411,1061 442,1062 473,1062 505,1063 536,1063 567,1064 598,1064 630,1065 661,1066 692,1066 724,1067 755,1068 786,1068 818,1069"/>
                <TextEquiv>
                    <Unicode>le entró la punta sangrienta,</Unicode>
                </TextEquiv>
            </TextLine>
            <TextLine id="r_1_1l19" custom="readingOrder {index:18;}">
                <Coords points="200,1118 225,1118 250,1119 275,1119 300,1120 325,1120 350,1120 375,1121 400,1121 425,1122 450,1122 475,1122 500,1123 525,1123 550,1123 575,1124 600,1124 625,1124 650,1124 675,1125 701,1125 701,1091 675,1091 650,1090 625,1090 600,1090 575,1090 550,1089 525,1089 500,1089 475,1088 450,1088 425,1088 400,1087 375,1087 350,1086 325,1086 300,1086 275,1085 250,1085 225,1084 200,1084"/>
                <Baseline points="200,1107 225,1107 250,1108 275,1108 300,1109 325,1109 350,1109 375,1110 400,1110 425,1111 450,1111 475,1111 500,1112 525,1112 550,1112 575,1113 600,1113 625,1113 650,1113 675,1114 701,1114"/>
                <TextEquiv>
                    <Unicode>que el cerebro le pasó</Unicode>
                </TextEquiv>
            </TextLine>
            <TextLine id="r_1_1l20" custom="readingOrder {index:19;}">
                <Coords points="196,1168 226,1168 256,1168 287,1168 317,1168 348,1169 378,1169 408,1170 439,1170 469,1170 500,1171 530,1171 560,1172 591,1172 621,1173 652,1173 682,1174 712,1174 743,1175 773,1175 804,1175 804,1141 773,1141 743,1141 712,1140 682,1140 652,1139 621,1139 591,1138 560,1138 530,1137 500,1137 469,1136 439,1136 408,1136 378,1135 348,1135 317,1134 287,1134 256,1134 226,1134 196,1134"/>
                <Baseline points="196,1157 226,1157 256,1157 287,1157 317,1157 348,1158 378,1158 408,1159 439,1159 469,1159 500,1160 530,1160 560,1161 591,1161 621,1162 652,1162 682,1163 712,1163 743,1164 773,1164 804,1164"/>
                <TextEquiv>
                    <Unicode>la espada mas de una tercia.</Unicode>
                </TextEquiv>
            </TextLine>
            <TextLine id="r_1_1l21" custom="readingOrder {index:20;}">
                <Coords points="190,1214 217,1215 244,1215 271,1215 299,1216 326,1216 353,1217 380,1217 408,1218 435,1219 462,1219 489,1219 517,1220 544,1221 571,1221 598,1222 626,1222 653,1222 680,1222 707,1222 735,1222 735,1188 707,1188 680,1188 653,1188 626,1188 598,1188 571,1187 544,1187 517,1186 489,1185 462,1185 435,1185 408,1184 380,1183 353,1183 326,1182 299,1182 271,1181 244,1181 217,1181 190,1180"/>
                <Baseline points="190,1203 217,1204 244,1204 271,1204 299,1205 326,1205 353,1206 380,1206 408,1207 435,1208 462,1208 489,1208 517,1209 544,1210 571,1210 598,1211 626,1211 653,1211 680,1211 707,1211 735,1211"/>
                <TextEquiv>
                    <Unicode>Alfonso cayó de espaldas</Unicode>
                </TextEquiv>
            </TextLine>
            <TextLine id="r_1_1l22" custom="readingOrder {index:21;}">
                <Coords points="193,1261 219,1262 245,1263 271,1263 297,1264 324,1265 350,1265 376,1266 402,1266 428,1267 455,1267 481,1267 507,1268 533,1268 559,1268 586,1269 612,1269 638,1270 664,1270 691,1271 691,1237 664,1236 638,1236 612,1235 586,1235 559,1234 533,1234 507,1234 481,1233 455,1233 428,1233 402,1232 376,1232 350,1231 324,1231 297,1230 271,1229 245,1229 219,1228 193,1227"/>
                <Baseline points="193,1250 219,1251 245,1252 271,1252 297,1253 324,1254 350,1254 376,1255 402,1255 428,1256 455,1256 481,1256 507,1257 533,1257 559,1257 586,1258 612,1258 638,1259 664,1259 691,1260"/>
                <TextEquiv>
                    <Unicode>difunto sobre la arena.</Unicode>
                </TextEquiv>
            </TextLine>
            <TextLine id="r_1_1l23" custom="readingOrder {index:22;}">
                <Coords points="202,1310 228,1311 254,1311 280,1312 306,1313 333,1313 359,1314 385,1314 411,1315 437,1316 464,1316 490,1317 516,1317 542,1317 568,1318 595,1318 621,1318 647,1319 673,1319 699,1319 726,1318 726,1284 699,1285 673,1285 647,1285 621,1284 595,1284 568,1284 542,1283 516,1283 490,1283 464,1282 437,1282 411,1281 385,1280 359,1280 333,1279 306,1279 280,1278 254,1277 228,1277 202,1276"/>
                <Baseline points="202,1299 228,1300 254,1300 280,1301 306,1302 333,1302 359,1303 385,1303 411,1304 437,1305 464,1305 490,1306 516,1306 542,1306 568,1307 595,1307 621,1307 647,1308 673,1308 699,1308 726,1307"/>
                <TextEquiv>
                    <Unicode>Cadenas muy mal herido</Unicode>
                </TextEquiv>
            </TextLine>
            <TextLine id="r_1_1l24" custom="readingOrder {index:23;}">
                <Coords points="194,1358 220,1360 247,1360 274,1361 300,1362 327,1362 354,1363 380,1363 407,1364 434,1364 461,1364 487,1365 514,1365 541,1365 567,1365 594,1366 621,1366 647,1367 674,1368 701,1369 728,1369 728,1335 701,1335 674,1334 647,1333 621,1332 594,1332 567,1331 541,1331 514,1331 487,1331 461,1330 434,1330 407,1330 380,1329 354,1329 327,1328 300,1328 274,1327 247,1326 220,1326 194,1324"/>
                <Baseline points="194,1347 220,1349 247,1349 274,1350 300,1351 327,1351 354,1352 380,1352 407,1353 434,1353 461,1353 487,1354 514,1354 541,1354 567,1354 594,1355 621,1355 647,1356 674,1357 701,1358 728,1358"/>
                <TextEquiv>
                    <Unicode>sobre una peña se sienta,</Unicode>
                </TextEquiv>
            </TextLine>
            <TextLine id="r_1_1l25" custom="readingOrder {index:24;}">
                <Coords points="195,1409 221,1408 247,1408 274,1409 300,1409 326,1409 353,1409 379,1410 405,1410 432,1411 458,1411 484,1412 511,1413 537,1413 563,1414 590,1414 616,1415 642,1416 669,1416 669,1382 642,1382 616,1381 590,1380 563,1380 537,1379 511,1379 484,1378 458,1377 432,1377 405,1376 379,1376 353,1375 326,1375 300,1375 274,1375 247,1374 221,1374 195,1375"/>
                <Baseline points="195,1398 221,1397 247,1397 274,1398 300,1398 326,1398 353,1398 379,1399 405,1399 432,1400 458,1400 484,1401 511,1402 537,1402 563,1403 590,1403 616,1404 642,1405 669,1405"/>
                <TextEquiv>
                    <Unicode>los ojos al Cielo alza,</Unicode>
                </TextEquiv>
            </TextLine>
            <TextLine id="r_1_1l26" custom="readingOrder {index:25;}">
                <Coords points="200,1459 231,1459 262,1458 293,1458 324,1458 355,1458 386,1458 417,1458 448,1459 479,1460 511,1460 542,1461 573,1462 604,1462 635,1463 666,1464 697,1464 728,1464 759,1465 790,1465 822,1464 822,1433 790,1434 759,1434 728,1433 697,1433 666,1433 635,1432 604,1431 573,1431 542,1430 511,1429 479,1429 448,1428 417,1427 386,1427 355,1427 324,1427 293,1427 262,1427 231,1428 200,1428"/>
                <Baseline points="200,1449 231,1449 262,1448 293,1448 324,1448 355,1448 386,1448 417,1448 448,1449 479,1450 511,1450 542,1451 573,1452 604,1452 635,1453 666,1454 697,1454 728,1454 759,1455 790,1455 822,1454"/>
                <TextEquiv>
                    <Unicode>y á Dios llama muy deveras,</Unicode>
                </TextEquiv>
            </TextLine>
            <TextLine id="r_1_1l27" custom="readingOrder {index:26;}">
                <Coords points="200,1503 226,1504 252,1505 278,1505 304,1506 330,1506 356,1506 382,1507 408,1507 434,1508 460,1508 486,1509 512,1509 538,1510 564,1510 590,1511 616,1512 642,1512 668,1514 694,1515 694,1484 668,1483 642,1481 616,1481 590,1480 564,1479 538,1479 512,1478 486,1478 460,1477 434,1477 408,1476 382,1476 356,1475 330,1475 304,1475 278,1474 252,1474 226,1473 200,1472"/>
                <Baseline points="200,1493 226,1494 252,1495 278,1495 304,1496 330,1496 356,1496 382,1497 408,1497 434,1498 460,1498 486,1499 512,1499 538,1500 564,1500 590,1501 616,1502 642,1502 668,1504 694,1505"/>
                <TextEquiv>
                    <Unicode>le dice: Pastor divino,</Unicode>
                </TextEquiv>
            </TextLine>
            <TextLine id="r_1_1l28" custom="readingOrder {index:27;}">
                <Coords points="193,1552 218,1553 244,1554 270,1555 296,1556 322,1556 348,1556 373,1557 399,1557 425,1558 451,1558 477,1558 503,1558 529,1559 554,1559 580,1560 606,1560 632,1561 658,1561 684,1562 710,1563 710,1529 684,1528 658,1527 632,1527 606,1526 580,1526 554,1525 529,1525 503,1524 477,1524 451,1524 425,1524 399,1523 373,1523 348,1522 322,1522 296,1522 270,1521 244,1520 218,1519 193,1518"/>
                <Baseline points="193,1541 218,1542 244,1543 270,1544 296,1545 322,1545 348,1545 373,1546 399,1546 425,1547 451,1547 477,1547 503,1547 529,1548 554,1548 580,1549 606,1549 632,1550 658,1550 684,1551 710,1552"/>
                <TextEquiv>
                    <Unicode>yo soy la perdida obeja</Unicode>
                </TextEquiv>
            </TextLine>
            <TextLine id="r_1_1l29" custom="readingOrder {index:28;}">
                <Coords points="199,1602 226,1602 254,1602 281,1603 309,1603 336,1604 364,1604 391,1605 419,1606 446,1606 474,1607 501,1607 529,1608 556,1609 584,1609 611,1610 639,1610 666,1610 694,1610 721,1611 749,1611 749,1578 721,1578 694,1577 666,1577 639,1577 611,1577 584,1576 556,1576 529,1575 501,1574 474,1574 446,1573 419,1573 391,1572 364,1571 336,1571 309,1570 281,1570 254,1569 226,1569 199,1569"/>
                <Baseline points="199,1591 226,1591 254,1591 281,1592 309,1592 336,1593 364,1593 391,1594 419,1595 446,1595 474,1596 501,1596 529,1597 556,1598 584,1598 611,1599 639,1599 666,1599 694,1599 721,1600 749,1600"/>
                <TextEquiv>
                    <Unicode>que se vuelve á tu rebaño:</Unicode>
                </TextEquiv>
            </TextLine>
            <TextLine id="r_1_1l30" custom="readingOrder {index:29;}">
                <Coords points="194,1647 219,1649 244,1650 269,1651 294,1652 319,1653 344,1653 369,1654 394,1654 419,1654 444,1654 469,1655 494,1655 519,1655 544,1655 569,1656 594,1656 619,1657 645,1658 645,1625 619,1624 594,1623 569,1623 544,1622 519,1622 494,1622 469,1622 444,1621 419,1621 394,1621 369,1621 344,1620 319,1620 294,1619 269,1618 244,1617 219,1616 194,1614"/>
                <Baseline points="194,1636 219,1638 244,1639 269,1640 294,1641 319,1642 344,1642 369,1643 394,1643 419,1643 444,1643 469,1644 494,1644 519,1644 544,1644 569,1645 594,1645 619,1646 645,1647"/>
                <TextEquiv>
                    <Unicode>ea, Señor, recogedla.</Unicode>
                </TextEquiv>
            </TextLine>
            <TextLine id="r_1_1l31" custom="readingOrder {index:30;}">
                <Coords points="199,1697 225,1698 251,1698 277,1699 303,1700 329,1700 355,1701 382,1701 408,1702 434,1702 460,1703 486,1703 512,1704 538,1704 565,1705 591,1705 617,1706 643,1706 669,1707 695,1708 722,1708 722,1674 695,1674 669,1673 643,1672 617,1672 591,1671 565,1671 538,1670 512,1670 486,1669 460,1669 434,1668 408,1668 382,1667 355,1667 329,1666 303,1666 277,1665 251,1664 225,1664 199,1663"/>
                <Baseline points="199,1686 225,1687 251,1687 277,1688 303,1689 329,1689 355,1690 382,1690 408,1691 434,1691 460,1692 486,1692 512,1693 538,1693 565,1694 591,1694 617,1695 643,1695 669,1696 695,1697 722,1697"/>
                <TextEquiv>
                    <Unicode>Con esto llegó la parca,</Unicode>
                </TextEquiv>
            </TextLine>
            <TextLine id="r_1_1l32" custom="readingOrder {index:31;}">
                <Coords points="191,1745 221,1746 252,1748 283,1749 314,1750 344,1750 375,1751 406,1751 437,1751 467,1752 498,1752 529,1752 560,1752 590,1753 621,1753 652,1754 683,1754 713,1755 744,1756 775,1758 806,1759 806,1725 775,1724 744,1722 713,1721 683,1720 652,1720 621,1719 590,1719 560,1718 529,1718 498,1718 467,1718 437,1717 406,1717 375,1717 344,1716 314,1716 283,1715 252,1714 221,1712 191,1711"/>
                <Baseline points="191,1734 221,1735 252,1737 283,1738 314,1739 344,1739 375,1740 406,1740 437,1740 467,1741 498,1741 529,1741 560,1741 590,1742 621,1742 652,1743 683,1743 713,1744 744,1745 775,1747 806,1748"/>
                <TextEquiv>
                    <Unicode>corta el hilo que le alienta,</Unicode>
                </TextEquiv>
            </TextLine>
            <TextLine id="r_1_1l33" custom="readingOrder {index:32;}">
                <Coords points="200,1795 228,1796 256,1796 285,1797 313,1797 341,1798 370,1798 398,1799 426,1799 455,1800 483,1800 512,1800 540,1801 568,1801 597,1802 625,1802 653,1803 682,1803 710,1804 739,1805 739,1771 710,1770 682,1769 653,1769 625,1768 597,1768 568,1767 540,1767 512,1766 483,1766 455,1766 426,1765 398,1765 370,1764 341,1764 313,1763 285,1763 256,1762 228,1762 200,1761"/>
                <Baseline points="200,1784 228,1785 256,1785 285,1786 313,1786 341,1787 370,1787 398,1788 426,1788 455,1789 483,1789 512,1789 540,1790 568,1790 597,1791 625,1791 653,1792 682,1792 710,1793 739,1794"/>
                <TextEquiv>
                    <Unicode>espiró y partióse el alma</Unicode>
                </TextEquiv>
            </TextLine>
            <TextLine id="r_1_1l34" custom="readingOrder {index:33;}">
                <Coords points="200,1842 225,1844 251,1844 277,1845 303,1846 329,1847 354,1847 380,1848 406,1848 432,1848 458,1849 483,1849 509,1849 535,1850 561,1850 587,1850 612,1851 638,1851 664,1852 690,1853 716,1854 716,1821 690,1820 664,1819 638,1818 612,1818 587,1817 561,1817 535,1817 509,1816 483,1816 458,1816 432,1815 406,1815 380,1815 354,1814 329,1814 303,1813 277,1812 251,1811 225,1811 200,1809"/>
                <Baseline points="200,1831 225,1833 251,1833 277,1834 303,1835 329,1836 354,1836 380,1837 406,1837 432,1837 458,1838 483,1838 509,1838 535,1839 561,1839 587,1839 612,1840 638,1840 664,1841 690,1842 716,1843"/>
                <TextEquiv>
                    <Unicode>al tribunal á dar cuenta.</Unicode>
                </TextEquiv>
            </TextLine>
            <TextLine id="r_1_1l35" custom="readingOrder {index:34;}">
                <Coords points="208,1890 233,1891 259,1892 285,1893 311,1894 337,1894 363,1895 388,1896 414,1896 440,1896 466,1897 492,1897 518,1898 543,1898 569,1898 595,1899 621,1899 647,1899 673,1899 699,1899 699,1866 673,1866 647,1866 621,1866 595,1866 569,1865 543,1865 518,1865 492,1864 466,1864 440,1863 414,1863 388,1863 363,1862 337,1861 311,1861 285,1860 259,1859 233,1858 208,1857"/>
                <Baseline points="208,1879 233,1880 259,1881 285,1882 311,1883 337,1883 363,1884 388,1885 414,1885 440,1885 466,1886 492,1886 518,1887 543,1887 569,1887 595,1888 621,1888 647,1888 673,1888 699,1888"/>
                <TextEquiv>
                    <Unicode>Vamos á las otros dos</Unicode>
                </TextEquiv>
            </TextLine>
            <TextLine id="r_1_1l36" custom="readingOrder {index:35;}">
                <Coords points="193,1939 219,1940 245,1941 271,1942 297,1943 323,1944 349,1944 375,1945 401,1945 427,1945 453,1946 479,1946 505,1946 531,1947 557,1947 583,1947 609,1948 635,1948 661,1949 687,1950 713,1951 713,1917 687,1916 661,1915 635,1914 609,1914 583,1913 557,1913 531,1913 505,1912 479,1912 453,1912 427,1911 401,1911 375,1911 349,1910 323,1910 297,1909 271,1908 245,1907 219,1906 193,1905"/>
                <Baseline points="193,1928 219,1929 245,1930 271,1931 297,1932 323,1933 349,1933 375,1934 401,1934 427,1934 453,1935 479,1935 505,1935 531,1936 557,1936 583,1936 609,1937 635,1937 661,1938 687,1939 713,1940"/>
                <TextEquiv>
                    <Unicode>que fuertemente pelean:</Unicode>
                </TextEquiv>
            </TextLine>
            <TextLine id="r_1_1l37" custom="readingOrder {index:36;}">
                <Coords points="195,1987 221,1988 247,1990 273,1990 299,1991 326,1992 352,1992 378,1993 404,1993 431,1994 457,1994 483,1994 509,1994 535,1995 562,1996 588,1996 614,1997 640,1998 667,2000 667,1966 640,1964 614,1963 588,1962 562,1962 535,1961 509,1960 483,1960 457,1960 431,1960 404,1959 378,1959 352,1958 326,1958 299,1957 273,1956 247,1956 221,1954 195,1953"/>
                <Baseline points="195,1976 221,1977 247,1979 273,1979 299,1980 326,1981 352,1981 378,1982 404,1982 431,1983 457,1983 483,1983 509,1983 535,1984 562,1985 588,1985 614,1986 640,1987 667,1989"/>
                <TextEquiv>
                    <Unicode>cansados de combatir,</Unicode>
                </TextEquiv>
            </TextLine>
            <TextLine id="r_1_1l38" custom="readingOrder {index:37;}">
                <Coords points="200,2036 227,2037 255,2038 283,2039 310,2040 338,2040 366,2041 393,2042 421,2042 449,2043 477,2043 504,2043 532,2044 560,2044 587,2045 615,2045 643,2046 670,2047 698,2047 726,2048 754,2049 754,2015 726,2014 698,2013 670,2013 643,2012 615,2011 587,2011 560,2010 532,2010 504,2009 477,2009 449,2009 421,2008 393,2008 366,2007 338,2006 310,2006 283,2005 255,2004 227,2003 200,2002"/>
                <Baseline points="200,2025 227,2026 255,2027 283,2028 310,2029 338,2029 366,2030 393,2031 421,2031 449,2032 477,2032 504,2032 532,2033 560,2033 587,2034 615,2034 643,2035 670,2036 698,2036 726,2037 754,2038"/>
                <TextEquiv>
                    <Unicode>ambos se pidieron treguas</Unicode>
                </TextEquiv>
            </TextLine>
            <TextLine id="r_1_1l39" custom="readingOrder {index:38;}">
                <Coords points="190,2085 216,2086 242,2087 268,2087 294,2088 320,2088 346,2089 372,2090 398,2090 424,2091 450,2091 476,2092 502,2092 528,2093 554,2093 580,2093 606,2093 632,2094 658,2094 684,2094 710,2094 710,2060 684,2060 658,2060 632,2060 606,2059 580,2059 554,2059 528,2059 502,2058 476,2058 450,2057 424,2057 398,2056 372,2056 346,2055 320,2054 294,2054 268,2053 242,2053 216,2052 190,2051"/>
                <Baseline points="190,2074 216,2075 242,2076 268,2076 294,2077 320,2077 346,2078 372,2079 398,2079 424,2080 450,2080 476,2081 502,2081 528,2082 554,2082 580,2082 606,2082 632,2083 658,2083 684,2083 710,2083"/>
                <TextEquiv>
                    <Unicode>para descansar un rato</Unicode>
                </TextEquiv>
            </TextLine>
            <TextLine id="r_1_1l40" custom="readingOrder {index:39;}">
                <Coords points="194,2133 225,2135 256,2136 287,2136 318,2137 349,2138 380,2138 411,2139 442,2139 473,2139 504,2140 535,2140 566,2141 597,2141 628,2142 659,2142 690,2143 721,2144 752,2145 783,2146 814,2148 814,2114 783,2112 752,2111 721,2110 690,2109 659,2108 628,2108 597,2107 566,2107 535,2106 504,2106 473,2105 442,2105 411,2105 380,2104 349,2104 318,2103 287,2102 256,2102 225,2101 194,2099"/>
                <Baseline points="194,2122 225,2124 256,2125 287,2125 318,2126 349,2127 380,2127 411,2128 442,2128 473,2128 504,2129 535,2129 566,2130 597,2130 628,2131 659,2131 690,2132 721,2133 752,2134 783,2135 814,2137"/>
                <TextEquiv>
                    <Unicode>se sientan sobre dos piedras,</Unicode>
                </TextEquiv>
            </TextLine>
            <TextLine id="r_1_1l41" custom="readingOrder {index:40;}">
                <Coords points="194,2182 222,2183 250,2184 278,2184 306,2185 334,2186 362,2186 390,2187 418,2188 446,2188 475,2189 503,2189 531,2190 559,2191 587,2191 615,2191 643,2192 671,2192 699,2193 727,2193 756,2194 756,2160 727,2159 699,2159 671,2158 643,2158 615,2157 587,2157 559,2157 531,2156 503,2155 475,2155 446,2154 418,2154 390,2153 362,2152 334,2152 306,2151 278,2150 250,2150 222,2149 194,2148"/>
                <Baseline points="194,2171 222,2172 250,2173 278,2173 306,2174 334,2175 362,2175 390,2176 418,2177 446,2177 475,2178 503,2178 531,2179 559,2180 587,2180 615,2180 643,2181 671,2181 699,2182 727,2182 756,2183"/>
                <TextEquiv>
                    <Unicode>ya se mira el uno al otro,</Unicode>
                </TextEquiv>
            </TextLine>
            <TextLine id="r_1_1l42" custom="readingOrder {index:41;}">
                <Coords points="202,2232 230,2232 258,2232 286,2232 314,2233 342,2233 370,2234 398,2234 426,2235 454,2236 482,2236 510,2237 538,2237 566,2238 594,2239 622,2239 650,2240 678,2240 706,2241 734,2241 763,2241 763,2207 734,2207 706,2207 678,2206 650,2206 622,2205 594,2205 566,2204 538,2203 510,2203 482,2202 454,2202 426,2201 398,2200 370,2200 342,2199 314,2199 286,2198 258,2198 230,2198 202,2198"/>
                <Baseline points="202,2221 230,2221 258,2221 286,2221 314,2222 342,2222 370,2223 398,2223 426,2224 454,2225 482,2225 510,2226 538,2226 566,2227 594,2228 622,2228 650,2229 678,2229 706,2230 734,2230 763,2230"/>
                <TextEquiv>
                    <Unicode>y asi hablando Contreras;</Unicode>
                </TextEquiv>
            </TextLine>
            <TextLine id="r_1_1l43" custom="readingOrder {index:42;}">
                <Coords points="198,2280 229,2280 260,2281 291,2281 323,2282 354,2283 385,2283 417,2284 448,2284 479,2285 511,2286 542,2287 573,2287 604,2288 636,2289 667,2289 698,2290 730,2290 761,2291 792,2291 824,2291 824,2257 792,2257 761,2257 730,2256 698,2256 667,2255 636,2255 604,2254 573,2253 542,2253 511,2252 479,2251 448,2250 417,2250 385,2249 354,2249 323,2248 291,2247 260,2247 229,2246 198,2246"/>
                <Baseline points="198,2269 229,2269 260,2270 291,2270 323,2271 354,2272 385,2272 417,2273 448,2273 479,2274 511,2275 542,2276 573,2276 604,2277 636,2278 667,2278 698,2279 730,2279 761,2280 792,2280 824,2280"/>
                <TextEquiv>
                    <Unicode>todo el mundo tengo andado,</Unicode>
                </TextEquiv>
            </TextLine>
            <TextLine id="r_1_1l44" custom="readingOrder {index:43;}">
                <Coords points="202,2334 232,2334 262,2333 293,2333 323,2333 354,2334 384,2334 414,2334 445,2334 475,2335 506,2335 536,2336 566,2336 597,2337 627,2338 658,2338 688,2338 718,2339 749,2339 779,2340 810,2340 810,2306 779,2306 749,2305 718,2305 688,2304 658,2304 627,2304 597,2303 566,2302 536,2302 506,2301 475,2301 445,2300 414,2300 384,2300 354,2300 323,2299 293,2299 262,2299 232,2300 202,2300"/>
                <Baseline points="202,2323 232,2323 262,2322 293,2322 323,2322 354,2323 384,2323 414,2323 445,2323 475,2324 506,2324 536,2325 566,2325 597,2326 627,2327 658,2327 688,2327 718,2328 749,2328 779,2329 810,2329"/>
                <TextEquiv>
                    <Unicode>y he visto diversas tierras;</Unicode>
                </TextEquiv>
            </TextLine>
            <TextEquiv>
                <Unicode>con gran ira y con ahinco
estocadas muy soberbias,
sin?reparar en las puntas
á la que mas pronto llega:
Alfonso como vafiente
le ha dado á Pedro Cadenas
tres furiosas estocadas
que los pechos le atraviesan;
la purpura derramando, 
manchando la tosca arena,
como se va desangrando
y ve le faltan las fuerzas,
con la espada y con la daga
con su contrario se cierra;
le ha tirado una estocada,
que sin que reparo hiciera,
por el párpado de un ojo
le entró la punta sangrienta,
que el cerebro le pasó
la espada mas de una tercia.
Alfonso cayó de espaldas
difunto sobre la arena.
Cadenas muy mal herido
sobre una peña se sienta,
los ojos al Cielo alza,
y á Dios llama muy deveras,
le dice: Pastor divino,
yo soy la perdida obeja
que se vuelve á tu rebaño:
ea, Señor, recogedla.
Con esto llegó la parca,
corta el hilo que le alienta,
espiró y partióse el alma
al tribunal á dar cuenta.
Vamos á las otros dos
que fuertemente pelean:
cansados de combatir,
ambos se pidieron treguas
para descansar un rato
se sientan sobre dos piedras,
ya se mira el uno al otro,
y asi hablando Contreras;
todo el mundo tengo andado,
y he visto diversas tierras;</Unicode>
            </TextEquiv>
        </TextRegion>
        <TextRegion orientation="0.0" type="paragraph" id="r_2_1" custom="readingOrder {index:1;}">
            <Coords points="905,204 1599,204 1599,2345 905,2345"/>
            <TextLine id="r_2_1l1" custom="readingOrder {index:0;}">
                <Coords points="915,255 940,255 966,255 992,256 1018,256 1043,256 1069,257 1095,257 1121,258 1146,258 1172,259 1198,259 1224,260 1249,260 1275,260 1301,260 1327,261 1327,227 1301,226 1275,226 1249,226 1224,226 1198,225 1172,225 1146,224 1121,224 1095,223 1069,223 1043,222 1018,222 992,222 966,221 940,221 915,221"/>
                <Baseline points="915,244 940,244 966,244 992,245 1018,245 1043,245 1069,246 1095,246 1121,247 1146,247 1172,248 1198,248 1224,249 1249,249 1275,249 1301,249 1327,250"/>
                <TextEquiv>
                    <Unicode>he tenido desafios,</Unicode>
                </TextEquiv>
            </TextLine>
            <TextLine id="r_2_1l2" custom="readingOrder {index:1;}">
                <Coords points="916,310 942,309 968,308 994,307 1020,307 1046,306 1072,306 1098,306 1124,306 1150,306 1177,306 1203,306 1229,307 1255,307 1281,308 1307,308 1333,309 1359,309 1385,310 1411,310 1438,311 1438,278 1411,277 1385,277 1359,276 1333,276 1307,275 1281,275 1255,274 1229,274 1203,273 1177,273 1150,273 1124,273 1098,273 1072,273 1046,273 1020,274 994,274 968,275 942,276 916,277"/>
                <Baseline points="916,299 942,298 968,297 994,296 1020,296 1046,295 1072,295 1098,295 1124,295 1150,295 1177,295 1203,295 1229,296 1255,296 1281,297 1307,297 1333,298 1359,298 1385,299 1411,299 1438,300"/>
                <TextEquiv>
                    <Unicode>y peligrosas contiendas,</Unicode>
                </TextEquiv>
            </TextLine>
            <TextLine id="r_2_1l3" custom="readingOrder {index:2;}">
                <Coords points="923,356 954,355 985,354 1016,353 1047,353 1079,353 1110,353 1141,354 1172,354 1203,354 1235,355 1266,356 1297,356 1328,356 1359,357 1391,357 1422,357 1453,357 1484,356 1515,355 1547,354 1547,321 1515,322 1484,323 1453,324 1422,324 1391,324 1359,324 1328,323 1297,323 1266,323 1235,322 1203,321 1172,321 1141,321 1110,320 1079,320 1047,320 1016,320 985,321 954,322 923,323"/>
                <Baseline points="923,345 954,344 985,343 1016,342 1047,342 1079,342 1110,342 1141,343 1172,343 1203,343 1235,344 1266,345 1297,345 1328,345 1359,346 1391,346 1422,346 1453,346 1484,345 1515,344 1547,343"/>
                <TextEquiv>
                    <Unicode>y no he encontrado ninguno</Unicode>
                </TextEquiv>
            </TextLine>
            <TextLine id="r_2_1l4" custom="readingOrder {index:3;}">
                <Coords points="923,402 954,402 985,402 1016,403 1047,403 1078,403 1109,403 1140,403 1171,403 1202,403 1233,404 1264,404 1295,404 1326,405 1357,405 1388,405 1419,406 1450,407 1481,407 1512,408 1543,409 1543,376 1512,375 1481,374 1450,374 1419,373 1388,372 1357,372 1326,372 1295,371 1264,371 1233,371 1202,370 1171,370 1140,370 1109,370 1078,370 1047,370 1016,370 985,369 954,369 923,369"/>
                <Baseline points="923,391 954,391 985,391 1016,392 1047,392 1078,392 1109,392 1140,392 1171,392 1202,392 1233,393 1264,393 1295,393 1326,394 1357,394 1388,394 1419,395 1450,396 1481,396 1512,397 1543,398"/>
                <TextEquiv>
                    <Unicode>que á mi valor no obedazca;</Unicode>
                </TextEquiv>
            </TextLine>
            <TextLine id="r_2_1l5" custom="readingOrder {index:4;}">
                <Coords points="928,449 953,450 978,450 1003,450 1028,450 1053,450 1078,450 1103,450 1128,450 1153,450 1179,450 1204,451 1229,451 1254,451 1279,452 1304,452 1329,453 1354,454 1379,454 1404,456 1430,457 1430,423 1404,422 1379,420 1354,420 1329,419 1304,418 1279,418 1254,417 1229,417 1204,417 1179,416 1153,416 1128,416 1103,416 1078,416 1053,416 1028,416 1003,416 978,416 953,416 928,415"/>
                <Baseline points="928,438 953,439 978,439 1003,439 1028,439 1053,439 1078,439 1103,439 1128,439 1153,439 1179,439 1204,440 1229,440 1254,440 1279,441 1304,441 1329,442 1354,443 1379,443 1404,445 1430,446"/>
                <TextEquiv>
                    <Unicode>ambos estamos heridos,</Unicode>
                </TextEquiv>
            </TextLine>
            <TextLine id="r_2_1l6" custom="readingOrder {index:5;}">
                <Coords points="923,497 949,497 975,498 1001,498 1027,498 1053,499 1079,499 1105,499 1131,499 1157,500 1183,500 1209,500 1235,500 1261,500 1287,501 1313,501 1339,501 1365,502 1391,502 1417,503 1444,504 1444,470 1417,469 1391,468 1365,468 1339,467 1313,467 1287,467 1261,466 1235,466 1209,466 1183,466 1157,466 1131,465 1105,465 1079,465 1053,465 1027,464 1001,464 975,464 949,463 923,463"/>
                <Baseline points="923,486 949,486 975,487 1001,487 1027,487 1053,488 1079,488 1105,488 1131,488 1157,489 1183,489 1209,489 1235,489 1261,489 1287,490 1313,490 1339,490 1365,491 1391,491 1417,492 1444,493"/>
                <TextEquiv>
                    <Unicode>dejemos esta pendencia.</Unicode>
                </TextEquiv>
            </TextLine>
            <TextLine id="r_2_1l7" custom="readingOrder {index:6;}">
                <Coords points="928,544 953,545 979,545 1005,546 1030,546 1056,546 1082,547 1107,547 1133,547 1159,547 1184,548 1210,548 1236,548 1261,549 1287,549 1313,549 1338,550 1364,550 1390,550 1390,516 1364,516 1338,516 1313,515 1287,515 1261,515 1236,514 1210,514 1184,514 1159,513 1133,513 1107,513 1082,513 1056,512 1030,512 1005,512 979,511 953,511 928,510"/>
                <Baseline points="928,533 953,534 979,534 1005,535 1030,535 1056,535 1082,536 1107,536 1133,536 1159,536 1184,537 1210,537 1236,537 1261,538 1287,538 1313,538 1338,539 1364,539 1390,539"/>
                <TextEquiv>
                    <Unicode>Y Cayetano responde:</Unicode>
                </TextEquiv>
            </TextLine>
            <TextLine id="r_2_1l8" custom="readingOrder {index:7;}">
                <Coords points="922,594 948,595 974,595 1001,596 1027,596 1054,596 1080,596 1106,597 1133,597 1159,597 1186,597 1212,597 1238,597 1265,597 1291,598 1318,598 1344,598 1370,599 1397,600 1423,601 1450,602 1450,568 1423,567 1397,566 1370,565 1344,564 1318,564 1291,564 1265,563 1238,563 1212,563 1186,563 1159,563 1133,563 1106,563 1080,562 1054,562 1027,562 1001,562 974,561 948,561 922,560"/>
                <Baseline points="922,583 948,584 974,584 1001,585 1027,585 1054,585 1080,585 1106,586 1133,586 1159,586 1186,586 1212,586 1238,586 1265,586 1291,587 1318,587 1344,587 1370,588 1397,589 1423,590 1450,591"/>
                <TextEquiv>
                    <Unicode>mi fama no lo consienta, </Unicode>
                </TextEquiv>
            </TextLine>
            <TextLine id="r_2_1l9" custom="readingOrder {index:8;}">
                <Coords points="917,647 942,646 968,645 994,644 1020,644 1046,644 1072,643 1098,643 1124,643 1150,643 1176,643 1201,644 1227,644 1253,644 1279,644 1305,645 1331,645 1357,645 1383,646 1409,646 1435,646 1435,615 1409,615 1383,615 1357,614 1331,614 1305,614 1279,613 1253,613 1227,613 1201,613 1176,612 1150,612 1124,612 1098,612 1072,612 1046,613 1020,613 994,613 968,614 942,615 917,616"/>
                <Baseline points="917,637 942,636 968,635 994,634 1020,634 1046,634 1072,633 1098,633 1124,633 1150,633 1176,633 1201,634 1227,634 1253,634 1279,634 1305,635 1331,635 1357,635 1383,636 1409,636 1435,636"/>
                <TextEquiv>
                    <Unicode>¿pues qué se dirá de mí</Unicode>
                </TextEquiv>
            </TextLine>
            <TextLine id="r_2_1l10" custom="readingOrder {index:9;}">
                <Coords points="925,691 952,691 980,691 1007,691 1035,691 1063,692 1090,692 1118,692 1146,692 1173,692 1201,692 1229,693 1256,693 1284,693 1312,693 1339,693 1367,694 1395,694 1422,694 1450,695 1478,695 1478,664 1450,664 1422,663 1395,663 1367,663 1339,662 1312,662 1284,662 1256,662 1229,662 1201,661 1173,661 1146,661 1118,661 1090,661 1063,661 1035,660 1007,660 980,660 952,660 925,660"/>
                <Baseline points="925,681 952,681 980,681 1007,681 1035,681 1063,682 1090,682 1118,682 1146,682 1173,682 1201,682 1229,683 1256,683 1284,683 1312,683 1339,683 1367,684 1395,684 1422,684 1450,685 1478,685"/>
                <TextEquiv>
                    <Unicode>en el puerto y las Galeras</Unicode>
                </TextEquiv>
            </TextLine>
            <TextLine id="r_2_1l11" custom="readingOrder {index:10;}">
                <Coords points="915,738 940,738 966,739 992,739 1018,740 1044,740 1069,740 1095,740 1121,741 1147,741 1173,741 1198,741 1224,741 1250,742 1276,742 1302,742 1327,743 1353,743 1379,744 1405,745 1431,745 1431,711 1405,711 1379,710 1353,709 1327,709 1302,708 1276,708 1250,708 1224,707 1198,707 1173,707 1147,707 1121,707 1095,706 1069,706 1044,706 1018,706 992,705 966,705 940,704 915,704"/>
                <Baseline points="915,727 940,727 966,728 992,728 1018,729 1044,729 1069,729 1095,729 1121,730 1147,730 1173,730 1198,730 1224,730 1250,731 1276,731 1302,731 1327,732 1353,732 1379,733 1405,734 1431,734"/>
                <TextEquiv>
                    <Unicode>si yo te dejo con vida.</Unicode>
                </TextEquiv>
            </TextLine>
            <TextLine id="r_2_1l12" custom="readingOrder {index:11;}">
                <Coords points="916,787 945,788 974,788 1004,788 1033,788 1063,789 1092,789 1121,789 1151,790 1180,790 1210,790 1239,791 1269,791 1298,791 1327,791 1357,792 1386,792 1416,792 1445,793 1475,793 1475,759 1445,759 1416,758 1386,758 1357,758 1327,757 1298,757 1269,757 1239,757 1210,756 1180,756 1151,756 1121,755 1092,755 1063,755 1033,754 1004,754 974,754 945,754 916,753"/>
                <Baseline points="916,776 945,777 974,777 1004,777 1033,777 1063,778 1092,778 1121,778 1151,779 1180,779 1210,779 1239,780 1269,780 1298,780 1327,780 1357,781 1386,781 1416,781 1445,782 1475,782"/>
                <TextEquiv>
                    <Unicode>habiendo muerto Cadenas?</Unicode>
                </TextEquiv>
            </TextLine>
            <TextLine id="r_2_1l13" custom="readingOrder {index:12;}">
                <Coords points="924,838 952,837 980,837 1008,837 1036,837 1064,837 1092,837 1120,837 1148,838 1176,838 1205,839 1233,839 1261,840 1289,840 1317,840 1345,841 1373,841 1401,841 1429,841 1457,841 1486,840 1486,807 1457,808 1429,808 1401,808 1373,808 1345,808 1317,807 1289,807 1261,807 1233,806 1205,806 1176,805 1148,805 1120,804 1092,804 1064,804 1036,804 1008,804 980,804 952,804 924,805"/>
                <Baseline points="924,827 952,826 980,826 1008,826 1036,826 1064,826 1092,826 1120,826 1148,827 1176,827 1205,828 1233,828 1261,829 1289,829 1317,829 1345,830 1373,830 1401,830 1429,830 1457,830 1486,829"/>
                <TextEquiv>
                    <Unicode>pues si en aquesta ocasion</Unicode>
                </TextEquiv>
            </TextLine>
            <TextLine id="r_2_1l14" custom="readingOrder {index:13;}">
                <Coords points="928,884 955,885 982,886 1009,886 1037,886 1064,887 1091,887 1119,887 1146,887 1173,887 1201,887 1228,887 1255,887 1282,888 1310,888 1337,888 1364,889 1392,889 1419,890 1446,891 1474,892 1474,859 1446,858 1419,857 1392,856 1364,856 1337,855 1310,855 1282,855 1255,854 1228,854 1201,854 1173,854 1146,854 1119,854 1091,854 1064,854 1037,853 1009,853 982,853 955,852 928,851"/>
                <Baseline points="928,873 955,874 982,875 1009,875 1037,875 1064,876 1091,876 1119,876 1146,876 1173,876 1201,876 1228,876 1255,876 1282,877 1310,877 1337,877 1364,878 1392,878 1419,879 1446,880 1474,881"/>
                <TextEquiv>
                    <Unicode>un Bernardo te volvieras, </Unicode>
                </TextEquiv>
            </TextLine>
            <TextLine id="r_2_1l15" custom="readingOrder {index:14;}">
                <Coords points="923,933 949,933 975,933 1001,934 1027,934 1053,934 1079,934 1105,935 1131,935 1157,935 1184,935 1210,936 1236,936 1262,937 1288,937 1314,937 1340,937 1366,938 1392,938 1418,938 1445,938 1445,904 1418,904 1392,904 1366,904 1340,903 1314,903 1288,903 1262,903 1236,902 1210,902 1184,901 1157,901 1131,901 1105,901 1079,900 1053,900 1027,900 1001,900 975,899 949,899 923,899"/>
                <Baseline points="923,922 949,922 975,922 1001,923 1027,923 1053,923 1079,923 1105,924 1131,924 1157,924 1184,924 1210,925 1236,925 1262,926 1288,926 1314,926 1340,926 1366,927 1392,927 1418,927 1445,927"/>
                <TextEquiv>
                    <Unicode>dos mil vidas te quitara </Unicode>
                </TextEquiv>
            </TextLine>
            <TextLine id="r_2_1l16" custom="readingOrder {index:15;}">
                <Coords points="920,980 949,981 978,982 1007,982 1037,983 1066,983 1095,983 1125,984 1154,984 1183,984 1213,985 1242,985 1271,985 1300,985 1330,985 1359,986 1388,986 1418,986 1447,986 1476,987 1506,987 1506,953 1476,953 1447,952 1418,952 1388,952 1359,952 1330,951 1300,951 1271,951 1242,951 1213,951 1183,950 1154,950 1125,950 1095,949 1066,949 1037,949 1007,948 978,948 949,947 920,946"/>
                <Baseline points="920,969 949,970 978,971 1007,971 1037,972 1066,972 1095,972 1125,973 1154,973 1183,973 1213,974 1242,974 1271,974 1300,974 1330,974 1359,975 1388,975 1418,975 1447,975 1476,976 1506,976"/>
                <TextEquiv>
                    <Unicode>con esta espada sangrienta,</Unicode>
                </TextEquiv>
            </TextLine>
            <TextLine id="r_2_1l17" custom="readingOrder {index:16;}">
                <Coords points="916,1029 946,1029 976,1029 1006,1030 1036,1030 1066,1030 1096,1031 1126,1031 1156,1031 1186,1032 1216,1032 1246,1032 1276,1033 1306,1033 1336,1033 1366,1034 1396,1034 1426,1035 1456,1036 1486,1036 1516,1037 1516,1004 1486,1003 1456,1003 1426,1002 1396,1001 1366,1001 1336,1000 1306,1000 1276,1000 1246,999 1216,999 1186,999 1156,998 1126,998 1096,998 1066,997 1036,997 1006,997 976,996 946,996 916,996"/>
                <Baseline points="916,1018 946,1018 976,1018 1006,1019 1036,1019 1066,1019 1096,1020 1126,1020 1156,1020 1186,1021 1216,1021 1246,1021 1276,1022 1306,1022 1336,1022 1366,1023 1396,1023 1426,1024 1456,1025 1486,1025 1516,1026"/>
                <TextEquiv>
                    <Unicode>Muy presto te ha de pesar, </Unicode>
                </TextEquiv>
            </TextLine>
            <TextLine id="r_2_1l18" custom="readingOrder {index:17;}">
                <Coords points="919,1079 948,1079 978,1079 1007,1079 1037,1079 1067,1079 1096,1079 1126,1080 1156,1080 1185,1080 1215,1080 1245,1081 1274,1081 1304,1081 1334,1081 1363,1082 1393,1082 1423,1082 1452,1082 1482,1082 1512,1082 1512,1049 1482,1049 1452,1049 1423,1049 1393,1049 1363,1049 1334,1048 1304,1048 1274,1048 1245,1048 1215,1047 1185,1047 1156,1047 1126,1047 1096,1046 1067,1046 1037,1046 1007,1046 978,1046 948,1046 919,1046"/>
                <Baseline points="919,1068 948,1068 978,1068 1007,1068 1037,1068 1067,1068 1096,1068 1126,1069 1156,1069 1185,1069 1215,1069 1245,1070 1274,1070 1304,1070 1334,1070 1363,1071 1393,1071 1423,1071 1452,1071 1482,1071 1512,1071"/>
                <TextEquiv>
                    <Unicode>le ha respondido Contreras;</Unicode>
                </TextEquiv>
            </TextLine>
            <TextLine id="r_2_1l19" custom="readingOrder {index:18;}">
                <Coords points="927,1125 958,1126 989,1127 1020,1127 1051,1128 1082,1128 1113,1129 1144,1129 1175,1130 1206,1130 1237,1131 1268,1131 1299,1131 1330,1131 1361,1132 1392,1132 1423,1132 1454,1132 1485,1131 1516,1131 1548,1131 1548,1098 1516,1098 1485,1098 1454,1099 1423,1099 1392,1099 1361,1099 1330,1098 1299,1098 1268,1098 1237,1098 1206,1097 1175,1097 1144,1096 1113,1096 1082,1095 1051,1095 1020,1094 989,1094 958,1093 927,1092"/>
                <Baseline points="927,1114 958,1115 989,1116 1020,1116 1051,1117 1082,1117 1113,1118 1144,1118 1175,1119 1206,1119 1237,1120 1268,1120 1299,1120 1330,1120 1361,1121 1392,1121 1423,1121 1454,1121 1485,1120 1516,1120 1548,1120"/>
                <TextEquiv>
                    <Unicode>pues te muestras tan soberbio</Unicode>
                </TextEquiv>
            </TextLine>
            <TextLine id="r_2_1l20" custom="readingOrder {index:19;}">
                <Coords points="924,1173 949,1174 975,1175 1001,1175 1027,1176 1052,1176 1078,1176 1104,1177 1130,1177 1156,1177 1181,1178 1207,1178 1233,1178 1259,1179 1284,1179 1310,1180 1336,1180 1362,1181 1388,1181 1388,1147 1362,1147 1336,1146 1310,1146 1284,1145 1259,1145 1233,1144 1207,1144 1181,1144 1156,1143 1130,1143 1104,1143 1078,1142 1052,1142 1027,1142 1001,1141 975,1141 949,1140 924,1139"/>
                <Baseline points="924,1162 949,1163 975,1164 1001,1164 1027,1165 1052,1165 1078,1165 1104,1166 1130,1166 1156,1166 1181,1167 1207,1167 1233,1167 1259,1168 1284,1168 1310,1169 1336,1169 1362,1170 1388,1170"/>
                <TextEquiv>
                    <Unicode>en volver á la pelea.</Unicode>
                </TextEquiv>
            </TextLine>
            <TextLine id="r_2_1l21" custom="readingOrder {index:20;}">
                <Coords points="930,1222 960,1223 990,1223 1020,1224 1050,1224 1081,1225 1111,1226 1141,1226 1171,1227 1201,1227 1232,1228 1262,1228 1292,1228 1322,1228 1352,1228 1383,1228 1413,1228 1443,1228 1473,1228 1503,1228 1534,1227 1534,1193 1503,1194 1473,1194 1443,1194 1413,1194 1383,1194 1352,1194 1322,1194 1292,1194 1262,1194 1232,1194 1201,1193 1171,1193 1141,1192 1111,1192 1081,1191 1050,1190 1020,1190 990,1189 960,1189 930,1188"/>
                <Baseline points="930,1211 960,1212 990,1212 1020,1213 1050,1213 1081,1214 1111,1215 1141,1215 1171,1216 1201,1216 1232,1217 1262,1217 1292,1217 1322,1217 1352,1217 1383,1217 1413,1217 1443,1217 1473,1217 1503,1217 1534,1216"/>
                <TextEquiv>
                    <Unicode>Ya otra vez toman las ármas</Unicode>
                </TextEquiv>
            </TextLine>
            <TextLine id="r_2_1l22" custom="readingOrder {index:21;}">
                <Coords points="925,1273 954,1274 984,1274 1013,1274 1043,1274 1072,1274 1102,1274 1131,1274 1161,1275 1190,1275 1220,1275 1250,1275 1279,1275 1309,1276 1338,1276 1368,1277 1397,1277 1427,1278 1456,1278 1486,1279 1516,1279 1516,1245 1486,1245 1456,1244 1427,1244 1397,1243 1368,1243 1338,1242 1309,1242 1279,1241 1250,1241 1220,1241 1190,1241 1161,1241 1131,1240 1102,1240 1072,1240 1043,1240 1013,1240 984,1240 954,1240 925,1239"/>
                <Baseline points="925,1262 954,1263 984,1263 1013,1263 1043,1263 1072,1263 1102,1263 1131,1263 1161,1264 1190,1264 1220,1264 1250,1264 1279,1264 1309,1265 1338,1265 1368,1266 1397,1266 1427,1267 1456,1267 1486,1268 1516,1268"/>
                <TextEquiv>
                    <Unicode>con tal brio y con tal fuerza,</Unicode>
                </TextEquiv>
            </TextLine>
            <TextLine id="r_2_1l23" custom="readingOrder {index:22;}">
                <Coords points="926,1323 952,1323 978,1322 1004,1322 1030,1322 1057,1322 1083,1322 1109,1322 1135,1323 1161,1323 1188,1323 1214,1324 1240,1324 1266,1324 1292,1325 1319,1325 1345,1325 1371,1325 1397,1325 1423,1324 1450,1324 1450,1290 1423,1290 1397,1291 1371,1291 1345,1291 1319,1291 1292,1291 1266,1290 1240,1290 1214,1290 1188,1289 1161,1289 1135,1289 1109,1288 1083,1288 1057,1288 1030,1288 1004,1288 978,1288 952,1289 926,1289"/>
                <Baseline points="926,1312 952,1312 978,1311 1004,1311 1030,1311 1057,1311 1083,1311 1109,1311 1135,1312 1161,1312 1188,1312 1214,1313 1240,1313 1266,1313 1292,1314 1319,1314 1345,1314 1371,1314 1397,1314 1423,1313 1450,1313"/>
                <TextEquiv>
                    <Unicode>que renovaron en breve</Unicode>
                </TextEquiv>
            </TextLine>
            <TextLine id="r_2_1l24" custom="readingOrder {index:23;}">
                <Coords points="917,1370 946,1370 976,1370 1005,1371 1035,1371 1064,1371 1094,1371 1123,1372 1153,1372 1182,1372 1212,1373 1242,1373 1271,1373 1301,1374 1330,1374 1360,1374 1389,1374 1419,1375 1448,1375 1478,1375 1508,1375 1508,1341 1478,1341 1448,1341 1419,1341 1389,1340 1360,1340 1330,1340 1301,1340 1271,1339 1242,1339 1212,1339 1182,1338 1153,1338 1123,1338 1094,1337 1064,1337 1035,1337 1005,1337 976,1336 946,1336 917,1336"/>
                <Baseline points="917,1359 946,1359 976,1359 1005,1360 1035,1360 1064,1360 1094,1360 1123,1361 1153,1361 1182,1361 1212,1362 1242,1362 1271,1362 1301,1363 1330,1363 1360,1363 1389,1363 1419,1364 1448,1364 1478,1364 1508,1364"/>
                <TextEquiv>
                    <Unicode>la batalla y tan sangrienta,</Unicode>
                </TextEquiv>
            </TextLine>
            <TextLine id="r_2_1l25" custom="readingOrder {index:24;}">
                <Coords points="925,1419 955,1419 985,1419 1015,1419 1046,1420 1076,1420 1106,1420 1137,1420 1167,1421 1197,1421 1228,1421 1258,1421 1288,1422 1318,1422 1349,1422 1379,1422 1409,1422 1440,1422 1470,1422 1500,1422 1531,1421 1531,1387 1500,1388 1470,1388 1440,1388 1409,1388 1379,1388 1349,1388 1318,1388 1288,1388 1258,1387 1228,1387 1197,1387 1167,1387 1137,1386 1106,1386 1076,1386 1046,1386 1015,1385 985,1385 955,1385 925,1385"/>
                <Baseline points="925,1408 955,1408 985,1408 1015,1408 1046,1409 1076,1409 1106,1409 1137,1409 1167,1410 1197,1410 1228,1410 1258,1410 1288,1411 1318,1411 1349,1411 1379,1411 1409,1411 1440,1411 1470,1411 1500,1411 1531,1410"/>
                <TextEquiv>
                    <Unicode>que el sol no acierta á salir</Unicode>
                </TextEquiv>
            </TextLine>
            <TextLine id="r_2_1l26" custom="readingOrder {index:25;}">
                <Coords points="918,1467 944,1467 971,1468 997,1468 1024,1468 1050,1468 1077,1468 1103,1468 1130,1468 1156,1469 1183,1469 1209,1469 1236,1469 1262,1470 1289,1470 1315,1471 1342,1472 1342,1438 1315,1437 1289,1436 1262,1436 1236,1435 1209,1435 1183,1435 1156,1435 1130,1434 1103,1434 1077,1434 1050,1434 1024,1434 997,1434 971,1434 944,1433 918,1433"/>
                <Baseline points="918,1456 944,1456 971,1457 997,1457 1024,1457 1050,1457 1077,1457 1103,1457 1130,1457 1156,1458 1183,1458 1209,1458 1236,1458 1262,1459 1289,1459 1315,1460 1342,1461"/>
                <TextEquiv>
                    <Unicode>á clarificar la tierra,</Unicode>
                </TextEquiv>
            </TextLine>
            <TextLine id="r_2_1l27" custom="readingOrder {index:26;}">
                <Coords points="921,1516 948,1516 975,1516 1003,1516 1030,1516 1058,1516 1085,1517 1113,1517 1140,1517 1168,1518 1195,1518 1222,1518 1250,1518 1277,1519 1305,1519 1332,1519 1360,1519 1387,1519 1415,1519 1442,1519 1470,1519 1470,1485 1442,1485 1415,1485 1387,1485 1360,1485 1332,1485 1305,1485 1277,1485 1250,1484 1222,1484 1195,1484 1168,1484 1140,1483 1113,1483 1085,1483 1058,1482 1030,1482 1003,1482 975,1482 948,1482 921,1482"/>
                <Baseline points="921,1505 948,1505 975,1505 1003,1505 1030,1505 1058,1505 1085,1506 1113,1506 1140,1506 1168,1507 1195,1507 1222,1507 1250,1507 1277,1508 1305,1508 1332,1508 1360,1508 1387,1508 1415,1508 1442,1508 1470,1508"/>
                <TextEquiv>
                    <Unicode>por no ver estos leones</Unicode>
                </TextEquiv>
            </TextLine>
            <TextLine id="r_2_1l28" custom="readingOrder {index:27;}">
                <Coords points="924,1564 950,1564 977,1564 1004,1564 1031,1564 1058,1565 1085,1565 1111,1565 1138,1565 1165,1566 1192,1566 1219,1566 1246,1566 1273,1567 1299,1567 1326,1567 1353,1568 1380,1568 1407,1568 1434,1569 1461,1569 1461,1535 1434,1535 1407,1534 1380,1534 1353,1534 1326,1533 1299,1533 1273,1533 1246,1532 1219,1532 1192,1532 1165,1532 1138,1531 1111,1531 1085,1531 1058,1531 1031,1530 1004,1530 977,1530 950,1530 924,1530"/>
                <Baseline points="924,1553 950,1553 977,1553 1004,1553 1031,1553 1058,1554 1085,1554 1111,1554 1138,1554 1165,1555 1192,1555 1219,1555 1246,1555 1273,1556 1299,1556 1326,1556 1353,1557 1380,1557 1407,1557 1434,1558 1461,1558"/>
                <TextEquiv>
                    <Unicode>de la suerte que pelean.</Unicode>
                </TextEquiv>
            </TextLine>
            <TextLine id="r_2_1l29" custom="readingOrder {index:28;}">
                <Coords points="926,1612 952,1612 979,1612 1006,1613 1033,1613 1060,1613 1087,1614 1113,1614 1140,1614 1167,1614 1194,1614 1221,1615 1248,1615 1275,1615 1301,1615 1328,1615 1355,1616 1382,1616 1409,1616 1436,1616 1463,1617 1463,1583 1436,1582 1409,1582 1382,1582 1355,1582 1328,1581 1301,1581 1275,1581 1248,1581 1221,1581 1194,1580 1167,1580 1140,1580 1113,1580 1087,1580 1060,1579 1033,1579 1006,1579 979,1578 952,1578 926,1578"/>
                <Baseline points="926,1601 952,1601 979,1601 1006,1602 1033,1602 1060,1602 1087,1603 1113,1603 1140,1603 1167,1603 1194,1603 1221,1604 1248,1604 1275,1604 1301,1604 1328,1604 1355,1605 1382,1605 1409,1605 1436,1605 1463,1606"/>
                <TextEquiv>
                    <Unicode>Cayetano es muy valiente,</Unicode>
                </TextEquiv>
            </TextLine>
            <TextLine id="r_2_1l30" custom="readingOrder {index:29;}">
                <Coords points="923,1660 950,1660 977,1661 1005,1661 1032,1662 1060,1662 1087,1662 1115,1662 1142,1662 1170,1662 1197,1662 1224,1662 1252,1663 1279,1663 1307,1663 1334,1663 1362,1664 1389,1664 1417,1665 1444,1666 1472,1667 1472,1633 1444,1632 1417,1631 1389,1630 1362,1630 1334,1629 1307,1629 1279,1629 1252,1629 1224,1628 1197,1628 1170,1628 1142,1628 1115,1628 1087,1628 1060,1628 1032,1628 1005,1627 977,1627 950,1626 923,1626"/>
                <Baseline points="923,1649 950,1649 977,1650 1005,1650 1032,1651 1060,1651 1087,1651 1115,1651 1142,1651 1170,1651 1197,1651 1224,1651 1252,1652 1279,1652 1307,1652 1334,1652 1362,1653 1389,1653 1417,1654 1444,1655 1472,1656"/>
                <TextEquiv>
                    <Unicode>pero le faltan las fuerzas;</Unicode>
                </TextEquiv>
            </TextLine>
            <TextLine id="r_2_1l31" custom="readingOrder {index:30;}">
                <Coords points="926,1710 953,1710 980,1710 1007,1710 1034,1710 1062,1710 1089,1710 1116,1710 1143,1710 1170,1711 1198,1711 1225,1711 1252,1711 1279,1712 1306,1712 1334,1712 1361,1713 1388,1714 1415,1714 1442,1715 1470,1716 1470,1682 1442,1681 1415,1680 1388,1680 1361,1679 1334,1678 1306,1678 1279,1678 1252,1677 1225,1677 1198,1677 1170,1677 1143,1676 1116,1676 1089,1676 1062,1676 1034,1676 1007,1676 980,1676 953,1676 926,1676"/>
                <Baseline points="926,1699 953,1699 980,1699 1007,1699 1034,1699 1062,1699 1089,1699 1116,1699 1143,1699 1170,1700 1198,1700 1225,1700 1252,1700 1279,1701 1306,1701 1334,1701 1361,1702 1388,1703 1415,1703 1442,1704 1470,1705"/>
                <TextEquiv>
                    <Unicode>que tiene cinco estocadas,</Unicode>
                </TextEquiv>
            </TextLine>
            <TextLine id="r_2_1l32" custom="readingOrder {index:31;}">
                <Coords points="922,1761 948,1760 974,1759 1000,1759 1026,1758 1052,1758 1078,1758 1104,1758 1130,1758 1156,1759 1182,1759 1208,1759 1234,1760 1260,1760 1286,1760 1312,1761 1338,1761 1364,1761 1390,1761 1416,1761 1416,1728 1390,1728 1364,1728 1338,1728 1312,1728 1286,1727 1260,1727 1234,1727 1208,1726 1182,1726 1156,1726 1130,1725 1104,1725 1078,1725 1052,1725 1026,1725 1000,1726 974,1726 948,1727 922,1728"/>
                <Baseline points="922,1750 948,1749 974,1748 1000,1748 1026,1747 1052,1747 1078,1747 1104,1747 1130,1747 1156,1748 1182,1748 1208,1748 1234,1749 1260,1749 1286,1749 1312,1750 1338,1750 1364,1750 1390,1750 1416,1750"/>
                <TextEquiv>
                    <Unicode>y cortada una muñeca:</Unicode>
                </TextEquiv>
            </TextLine>
            <TextLine id="r_2_1l33" custom="readingOrder {index:32;}">
                <Coords points="913,1806 938,1806 964,1806 990,1807 1016,1807 1042,1807 1068,1807 1094,1807 1120,1807 1146,1808 1172,1808 1198,1808 1224,1809 1250,1809 1276,1810 1302,1811 1328,1812 1354,1813 1354,1780 1328,1779 1302,1778 1276,1777 1250,1776 1224,1776 1198,1775 1172,1775 1146,1775 1120,1774 1094,1774 1068,1774 1042,1774 1016,1774 990,1774 964,1773 938,1773 913,1773"/>
                <Baseline points="913,1795 938,1795 964,1795 990,1796 1016,1796 1042,1796 1068,1796 1094,1796 1120,1796 1146,1797 1172,1797 1198,1797 1224,1798 1250,1798 1276,1799 1302,1800 1328,1801 1354,1802"/>
                <TextEquiv>
                    <Unicode>retirando pies atras,</Unicode>
                </TextEquiv>
            </TextLine>
            <TextLine id="r_2_1l34" custom="readingOrder {index:33;}">
                <Coords points="913,1853 938,1854 963,1854 988,1854 1014,1854 1039,1855 1064,1855 1090,1855 1115,1856 1140,1856 1166,1856 1191,1857 1216,1857 1241,1857 1267,1858 1292,1858 1317,1858 1343,1858 1368,1858 1393,1859 1419,1859 1419,1825 1393,1825 1368,1824 1343,1824 1317,1824 1292,1824 1267,1824 1241,1823 1216,1823 1191,1823 1166,1822 1140,1822 1115,1822 1090,1821 1064,1821 1039,1821 1014,1820 988,1820 963,1820 938,1820 913,1819"/>
                <Baseline points="913,1842 938,1843 963,1843 988,1843 1014,1843 1039,1844 1064,1844 1090,1844 1115,1845 1140,1845 1166,1845 1191,1846 1216,1846 1241,1846 1267,1847 1292,1847 1317,1847 1343,1847 1368,1847 1393,1848 1419,1848"/>
                <TextEquiv>
                    <Unicode>huyendo de la soberbia</Unicode>
                </TextEquiv>
            </TextLine>
            <TextLine id="r_2_1l35" custom="readingOrder {index:34;}">
                <Coords points="912,1902 939,1902 966,1902 993,1903 1020,1903 1047,1903 1074,1904 1101,1904 1128,1904 1155,1905 1183,1905 1210,1906 1237,1906 1264,1907 1291,1907 1318,1907 1345,1908 1372,1908 1399,1908 1426,1907 1454,1907 1454,1873 1426,1873 1399,1874 1372,1874 1345,1874 1318,1873 1291,1873 1264,1873 1237,1872 1210,1872 1183,1871 1155,1871 1128,1870 1101,1870 1074,1870 1047,1869 1020,1869 993,1869 966,1868 939,1868 912,1868"/>
                <Baseline points="912,1891 939,1891 966,1891 993,1892 1020,1892 1047,1892 1074,1893 1101,1893 1128,1893 1155,1894 1183,1894 1210,1895 1237,1895 1264,1896 1291,1896 1318,1896 1345,1897 1372,1897 1399,1897 1426,1896 1454,1896"/>
                <TextEquiv>
                    <Unicode>de Contreras, que parece</Unicode>
                </TextEquiv>
            </TextLine>
            <TextLine id="r_2_1l36" custom="readingOrder {index:35;}">
                <Coords points="915,1951 944,1951 973,1952 1003,1952 1032,1952 1061,1953 1091,1953 1120,1953 1149,1954 1179,1954 1208,1954 1237,1954 1267,1955 1296,1955 1325,1955 1355,1955 1384,1955 1413,1955 1443,1955 1472,1955 1502,1955 1502,1921 1472,1921 1443,1921 1413,1921 1384,1921 1355,1921 1325,1921 1296,1921 1267,1921 1237,1920 1208,1920 1179,1920 1149,1920 1120,1919 1091,1919 1061,1919 1032,1918 1003,1918 973,1918 944,1917 915,1917"/>
                <Baseline points="915,1940 944,1940 973,1941 1003,1941 1032,1941 1061,1942 1091,1942 1120,1942 1149,1943 1179,1943 1208,1943 1237,1943 1267,1944 1296,1944 1325,1944 1355,1944 1384,1944 1413,1944 1443,1944 1472,1944 1502,1944"/>
                <TextEquiv>
                    <Unicode>un bravo leon que sueltan</Unicode>
                </TextEquiv>
            </TextLine>
            <TextLine id="r_2_1l37" custom="readingOrder {index:36;}">
                <Coords points="912,2001 942,2001 972,2001 1002,2001 1032,2001 1062,2001 1092,2001 1122,2001 1152,2001 1182,2002 1213,2002 1243,2002 1273,2002 1303,2003 1333,2003 1363,2003 1393,2004 1423,2005 1453,2005 1483,2006 1514,2007 1514,1973 1483,1972 1453,1971 1423,1971 1393,1970 1363,1969 1333,1969 1303,1969 1273,1968 1243,1968 1213,1968 1182,1968 1152,1967 1122,1967 1092,1967 1062,1967 1032,1967 1002,1967 972,1967 942,1967 912,1967"/>
                <Baseline points="912,1990 942,1990 972,1990 1002,1990 1032,1990 1062,1990 1092,1990 1122,1990 1152,1990 1182,1991 1213,1991 1243,1991 1273,1991 1303,1992 1333,1992 1363,1992 1393,1993 1423,1994 1453,1994 1483,1995 1514,1996"/>
                <TextEquiv>
                    <Unicode>tropezó y cayó de espaldas,</Unicode>
                </TextEquiv>
            </TextLine>
            <TextLine id="r_2_1l38" custom="readingOrder {index:37;}">
                <Coords points="917,2048 943,2048 970,2049 996,2049 1023,2049 1050,2050 1076,2050 1103,2050 1130,2050 1156,2050 1183,2051 1210,2051 1236,2051 1263,2051 1290,2051 1316,2052 1343,2052 1370,2053 1396,2053 1423,2054 1450,2055 1450,2021 1423,2020 1396,2019 1370,2019 1343,2018 1316,2018 1290,2017 1263,2017 1236,2017 1210,2017 1183,2017 1156,2016 1130,2016 1103,2016 1076,2016 1050,2016 1023,2015 996,2015 970,2015 943,2014 917,2014"/>
                <Baseline points="917,2037 943,2037 970,2038 996,2038 1023,2038 1050,2039 1076,2039 1103,2039 1130,2039 1156,2039 1183,2040 1210,2040 1236,2040 1263,2040 1290,2040 1316,2041 1343,2041 1370,2042 1396,2042 1423,2043 1450,2044"/>
                <TextEquiv>
                    <Unicode>le dice de esta manera; </Unicode>
                </TextEquiv>
            </TextLine>
            <TextLine id="r_2_1l39" custom="readingOrder {index:38;}">
                <Coords points="926,2095 959,2096 992,2097 1025,2098 1058,2098 1092,2099 1125,2099 1158,2099 1191,2100 1224,2100 1258,2100 1291,2100 1324,2100 1357,2101 1390,2101 1424,2101 1457,2102 1490,2102 1523,2103 1556,2104 1590,2104 1590,2070 1556,2070 1523,2069 1490,2068 1457,2068 1424,2067 1390,2067 1357,2067 1324,2066 1291,2066 1258,2066 1224,2066 1191,2066 1158,2065 1125,2065 1092,2065 1058,2064 1025,2064 992,2063 959,2062 926,2061"/>
                <Baseline points="926,2084 959,2085 992,2086 1025,2087 1058,2087 1092,2088 1125,2088 1158,2088 1191,2089 1224,2089 1258,2089 1291,2089 1324,2089 1357,2090 1390,2090 1424,2090 1457,2091 1490,2091 1523,2092 1556,2093 1590,2093"/>
                <TextEquiv>
                    <Unicode>pues que con la paz me rogaste,</Unicode>
                </TextEquiv>
            </TextLine>
            <TextLine id="r_2_1l40" custom="readingOrder {index:39;}">
                <Coords points="920,2146 947,2146 974,2146 1001,2146 1029,2146 1056,2147 1083,2147 1111,2147 1138,2147 1165,2147 1193,2148 1220,2148 1247,2148 1274,2148 1302,2148 1329,2149 1356,2149 1384,2149 1411,2150 1438,2150 1466,2150 1466,2116 1438,2116 1411,2116 1384,2115 1356,2115 1329,2115 1302,2114 1274,2114 1247,2114 1220,2114 1193,2114 1165,2113 1138,2113 1111,2113 1083,2113 1056,2113 1029,2112 1001,2112 974,2112 947,2112 920,2112"/>
                <Baseline points="920,2135 947,2135 974,2135 1001,2135 1029,2135 1056,2136 1083,2136 1111,2136 1138,2136 1165,2136 1193,2137 1220,2137 1247,2137 1274,2137 1302,2137 1329,2138 1356,2138 1384,2138 1411,2139 1438,2139 1466,2139"/>
                <TextEquiv>
                    <Unicode>razon es que te obedezca,</Unicode>
                </TextEquiv>
            </TextLine>
            <TextLine id="r_2_1l41" custom="readingOrder {index:40;}">
                <Coords points="923,2193 952,2194 981,2194 1010,2195 1039,2195 1068,2195 1097,2196 1126,2196 1155,2196 1184,2197 1214,2197 1243,2197 1272,2197 1301,2198 1330,2198 1359,2198 1388,2198 1417,2198 1446,2198 1475,2198 1505,2199 1505,2165 1475,2164 1446,2164 1417,2164 1388,2164 1359,2164 1330,2164 1301,2164 1272,2163 1243,2163 1214,2163 1184,2163 1155,2162 1126,2162 1097,2162 1068,2161 1039,2161 1010,2161 981,2160 952,2160 923,2159"/>
                <Baseline points="923,2182 952,2183 981,2183 1010,2184 1039,2184 1068,2184 1097,2185 1126,2185 1155,2185 1184,2186 1214,2186 1243,2186 1272,2186 1301,2187 1330,2187 1359,2187 1388,2187 1417,2187 1446,2187 1475,2187 1505,2188"/>
                <TextEquiv>
                    <Unicode>Ya no es tiempo, respondió</Unicode>
                </TextEquiv>
            </TextLine>
            <TextLine id="r_2_1l42" custom="readingOrder {index:41;}">
                <Coords points="923,2243 950,2243 978,2243 1006,2244 1034,2244 1062,2244 1090,2244 1117,2244 1145,2245 1173,2245 1201,2245 1229,2245 1257,2246 1285,2246 1312,2246 1340,2247 1368,2247 1396,2247 1424,2248 1452,2248 1480,2249 1480,2215 1452,2214 1424,2214 1396,2213 1368,2213 1340,2213 1312,2212 1285,2212 1257,2212 1229,2211 1201,2211 1173,2211 1145,2211 1117,2210 1090,2210 1062,2210 1034,2210 1006,2210 978,2209 950,2209 923,2209"/>
                <Baseline points="923,2232 950,2232 978,2232 1006,2233 1034,2233 1062,2233 1090,2233 1117,2233 1145,2234 1173,2234 1201,2234 1229,2234 1257,2235 1285,2235 1312,2235 1340,2236 1368,2236 1396,2236 1424,2237 1452,2237 1480,2238"/>
                <TextEquiv>
                    <Unicode>muy encendido Contreras;</Unicode>
                </TextEquiv>
            </TextLine>
            <TextLine id="r_2_1l43" custom="readingOrder {index:42;}">
                <Coords points="924,2290 949,2291 974,2291 1000,2291 1025,2292 1051,2292 1076,2293 1102,2294 1127,2294 1153,2294 1178,2295 1203,2295 1229,2295 1254,2295 1280,2296 1305,2296 1331,2296 1356,2296 1382,2295 1382,2261 1356,2262 1331,2262 1305,2262 1280,2262 1254,2261 1229,2261 1203,2261 1178,2261 1153,2260 1127,2260 1102,2260 1076,2259 1051,2258 1025,2258 1000,2257 974,2257 949,2257 924,2256"/>
                <Baseline points="924,2279 949,2280 974,2280 1000,2280 1025,2281 1051,2281 1076,2282 1102,2283 1127,2283 1153,2283 1178,2284 1203,2284 1229,2284 1254,2284 1280,2285 1305,2285 1331,2285 1356,2285 1382,2284"/>
                <TextEquiv>
                    <Unicode>y con fuerza rabiosa</Unicode>
                </TextEquiv>
            </TextLine>
            <TextLine id="r_2_1l44" custom="readingOrder {index:43;}">
                <Coords points="913,2339 941,2341 969,2341 997,2342 1025,2343 1053,2343 1081,2344 1110,2344 1138,2344 1166,2344 1194,2344 1222,2344 1250,2344 1278,2344 1307,2345 1335,2345 1363,2345 1391,2346 1419,2346 1447,2347 1476,2348 1476,2314 1447,2313 1419,2312 1391,2312 1363,2311 1335,2311 1307,2311 1278,2310 1250,2310 1222,2310 1194,2310 1166,2310 1138,2310 1110,2310 1081,2310 1053,2309 1025,2309 997,2308 969,2307 941,2307 913,2305"/>
                <Baseline points="913,2328 941,2330 969,2330 997,2331 1025,2332 1053,2332 1081,2333 1110,2333 1138,2333 1166,2333 1194,2333 1222,2333 1250,2333 1278,2333 1307,2334 1335,2334 1363,2334 1391,2335 1419,2335 1447,2336 1476,2337"/>
                <TextEquiv>
                    <Unicode>le dió la muerte violenta.</Unicode>
                </TextEquiv>
            </TextLine>
            <TextEquiv>
                <Unicode>he tenido desafios,
y peligrosas contiendas,
y no he encontrado ninguno
que á mi valor no obedazca;
ambos estamos heridos,
dejemos esta pendencia.
Y Cayetano responde:
mi fama no lo consienta, 
¿pues qué se dirá de mí
en el puerto y las Galeras
si yo te dejo con vida.
habiendo muerto Cadenas?
pues si en aquesta ocasion
un Bernardo te volvieras, 
dos mil vidas te quitara 
con esta espada sangrienta,
Muy presto te ha de pesar, 
le ha respondido Contreras;
pues te muestras tan soberbio
en volver á la pelea.
Ya otra vez toman las ármas
con tal brio y con tal fuerza,
que renovaron en breve
la batalla y tan sangrienta,
que el sol no acierta á salir
á clarificar la tierra,
por no ver estos leones
de la suerte que pelean.
Cayetano es muy valiente,
pero le faltan las fuerzas;
que tiene cinco estocadas,
y cortada una muñeca:
retirando pies atras,
huyendo de la soberbia
de Contreras, que parece
un bravo leon que sueltan
tropezó y cayó de espaldas,
le dice de esta manera; 
pues que con la paz me rogaste,
razon es que te obedezca,
Ya no es tiempo, respondió
muy encendido Contreras;
y con fuerza rabiosa
le dió la muerte violenta.</Unicode>
            </TextEquiv>
        </TextRegion>
    </Page>
</PcGts>
