1765 2512
157 222 661 257 Y de que se vido solo,
159 273 685 309 y la noche que le cerca,
158 320 744 353 tendiendo su negro manto,
159 367 715 402 á la ciudad dió la vuelta.
160 415 740 450 Se fué á casa de la dama,
165 465 701 503 y la dice de esta manera:
169 514 719 547 traidora, pues fuiste causa
166 561 744 596 de estas desgracias, la pena
161 610 704 645 has de pagar con tu vida
171 658 733 694 para que escarmiento sea.
162 707 744 742 La arrastra de los cabellos,
168 757 599 794 y la cortó la cabeza
160 804 730 838 revolcándose en su sangre,
169 851 744 886 de allí se ha ido y la deja;
167 900 782 936 va á un convento á retirarse,
171 948 735 986 y un hermano de Cadenas
171 998 680 1034 juró de tomar venganza:
171 1046 740 1081 y haciendo las diligencias,
165 1094 772 1130 supo en que parage estaba;
167 1142 699 1184 y rondando con cautela
170 1192 681 1232 y con dañada intencion,
176 1242 798 1274 viéndole entrar en la iglesia,
177 1287 646 1325 le tiró un carabinazo,
178 1335 722 1372 cavó boca abajo en tierra;
179 1384 697 1420 pidiendo está confesion:
170 1433 730 1468 fué en valde su diligencia.
167 1481 687 1519 El delincuente se huyó;
171 1530 687 1571 pero poco le aprovecha,
176 1579 718 1617 que lo cercan y lo cogen,
177 1627 730 1663 y á la cárcel se lo llevan.
175 1676 713 1711 Dieron cuenta al general;
173 1724 685 1768 y manda su escelencia
178 1774 755 1810 que lo lleven y lo amarren
176 1823 712 1859 á cuatro fuertes Galeras,
890 220 1438 257 sus carnes le despedasen,
886 269 1472 306 para que escarmiento tenga.
882 317 1412 354 Ya le sacan de la cárcel,
884 365 1378 400 lo llevan á las Galeras:
896 412 1460 450 todas cuatro estan en cruz,
891 460 1449 499 lo amarran con violencia,
887 510 1463 552 y á la voz de un ronco pito
893 558 1359 595 alzan áncoras y velas,
891 605 1489 643 conque quedó aquel cadaver
892 654 1456 693 dividido en cuatro piezas.
900 702 1484 740 Dios les perdone sus almas,
899 750 1493 792 y nos perdone las nuestras,
900 799 1551 837 cuando de este mundo vayamos
889 848 1379 887 á gozar la vida eterna;
897 896 1397 939 y nos libre de mugeres,
901 944 1525 985 porque estas todo lo enredan,
907 992 1507 1032 que no hay desdicha ninguna
905 1041 1485 1079 que por mugeres no venga.
901 1089 1389 1128 Alerta, alerta mugeres,
903 1138 1439 1176 disponeos á la enmienda,
896 1185 1507 1225 que una muger fué la causa
907 1235 1437 1274 que su galan se perdiera,
905 1285 1353 1329 y juntamente con el
900 1332 1581 1370 cuatro hombres denobles prendas.
897 1379 1413 1421 Escarmentad valentones,
897 1428 1448 1467 no vivais á rienda suelta,
899 1476 1447 1515 no mireis á las mugeres,
903 1525 1440 1564 que es engañosa culebra,
913 1572 1453 1614 que con su veneno mata
907 1621 1389 1661 aquesta frágil materia;
909 1670 1381 1717 y así tememos á Dios
911 1718 1517 1759 y á la Virgen madre nuestra,
911 1766 1511 1808 porque despues de esta vida
915 1816 1463 1856 gocemos su gloria eterna.
809 1965 975 2117 FIN.
693 2250 1093 2291 CARMONA:—1855.
307 2299 1479 2342 Inprenta de D. José María Moreno, Descalzas, núm. 1.
