1765 2512
143 203 573 243 Vivia en esta ciudad
143 253 706 295 una dama hermosa y bella,
140 303 648 344 espejo de lá hermosura,
144 350 726 393 con quien trataba Cadenas;
139 398 577 437 solicitábala á tiempo
147 448 700 486 que de España las Galeras
148 494 708 538 llegan á sus fuertes muros,
142 542 702 586 donde saltaron en tierra,
140 592 710 633 soldados bravos mancebos:
143 640 666 680 respetados donde quiera
150 688 688 731 entre ellos Alfoso Tellez,
142 738 720 778 y el dicho Diego Contreras,
143 787 605 825 paseando alegremente
143 835 696 876 de Barcelona las puertas,
141 880 718 925 vieron esta hermosa dama,
150 930 712 973 y sabiendo es de Cadenas,
147 979 635 1019 bien pudieran escusarlo
143 1030 617 1066 y no meterse con ella.
148 1077 742 1114 Alfonso, con mil requiebros
144 1122 740 1165 ha empezado á enternecerla;
144 1171 696 1213 la dama con gran despejo
146 1221 722 1262 le ha dicho de esta manera;
148 1267 632 1309 váyase muy enhoramala
136 1316 650 1358 á pretender á su tierra,
141 1367 639 1405 y no venga á enamorar
142 1414 654 1456 las damas barcelonesas
144 1461 664 1503 mire que no ha de faltar
143 1510 690 1552 quien le rompa la cabeza.
140 1558 692 1603 Alfonso de esto enfadado,
151 1608 662 1651 con una risa compuesta,
139 1657 592 1694 alzó la mano y la dió
140 1705 660 1744 un bofeton á la hembra
143 1755 618 1793 que la deshizo la cara,
142 1803 684 1844 la boca dientes y muelas,
144 1851 634 1890 en sangre se las bañó,
148 1898 696 1939 diciendo, dile á Cadenas,
152 1949 752 1987 que salga á tomar venganza,
143 1996 770 2035 que Alfonso Tellez le espera.
141 2044 590 2083 Se salieron paseando
143 2093 774 2135 muy poco á poco y sin pena,
138 2140 670 2181 al tiempo que Cayetano
145 2189 688 2231 llegó con Pedro Cadenas
144 2237 656 2278 á la puerta de su dama:
152 2286 668 2328 viéndola de esta manera,
868 211 1362 248 dice: ¿quién es el aleve
874 260 1446 299 que ha ofendido tu belleza,
866 307 1428 343 sabiendo que yo estoy vivo
861 357 1443 393 y que corres de mi cuenta?
868 405 1352 439 que le quitaré la vida
876 451 1450 488 con esta espada sangrienta.
864 500 1392 537 Muy llorosa le responde:
870 549 1392 588 no serás Pedro Cadenas,
867 597 1374 632 respetado en Barcelona
870 645 1502 684 si aquesta infamia no vengas,
865 693 1382 729 cortas la atrevida mano
867 742 1413 780 y la traes á mi presencia;
871 791 1553 827 pues de esta suerte me han puesto
874 837 1372 876 dos soldados de Galera:
872 887 1407 926 el uno es Alfonso Tellez,
870 937 1370 971 y me dijo que salieras.
872 983 1446 1021 De que oyen estas razones:
870 1031 1448 1070 como dos serpientes fieras,
872 1079 1471 1117 van á buscar sus contrarios
864 1128 1384 1165 por calles y callejuelas:
871 1178 1456 1213 junto á la puerta del Angel
868 1225 1524 1262 con ambos á dos se encuentran.
871 1272 1358 1310 Cayetano que los vido
868 1320 1430 1364 echó mano á la siniestra,
867 1372 1319 1408 y Pedro le detenia,
870 1419 1348 1457 diciedo: vamos afuera,
874 1465 1364 1503 adonde no haya socorro
876 1515 1428 1554 sino que del cielo venga.
868 1563 1362 1599 Se salen de la ciudad
871 1612 1424 1649 poca mas de media legua
876 1661 1368 1698 por un escusado sitio.
880 1707 1386 1750 Volvió la cara Cadenas,
875 1758 1429 1796 y en altas voces ha dicho;
868 1805 1486 1845 aqui ha de ser la pendencia,
869 1854 1388 1892 donde seais sepultados,
869 1904 1408 1942 y yo vengaré mi ofensa,
870 1951 1438 1989 Meten mano á las espadas
876 2000 1402 2039 con tal ira y saña fiera,
881 2050 1314 2085 que Cayetano Garcia
875 2096 1456 2137 cerró con Diego Contreras;
876 2147 1368 2183 y Alfonso Tellez cerró,
872 2194 1450 2230 con su contrario Cadenas.
876 2241 1440 2279 Como son los agraviados
874 2291 1428 2329 se tiraban muy de veras,
