1737 2508
1234 121 1508 274 (Número 180.)
237 795 1573 962 EL CORTANTE DE CADIZ.
182 972 1613 1041 ROMANCE EN QUE SE DECLARA LA FELIZ
183 1042 1616 1111 fortuna que tuvo un hijo de un Cortante de la
184 1112 1612 1182 ciudad de Cadiz, llevándoselo preso un Mercader
184 1185 1604 1254 á las Indias: dáse cuenta como volvió á España,
198 1257 1610 1323 y se casó con la hija del Mercader que fue causa
255 1325 1537 1395 de su desgracia, siendolo tambien de su
379 1398 1414 1463 dicha y prosperidad; como mas
495 1470 1276 1532 largamente verá el lector.
655 1596 1118 1661 PRIMERA PARTE.
224 1728 773 1772 O Gran Dios de la verdad,
177 1776 716 1820 Criador de tierra y cielo,
185 1826 721 1868 Monarca amoroso y justo,
176 1874 734 1917 Dios piadoso y Rey exelso!
177 1921 695 1965 Son tus secretos, Señor,
180 1972 690 2012 tan altos y tan supremos,
181 2019 826 2062 que aun vuestra querida Madre
189 2069 742 2108 jamás pudo comprenderlos
186 2117 810 2159 pues vos sois solo el que sabe
180 2166 742 2210 con un saber tan inmenso,
909 1737 1394 1777 fin y principio de todo
907 1785 1546 1831 comprendiendo todos tiempos,
913 1833 1506 1878 como lo afirma esta historia,
915 1883 1510 1928 que podrá servir de ejempo,
906 1930 1542 1976 lo cual sucedio á un Cortante,
905 1978 1448 2020 y es como aqui lo refiero.
909 2027 1502 2073 En la gran Ciudad de Cádiz,
918 2076 1445 2122 de España famoso puerto,
912 2126 1380 2167 habitaba un Mercader,
909 2175 1514 2220 de mucha hacienda y dinero,
