1664 2472
229 177 286 218 6
140 240 668 277 y asi la licencia os pido
143 290 708 326 para partirme á mi patria.
138 337 623 377 Como si fuera su hijo,
137 386 578 421 un navio le cargaba
144 434 630 471 de mercancias y gente,
143 483 714 520 que fueran en su compaña.
142 530 684 571 Dióle una cadena de oro,
135 581 717 618 para que de él se acordara,
138 629 720 666 con otras joyas de precio
144 676 769 714 tambien le entregó una carta
140 725 724 765 pará un Mercader de Cadiz.
144 773 682 812 Le dijo que si no hallaba
136 822 728 860 padre ó madre, se velviese
139 871 694 910 á las Indias sin tardanza.
144 918 652 960 Y él le dijo: padre mio,
139 971 663 1006 por la Trinidad Sagrada
135 1018 700 1057 le ruego que me perdone;
140 1067 706 1104 y arrodillado á sus plantas
140 1115 688 1154 le besó humilde la mano,
148 1162 676 1200 de todo dandole gracias.
144 1209 680 1252 Hechos sus ojos raudales,
140 1260 660 1299 por despedida le abraza,
148 1309 728 1350 diciendo el cielo te guarde,
138 1356 682 1396 á Dios, Pepe de mi alma.
136 1406 648 1445 Engolfóse mar adentro,
148 1454 659 1493 caminando con bonanza,
148 1503 662 1541 pero tuvieron un susto,
141 1552 728 1589 que un Domingo de mañana
137 1600 643 1637 se vieron cuatro navios
135 1649 816 1688 dé Moros que á corso andaban,
141 1698 601 1736 y apresaron el navío,
136 1746 656 1784 sin que defensa bastára.
141 1795 678 1834 El Capitan de los Moros,
148 1843 688 1883 que los cuatro gobernaba,
147 1892 684 1932 le díjo, dime, Cristiano,
139 1940 656 1978 á donde iba tu jornada.
148 1988 688 2025 Y el Cristino le responde:
149 2039 695 2076 para las costas de España
141 2087 577 2124 era, Señor, el viaje.
144 2134 707 2172 De quien es riqueza tanta?
139 2183 695 2223 Mira, gran señor, le dice:
135 2235 636 2273 y el suceso le contaba,
878 243 1354 282 y por mas sastifacerle,
874 290 1360 326 los papeles le mostraba
874 338 1390 379 en prueba de la verdad.
868 385 1452 428 El Moro, que atento estaba,
868 434 1460 475 tomó el papel en las manos:
870 482 1410 524 vueltos sus ojos en agua
876 532 1392 574 al mirar aquellas lineas,
872 581 1399 623 mil parabienes le daba,
874 631 1290 667 abrasandole gozoso,
875 679 1423 718 y diciendo estas palabras:
876 729 1376 766 conocí bien á tu padre,
873 777 1395 814 y á tu madre muy amada;
875 826 1393 863 por ti se vé mi persona
869 874 1480 911 en el triunfo que en se halla;
874 923 1400 961 y asi no te dé cuidado,
868 972 1420 1009 ni tengas temor de nada,
869 1019 1342 1058 que yo te acompañaré
871 1068 1358 1105 á esa ciudad afamada
874 1116 1416 1155 de Cadiz, donde naciste,
875 1166 1435 1203 que es justo te satisfaga,
877 1215 1462 1250 pues has de saber que yo
871 1263 1474 1299 fui el esclavo que en la playa
871 1311 1361 1348 de Cadiz te dejó vivo,
873 1358 1433 1397 entonces pues le contaba
869 1409 1420 1445 todo el caso por estenso;
873 1458 1419 1494 y haciendole retaguardia,
867 1504 1440 1542 hasta la Ciudad de Cadiz
867 1552 1503 1590 lo comboyó con su escuadra.
870 1602 1458 1639 Llegaron al puerto alegres,
875 1653 1413 1689 y una bandera levantan,
872 1701 1450 1740 disparando algunas piezas,
875 1750 1351 1787 y la novedad llamaba
867 1799 1388 1832 á todos los Mercaderes,
871 1844 1405 1881 discurriendo que llegaba
879 1891 1429 1931 el Mercader de las Indias
877 1942 1491 1980 que aguardándole ya estaban.
879 1992 1293 2028 Salieron á recibirle,
879 2039 1383 2077 y luego entregó la carta
874 2089 1414 2126 al mismo para quien era,
873 2139 1289 2176 y leida, les declara,
873 2187 1463 2222 que era este el hijo propio
875 2235 1497 2271 del Mercader que aguardaban,
