1680 2400
266 177 298 211 4
171 226 638 265 José, y asi se llamaba
165 275 751 313 oh Dios que raro secreto!
170 323 658 363 Con cariño lo criaron,
166 371 774 411 cual si fuera hijo, y viendo
163 419 629 458 su buena disposicion
163 466 813 506 cuando fue en edad creciendo
164 515 678 554 le inclinaron al estudio,
171 564 793 604 y aprovechó en breve tiempo,
165 613 678 651 siendo cortés y bizarro,
171 661 809 701 y aplaudido en todo el pueblo.
166 709 732 750 Llegó á tener veinte años,
169 758 779 798 y al Mercader á este tiempo
167 806 598 848 ofreciósele un viajé,
172 855 636 896 y á Pepe le dijo esto;
168 903 672 946 hijo, cuida de mi casa,
170 954 792 993 pues de ella te quedas dueño,
176 1000 764 1041 cuida tambien de tu madre,
176 1049 846 1089 y á tu hermano te encomiendo,
174 1099 756 1138 que esté bien adoctrinado:
177 1147 709 1185 dale buenos documentos
180 1195 772 1238 que yo me voy á un viaje,
172 1243 760 1284 no se cuando nos veremos.
170 1291 678 1332 Despidieronse llorando,
167 1339 758 1381 hizo salva, y se partieron.
166 1388 744 1430 El mozo se quedó en casa,
170 1437 738 1478 y estando un dia leyendo,
170 1485 828 1526 reprendió á su hermano; y este
169 1535 795 1573 les respondió muy soberbio
177 1583 795 1624 con palabras descompuestas:
170 1631 748 1675 y viendo su atrevimiento,
178 1681 716 1722 porque miedo le tuviera,
172 1732 661 1768 y le guardase respeto,
177 1780 677 1816 alzó la mano, y le dió
896 229 1459 267 un bofeton porque atento
891 281 1381 318 y no osado se criase;
893 329 1493 363 y él entonces fue corriendo
892 375 1452 415 á contarcelo á su madre,
892 424 1514 461 que estaba en otro aposento.
902 470 1445 507 Dijole como su hermano
891 520 1468 559 le maltrató; y sin acuerdo
892 568 1406 604 al ver llorar á su hijo,
896 617 1476 657 hecha una vivora ardiendo
902 664 1444 706 salió, y á pocas palabras,
892 714 1412 754 falta ya de sufrimiento,
893 763 1500 798 le dijo que era un bastardo.
898 808 1508 848 Y él con grande sentimiento
900 858 1488 897 de ver que asi le trataban,
900 907 1466 948 tanto discurrió sobre ello,
902 956 1466 994 que no comia de tristeza,
899 1003 1404 1041 ni dormia con sosiego
896 1053 1438 1092 ni trataba á sus amigos,
895 1101 1344 1140 ni se salia á paseo,
898 1148 1524 1188 siempre metido en su cuarto,
903 1196 1454 1237 varios discursos haciendo,
904 1246 1350 1285 hasta poder penetrar,
897 1293 1426 1331 como fue su nacimiento.
897 1342 1497 1381 Y hasta que vino su padre
904 1390 1394 1430 de nadie pudo saberlo,
896 1441 1468 1478 como en la segunda parte
900 1488 1332 1526 referiré por estenso;
902 1540 1476 1575 y como volvió á su patria,
902 1588 1480 1623 los lanoes que acaecieron
904 1634 1456 1676 en el viage hasta España,
897 1685 1377 1722 y su buen recibiento,
904 1732 1418 1769 hasta casar con la niña
912 1783 1373 1820 que ya referida dejo.
562 1840 1199 1996 FIN DE LA PRIMERA PARTE.
