1737 2508
1511 77 1535 229 7
226 211 624 246 y mercáncias traia,
223 259 749 298 pues su padre le enviaba;
231 307 704 345 dándole la enorabuena,
227 356 711 392 todos se congratulaban.
219 404 778 442 Habiendo saltado en tierra,
223 453 724 490 á pocos dias que estaba,
224 502 716 538 donde vivia el Cortante
235 551 733 590 procuró saber con maña;
227 600 737 639 y yendo con sus criados,
225 649 752 685 con dinero, les mandaba,
226 698 836 735 que en aquella casa entrasen,
233 745 719 785 y qué alli se lo dejaran.
231 792 744 831 Salió corriendo su padre,
225 842 825 879 sin saber con quien hablaba,
232 891 712 928 le dijo, señor, quisiera,
229 940 738 976 que de su merced sacara
238 988 708 1025 el dinero que no gusto
240 1037 743 1073 tener ni guardar en casa
235 1086 752 1121 moneda alguna de nadie,
237 1134 761 1169 y menos sin saber cuanta
228 1182 756 1217 me entregan como podré
239 1232 692 1268 otra vez al entregarla,
235 1280 669 1315 dar una cabal salida?
233 1328 686 1364 El le dijo que callara,
238 1377 724 1414 y en su casa la tuviese,
242 1424 890 1460 que mas bien guardada estaba
233 1473 873 1510 que si el mismo la guardase;
236 1522 770 1558 asi consiguió la entrada
235 1569 762 1608 en la casa de su padre,
240 1618 757 1654 y ya todos murmuraban
237 1667 745 1705 en saraos y banquetes,
239 1717 919 1750 que en casa el Cortante entraba
240 1763 800 1801 el Mercader de las Indias,
235 1812 763 1848 mas no sabian la causa.
238 1860 812 1896 Temieron que pretendiera
240 1909 857 1945 el Mercader á una hermana
238 1958 792 1994 suya é hija del Cortante,
235 2006 866 2043 que era en estremo bizarra.
234 2054 756 2091 Dabale mil documentos,
238 2104 884 2140 y el Mercader que fue causa
238 2153 746 2190 de su variable fortuna,
241 2201 792 2238 un dia con mesa franca
945 204 1460 241 le convidó y aceptando,
960 252 1532 289 con esplendida abundoncia
952 300 1446 337 le sirvieron á la mesa
953 350 1486 388 mil primores de viandas.
960 397 1404 433 Y sobre mesa le dijo
957 447 1481 483 con alhagueñas palabras:
959 497 1536 535 me admiro mucho, Señor,
951 546 1562 580 que su aficion puesto halla,
959 593 1634 632 y tan firme, en quien en sangre,
951 642 1535 677 ni en la calidad le iguala,
963 690 1584 729 pues es hija de un Cortante,
962 738 1546 775 por mas que sea agraciada.
955 787 1574 825 A trueque de que la olvide,
962 835 1532 871 contento y de buena gana
957 883 1396 920 le daria por esposa
960 933 1474 971 á mi querida Bernarda,
965 982 1635 1019 que estimo mas que á mi vida.
956 1030 1438 1066 Admirado se quedaba,
963 1079 1576 1115 pues no esperaba otra cosa
960 1127 1495 1165 y repondió sin tardanza
962 1176 1476 1211 por dichoso me tendria
963 1224 1469 1260 logrando ventura tanta.
961 1273 1491 1313 Conformaronse gustosos,
961 1323 1437 1357 con solo esta palabra,
957 1371 1512 1406 se previnieron las bodas;
969 1418 1580 1456 y antes que el dia llegara,
961 1467 1424 1503 le dijo el yerno: señor,
969 1516 1519 1552 quísiera que me otorgara
970 1565 1460 1600 una peticion que pido,
969 1614 1651 1649 y es, señor de que á la uzanza
963 1661 1482 1697 de las indias orientales
963 1711 1510 1747 las bodas se celebraran.
965 1758 1507 1795 En quo manera (le dijo)
965 1808 1610 1844 son las bodas? Y él contaba
965 1856 1576 1892 como á todos los vecinos
967 1906 1497 1941 mas cercanos á la casa
972 1954 1506 1989 donde habitaba la novia
965 2003 1506 2039 al convite los llamaban.
974 2052 1536 2087 Por no disgustar al yerno
970 2100 1550 2135 vino bien en la demanda.
975 2149 1546 2185 Cien mil ducados en dote
961 2198 1432 2237 á su hija le señala,
