1612 2444
1492 71 1506 221 3
191 197 785 233 con quien la niña se alegra.
191 246 654 283 entrenida con juegos.
198 293 654 329 Aquí vino á reventar
195 342 762 378 la colera que en su pecho
196 391 632 429 tenia reconsentrada,
199 437 749 474 y asi con dañado intento
195 486 818 527 llamando aparte á un esclavo,
200 534 782 575 le dijo: sabrás que quiero,
200 582 706 620 Mostafá que te libertes,
204 632 756 672 y tambien tu compañero,
206 680 750 720 como egecutes un lance,
199 729 787 767 pero ha de ser con secreto.
201 776 856 816 Y es, que saqueis esta tarde;,
201 826 775 863 y echeis al profundo seno
199 874 856 912 del mar, del Cortante el niño,
205 922 778 961 y si lo haceis, os prometo
209 970 753 1010 poneros dentro de Argel
206 1018 676 1057 á costa de mi dinero,
201 1066 856 1106 y advertid que importa mucho.
199 1116 838 1156 Los esclavos que esto oyéron,
205 1167 663 1203 por lograr la libertad
198 1213 804 1254 á casa del Cortante fueron;
199 1260 730 1301 como otras veces solian,
208 1312 806 1349 y asi que ocasion tuvieron.
199 1359 694 1397 al tierno niño sacaron
203 1407 788 1448 á orillas del mar soberbio,
199 1455 753 1495 y al arrojarle á las aguas
201 1504 784 1544 los dos se compadecieron;
209 1553 688 1591 dejaronle á las orillas
201 1602 799 1640 sin matarle, y se volvieron
207 1651 715 1689 á la ciudad al instante.
203 1700 815 1737 Las puertas cerraron presto
208 1750 710 1787 de la bahia, y el niño,
208 1797 864 1834 quedó en la arena durmiendo.
205 1846 674 1885 Al cabo de poco rato,
208 1896 776 1936 despertando ya del sueño,
210 1945 746 1980 comenzó á llorar el niño,
212 1992 828 2029 y un Mercader á este tiempo,
201 2041 852 2078 de las Indias, que esperaban
205 2089 733 2125 tener favorable el viento
214 2138 776 2174 para marchar á su patria,
205 2187 815 2228 y oyó los tiernos lamentos,
931 196 1456 233 mandó sacasen la lancha,
927 245 1514 283 para ver lo que era aquello.
925 291 1429 331 Vieron el hermoso niño,
935 342 1427 381 piadosos lo recogieron,
922 391 1410 427 y al navio lo llevaron,
925 440 1484 475 donde el Mercader atento
923 488 1432 525 le recibió, y con cariño
921 536 1607 573 en sus brazos se lo han puesto,
927 584 1436 620 diciendole con ternura:
930 632 1512 669 de quien serás, niño bello?
927 682 1471 717 qué corazon tan ingrato
925 729 1476 769 tam impío y tan protervo,
931 778 1436 814 aquí ha podido dejarte
923 827 1484 864 á mil desdichas espuesto?
926 876 1457 912 A las dos de la mañana
924 924 1448 962 tubo favorable el viento,
936 972 1442 1010 tiró una pieza de leva,
934 1021 1439 1056 y asi el navio moviendo
936 1068 1406 1105 se llevaron al infante
927 1117 1458 1154 con alegria y contento.
940 1168 1539 1205 Quien llegara á comtemplar
928 1215 1438 1252 el dolor y sentimiento,
931 1264 1476 1300 la angustia, pena y fatiga
930 1312 1496 1349 que aquella noche tubieron
936 1360 1434 1397 los padres del angelito,
938 1410 1584 1445 sin saber si es vivo ó muerto?
929 1455 1462 1496 Siguieron pues su viage,
933 1504 1480 1544 y al niño lo mantuvieron
933 1553 1494 1593 hasta llegar á las Indias,
936 1601 1543 1641 dándole vizcochos y huevos.
936 1651 1436 1688 Apenas llegó á su casa
932 1698 1441 1737 el Mercader, le salieron
933 1748 1402 1784 á recibir sus amigos
933 1799 1550 1835 y tambien todos sus deudos,
944 1847 1478 1881 y á su esposa le entregó
935 1893 1439 1930 el hermoso niño tierno
931 1941 1438 1979 dándole cuenta de todo
938 1990 1330 2028 el referido suceso.
935 2038 1495 2075 Y por si no era cristiano,
933 2089 1547 2124 luego al instantee le dieron
942 2136 1494 2174 el bautismo de la Iglesia,
935 2187 1495 2228 y por nombre le pusieron
