1737 2508
395 256 1482 420 SEGUNDA PARTE.
286 647 705 687 Ya dije como salió
241 697 746 736 aquel Mercader de fama
241 746 778 784 de las Indias á un viaje:
254 794 834 833 con salud volvió á su patria,
247 843 710 882 y á recibirle salieron,
248 893 758 930 antes que desembarcara,
256 940 786 979 los deudos y los amigos,
247 990 860 1026 y tambien su esposa amada.
253 1038 711 1076 Se cortejaron alegres,
256 1086 808 1125 y el Marcader preguntaba
257 1135 875 1172 por su hijo Pepe á su esposa,
260 1184 848 1220 diciendo que por que causa,
255 1232 783 1269 no ha salido á recibirle?
257 1281 800 1317 y ella dijo estas palabras,
262 1329 808 1366 has de saber dulce esposo,
259 1376 860 1414 que al hijo de mis entrañas
261 1425 828 1463 por la leccion le dió Pepe
267 1474 732 1512 un bofeton, y enojada
260 1524 857 1558 le dije que era un bastardo,
265 1572 776 1608 que se fuera de mi casa;
267 1621 738 1659 y desde entonces acá
261 1670 855 1704 no hay quien le vea la cara.
276 1719 806 1754 Calló el Mercader atento,
279 1767 830 1802 oyendo aquesta embajada:
277 1815 884 1851 se fué á su casa al instante,
271 1865 847 1903 y asi que por ella entraba,
272 1912 886 1948 le echó los brazos al cuello
273 1962 819 1998 diciendo: Pepe del alma,
273 2009 954 2046 qué tienes ¿quien te ha enojado?
278 2059 746 2096 El la mano le besaba,
284 2107 742 2143 y le dijo: padre mio,
273 2154 914 2192 me alegro de ver que en casa
288 2204 784 2240 esté ya vuestra merced;
280 2251 893 2290 mas quisiera que me hallára
967 633 1470 677 difunto sobre la tierra;
976 682 1533 725 no por que me falte nada
970 728 1467 774 en vuestra casa, señor:
974 776 1510 823 mas me díjo una palabra
972 826 1539 871 mi madre, y esta la tengo,
978 876 1497 919 en mi corazon gravada.
977 921 1517 968 Y asi le suplico y ruego
978 973 1471 1019 por la Virgen Soberana
977 1020 1593 1065 me diga quien es mi madre,
987 1069 1567 1112 porque esta que me criaba,
990 1118 1455 1161 veo no es, ni ha sido,
991 1165 1551 1208 pues bastardo me llamaba.
991 1216 1541 1255 Oyendo el Mercarder esto,
989 1266 1459 1306 un papel escrito saca,
995 1312 1541 1355 tambien saco los pañales,
987 1361 1567 1404 que en el cofre lo guardaba,
995 1408 1483 1452 diciendole: siendo niño,
987 1457 1565 1501 dentro en Cádiz te tapaban
995 1505 1556 1549 con estos mismos pañales;
991 1553 1566 1600 y aquestas letras declaran
991 1602 1635 1646 de donde sois, y en qué forma
994 1652 1511 1694 habeis venido á mi casa,
993 1700 1593 1745 Leyó el papel, y en él vido,
1000 1749 1597 1794 que era natural de España,
1007 1797 1591 1843 de la gran Ciudad de Cádiz,
1001 1843 1570 1892 y causa porque se hallaba
1000 1894 1533 1942 en las Indias orientales;
1006 1943 1488 1991 y asi de gozo lloraba.
1007 1991 1539 2041 y al que teñia por padre
1006 2040 1592 2086 de aquesta suerte le habla:
1004 2087 1624 2136 señor pues vos me criasteis
1004 2136 1563 2184 como hijo, yo os llamaba
1008 2187 1556 2234 padre, mas ya reconozco
1012 2234 1631 2282 que no lo sois y esto basta:
