1765 2512
218 135 271 177 8
127 189 707 230 con muy costosos vestidos,
127 239 581 280 joyas y ricas alhajas.
128 289 631 329 Celebraronse las bodas
119 340 647 378 con ostentacion y gala,
119 385 685 424 hallándose en el banquete
120 432 783 474 el padre, madre y la hermana
120 480 696 523 del novio, sin saber nadie
117 530 744 573 lo que en su pecho ocultaba.
127 579 675 620 Y en medio de la funcion
132 628 701 669 dijo el novio que gustaba,
121 677 631 718 le esplicasen una duda,
131 725 595 770 y calló sin declararla.
119 774 661 815 Aguardando la propuesta,
121 822 665 862 unos á otros se miraban;
129 875 736 916 y entonces le dijo el suegro
135 924 599 959 que la duda declarara,
131 970 583 1014 y verian entre todos
126 1020 583 1057 si podrian decifrarla,
125 1066 669 1105 que con gusto probarian.
131 1115 721 1154 Y él dijo que lo que estaba
124 1163 587 1202 una vez determinado
131 1212 610 1251 en el celestial alcazar,
130 1261 764 1300 si en el mundo habria alguno,
131 1309 675 1352 que á deshacerlo bastára.
852 189 1326 226 Todos dijeron que no,
864 237 1367 275 y que era cosa asentada,
854 286 1428 323 Dijo él: pues ya que queda
858 334 1308 371 la verdad certificada,
859 383 1413 419 este es mi padre, señores
858 428 1539 469 mi madre es esta, y mi hermana
854 477 1492 519 la que aqui veis, pues yo soy
858 526 1415 568 el niño á quien intentaba
854 574 1442 615 mi suegra que los esclavos
854 623 1462 663 me dieran muerte inhumana:
860 673 1391 713 aquestos son los pañales,
856 721 1495 761 con que entonces me tapaban,
857 771 1442 813 y estos renglones tambien
863 820 1333 856 os esplicarán la causa
863 866 1472 905 de mirarme en tanto triunfo,
858 915 1351 956 y casado con Bernarda.
851 964 1399 1003 Sea para bien le dijeron
860 1012 1374 1051 todos alli á voces altas,
864 1061 1418 1098 vivan los novios, y vivan
861 1111 1407 1149 sus padres edades largas.
856 1159 1382 1196 Y luego todos humildes
850 1208 1478 1245 á Dios rindieron mil gracias,
858 1256 1394 1293 viviendo de alli adelante
860 1306 1414 1343 con paz y union celebrada.
763 1461 936 1615 FIN.
654 2128 1050 2168 CARMONA:—1855.
267 2179 1434 2228 Imprenta de D. José María Moreno, Descalzas, num. 1.
