1664 2424
265 125 323 177 2
179 188 662 225 lado por lado de casa
176 238 804 278 de un Cortante; y en efecto,
180 286 730 326 como los dos eran ricos,
175 334 718 372 se guardaban el respeto
174 382 634 418 atentos y cortesanos.
176 429 671 468 Pero lo tenia á menos
175 479 668 517 la muger del Mercader,
184 528 778 564 y un dia estando comiendo
173 575 639 613 esta dijo á su marido:
184 625 682 664 quisiera querido dueño,
180 673 696 710 de que vuestra voluntad
176 721 780 762 viniera bien con mi intento,
171 773 684 807 y fuera cuerda eleccion
171 819 794 856 lo que ahora es solo consejo.
171 865 796 906 Y es que veais si el Cortante
178 915 719 957 quiere la casa vendernos,
183 963 618 1003 visitandole á este fin.
176 1012 714 1054 Y respondió: no lo creo,
178 1063 770 1100 porque es rico y poderoso:
173 1110 764 1148 mas yo lo veré bien presto.
169 1157 616 1197 Al otro siguiente dia
174 1208 690 1245 pasó el Mercader atento
171 1255 678 1296 á la casa del Cortante,
172 1305 642 1345 y le recibió contento,
169 1355 606 1389 propuso su peticion
174 1402 743 1439 despues de muchos rodeos
174 1449 740 1488 que buscó para entablarla.
169 1497 731 1535 Pero con terminos buenos
168 1546 702 1584 el Cortante le responde:
165 1595 755 1633 yo quisiera que eso mesmo
166 1642 728 1685 usted lo hiciera conmigo,
171 1694 689 1729 pues necesito por cierto
164 1740 800 1779 de haber de ensanchar la casa
169 1791 691 1829 por la familia que tengo,
176 1838 696 1878 que vá mas en cada dia;
172 1888 696 1927 y si quiere, pida precio,
172 1934 668 1972 no repare por doblones
176 1985 760 2022 que cantidad tengo de ellos.
174 2034 764 2071 Quedó el Mercader corrido;
163 2083 699 2120 y apenas se despidieron
171 2132 734 2167 se fué sentido á su casa:
168 2177 708 2217 salió su esposa corriendo
906 194 1388 234 á saber de lo tratado,
911 244 1536 279 por ver qué habia de nuevo.
906 289 1468 331 Dióle á su esposa la nueva,
900 337 1534 379 y viendo que no hay remedio,
908 387 1404 427 dejaron su pretension,
894 437 1582 478 aunque siempre allá en su pecho,
900 485 1526 526 formando de aqueste agravio,
893 532 1414 572 el sentimiento tubieron,
896 581 1444 622 que le movió la venganza,
904 629 1418 667 como adelante veremos.
889 679 1473 714 Las dos mugeres en cinta
897 728 1479 767 se hallabau en este tiempo:
899 777 1417 814 y cuando llegó la hora,
896 825 1462 861 al Mercader le dió el cielo
896 874 1404 910 una niña y al Cortante
902 922 1486 958 un niño agraciado y bello.
900 971 1443 1010 Pasaronse algunos meses,
894 1019 1410 1057 criándolos con esmero,
893 1068 1471 1106 y el Mercader dos esclavos
899 1117 1422 1150 tenia, y con el pretesto
897 1164 1334 1199 de pasear á la niña
904 1212 1398 1251 por diversion y recreo,
891 1261 1397 1298 en la casa del Cortante
895 1309 1391 1346 era el entretenimiento.
900 1359 1341 1393 Allí jugando la niña
895 1407 1389 1442 con el niño, tal afecto
900 1453 1354 1492 y tanta benevolencia
901 1504 1460 1542 llegó á reinar entre ellos,
897 1550 1446 1587 que en estando divididos
891 1601 1456 1636 lloraba el niño, gimiendo
895 1649 1393 1684 estaba la niña en casa:
895 1697 1405 1735 y su madre viendo esto,
900 1746 1412 1785 ya con alguna sospecha,
894 1794 1480 1834 le dijo: pues como es esto,
894 1843 1392 1880 donde llevais á la niña,
899 1893 1552 1930 que aqui no calla un momento,
895 1942 1414 1979 y cuando salis de casa,
898 1991 1478 2023 parece ve el Cielo abierto?
898 2037 1470 2077 Respondieron los esclavos,
893 2086 1357 2121 señora nuestro paseo
893 2134 1410 2173 es en casa del Cortante,
900 2183 1502 2223 donde hay un niño pequeño,
