1737 2508
1215 314 1465 465 (Número 235.)
361 1183 1366 1337 TROBOS NUEVOS Y CANCIONES.
614 1420 1108 1503 DESPEDIDA
311 1524 1426 1613 QUE HACE UN FINO A MANTE A SU DAMA.
207 1678 658 1712 A Dios hermoso lucero,
161 1721 690 1755 á Dios palma de hermosura,
170 1764 696 1800 á Dios que se va tu amante,
166 1808 624 1843 todo lleno de amargura.
207 1896 679 1928 A Dios y ruegale al Cielo
170 1939 617 1974 que sea mi dicha tanta,
173 1984 694 2017 porque en tu persona espero
167 2027 636 2062 que no me serás ingrata,
163 2071 603 2104 á Dios hermoso lucero.
210 2158 627 2192 Mi corazón de ternura
169 2203 582 2236 no se puede despedir,
170 2247 684 2280 yo no puedo hallar pintura
891 1671 1322 1706 con que poderte decir,
885 1715 1412 1749 á Dios palma de hermosura.
931 1801 1413 1836 Será mi pecho constante
885 1846 1384 1880 á pesar del mundo entero,
896 1889 1350 1926 como me pongo delante
894 1933 1447 1970 de aquello que yo mas quiero,
890 1978 1415 2014 á Dios que se va tu amante.
937 2064 1403 2099 Bella y humana criatura
893 2109 1389 2145 bien me puedes dispensar,
897 2153 1393 2190 porque es tanta mi locura
888 2197 1422 2235 que me tengo que ausentar,
888 2243 1358 2279 todo lleno de amargura.
