1765 2512
227 392 695 428 Bella flor encantadora,
187 435 685 473 bello sol resplandeciente,
189 479 697 518 pimpollo de la hermosura,
183 523 739 566 ya viene tu amante á verte.
235 611 652 649 Esta pena me devora
189 656 575 693 y aflige mi corazon
187 700 649 739 la música mas sonora,
183 743 743 781 no me causa á mi atencion,
188 788 652 826 bella flor encantadora.
239 874 755 913 Si otro amante te divierte,
191 918 783 964 y á mí me hechas en olvido,
195 965 667 1003 acaba de darme muerte:
189 1007 647 1047 mira que por tí suspiro
186 1052 679 1092 bello sol resplandeciente.
238 1138 747 1180 Es la ausencia tal locura
190 1182 635 1223 que no me deja vivir
191 1226 697 1270 cuando querrá la fortuna
195 1270 675 1314 que yo te vuelva á decir,
201 1315 704 1358 pimpollo de la hermosura.
243 1402 705 1443 Al verme de tí ausente
195 1447 663 1487 no tengo noche ni dia,
199 1491 795 1533 cual se ha cambiado mi suerte!
195 1534 723 1578 pues me acuerdo que decia
193 1578 735 1625 ya viene tu amante á verte.
237 1666 829 1708 Aunque en presidio estuviera,
193 1711 701 1752 todo el resto de mi vida,
194 1757 631 1796 no te dejo de querer,
196 1800 651 1840 amada prenda querida.
237 1886 763 1926 Sabes lo que por tí hiciera
207 1931 709 1973 para que sepas mi amor?
198 1974 719 2016 aquel que á tí te ofendiera
206 2021 681 2058 darle muerte con rigor,
197 2063 782 2102 aunque en presidio estubiera.
245 2152 742 2189 Es mi pasion tan crecida,
203 2196 677 2235 mi vida por tí espondré,
206 2241 649 2280 dama la mas escogida
916 384 1369 420 en tí pensando estaré,
915 429 1414 463 todo el resto de mi vida.
929 516 1329 556 Si supiera padecer
911 562 1408 600 ansias, congojas y penas,
919 603 1327 646 por tí la vida perder
915 648 1383 686 vivir en tierras jgenas
913 692 1361 733 no te dejo de querer.
951 779 1503 817 No me olvides prenda mia,
925 823 1481 862 que yo constante he de ser,
926 868 1397 906 en ausencia tan crecida,
928 910 1422 949 cuando te volveré á ver
915 955 1365 994 amadá prenda querida.
961 1043 1499 1083 Todo el hombre que se casa,
927 1088 1403 1129 que no quiere trabajar
927 1132 1369 1171 si es bonila la muger:
916 1175 1419 1215 muy bien lo puede pasar.
957 1263 1407 1304 Si el dinero pone tasa,
927 1309 1449 1349 y anda con malas razones,
919 1353 1415 1392 no será solo en su casa,
936 1396 1343 1434 vivirá con desasones,
927 1439 1487 1479 todo el hombre que se casa.
962 1527 1527 1566 Aun hombre en cierto lugar,
927 1571 1375 1611 le escuché y oí decir,
919 1615 1403 1656 que teniendo que gastar
927 1660 1411 1702 y quien lo pueda suplir,
931 1703 1379 1743 que no quiere trabajar.
960 1790 1489 1827 Bien poco tiene que hacer
927 1836 1317 1874 uno á otro le decia
927 1880 1407 1920 puedes vivir con placer
925 1924 1384 1960 tener todo cuanto pida,
923 1967 1371 2004 si es bonita la muger.
963 2052 1511 2091 Si en tu casa vieras entrar,
929 2098 1465 2137 por casualidad a un amigo,
928 2142 1392 2180 muchos regalos llebar,
923 2186 1391 2222 si se hace el desentido,
921 2230 1423 2268 muy bien lo puede pasar.
