1737 2508
640 1007 1208 1131 TROVOS NUEVOS
548 1160 1286 1291 PARA SABER CORRESPONDER
260 1344 1582 1517 LOS FINOS AMANTES,
265 1672 761 1709 Por fin ha llegado el dia.
222 1721 756 1758 en que yo te pueda hablar
226 1768 790 1821 que es mi mayor alegria,
232 1819 699 1857 si aprecias mi voluntad
234 1866 691 1915 ¡que dicha será la mia!
270 1984 670 2024 Si con el pecho leal,
234 2034 789 2073 me hablas, querido amante,
235 2083 651 2127 yo te doy la facultad
236 2133 747 2171 amándote mas constante,
231 2182 723 2223 y nunca te he de faltar.
1005 1656 1477 1695 Todo mi fin es quererte
955 1705 1591 1745 si es que quieres ser mi esposa,
965 1754 1477 1793 te amaré hasta la muerte
961 1803 1463 1845 cual fuego á la mariposa,
972 1852 1535 1893 que ese es mi mayor deleité.
1014 1966 1392 2010 Tu fiel esposa seré
976 2020 1482 2059 con aquellas condiciones,
971 2069 1460 2107 seré firme en el querer,
978 2115 1475 2160 por que tus disposiciones
979 2168 1407 2208 he llegado á conocer.
