<?xml version="1.0" encoding="UTF-8" standalone="yes"?>
<PcGts xmlns="http://schema.primaresearch.org/PAGE/gts/pagecontent/2013-07-15" xmlns:xsi="http://www.w3.org/2001/XMLSchema-instance" xsi:schemaLocation="http://schema.primaresearch.org/PAGE/gts/pagecontent/2013-07-15 http://schema.primaresearch.org/PAGE/gts/pagecontent/2013-07-15/pagecontent.xsd">
    <Metadata>
        <Creator>prov=University of Rostock/Institute of Mathematics/CITlab|PLANET AI GmbH/Gundram Leifert/gundram.leifert@planet-ai.de:name=Pliegos de Cordel (XIXe) - v4(htr_id=27283)::::v=2.6.7
prov=University of Rostock/Institute of Mathematics/CITlab|PLANET AI GmbH/Tobias Gruening/tobias.gruening@planet-ai.de:name=de.uros.citlab.module.baseline2polygon.B2PSeamMultiOriented:v=2.6.7
prov=University of Rostock/Institute of Mathematics/CITlab|PLANET AI GmbH/Tobias Gruening/tobias.gruening@planet-ai.de:name=/net_tf/LA73_249_0mod360.pb:de.uros.citlab.segmentation.CITlab_LA_ML:v=2.6.7
Transkribus</Creator>
        <Created>2020-11-09T10:43:41.777+01:00</Created>
        <LastChange>2020-11-10T15:25:00.269+01:00</LastChange>
        <Comments>
                Measurement unit: pixel
                PrimaryLanguage: 
                Producer: Transkribus
            </Comments>
        <TranskribusMetadata docId="525371" pageId="22317988" pageNr="118" tsid="48494417" status="DONE" userId="66244" imgUrl="https://files.transkribus.eu/Get?id=QTIIMSPTOKAOHOLRBQAUZIWG&amp;fileType=view" xmlUrl="https://files.transkribus.eu/Get?id=FFFXVLBNDNQKAOCEEDQSENJV" imageId="17387511"/>
    </Metadata>
    <Page imageFilename="Moreno_113_2.jpg" imageWidth="1765" imageHeight="2512">
        <PrintSpace>
            <Coords points="218,152 1765,152 1765,2512 218,2512"/>
        </PrintSpace>
        <ReadingOrder>
            <OrderedGroup id="ro_1606755299870" caption="Regions reading order">
                <RegionRefIndexed index="0" regionRef="r_1_1"/>
                <RegionRefIndexed index="1" regionRef="r_2_1"/>
                <RegionRefIndexed index="2" regionRef="r_3_1"/>
                <RegionRefIndexed index="3" regionRef="r_4_1"/>
                <RegionRefIndexed index="4" regionRef="r_5_1"/>
                <RegionRefIndexed index="5" regionRef="r_6_1"/>
                <RegionRefIndexed index="6" regionRef="r_7_1"/>
                <RegionRefIndexed index="7" regionRef="r_8_1"/>
            </OrderedGroup>
        </ReadingOrder>
        <TextRegion orientation="0.0" type="paragraph" id="r_1_1" custom="readingOrder {index:0;}">
            <Coords points="218,152 854,152 864,365 228,365"/>
            <TextLine id="r_1_1l1" custom="readingOrder {index:0;}">
                <Coords points="313,210 338,211 363,208 363,174 338,177 313,176"/>
                <Baseline points="313,199 338,200 363,197"/>
                <TextEquiv>
                    <Unicode>2</Unicode>
                </TextEquiv>
            </TextLine>
            <TextLine id="r_1_1l2" custom="readingOrder {index:1;}">
                <Coords points="269,257 296,257 323,257 351,257 378,257 406,257 433,256 460,256 488,256 515,256 543,256 570,256 597,255 625,255 652,255 680,255 707,255 734,254 762,254 789,254 817,254 817,220 789,220 762,220 734,220 707,221 680,221 652,221 625,221 597,221 570,222 543,222 515,222 488,222 460,222 433,222 406,223 378,223 351,223 323,223 296,223 269,223"/>
                <Baseline points="269,246 296,246 323,246 351,246 378,246 406,246 433,245 460,245 488,245 515,245 543,245 570,245 597,244 625,244 652,244 680,244 707,244 734,243 762,243 789,243 817,243"/>
                <TextEquiv>
                    <Unicode>No me harto de escucharte</Unicode>
                </TextEquiv>
            </TextLine>
            <TextLine id="r_1_1l3" custom="readingOrder {index:2;}">
                <Coords points="223,310 249,310 275,310 301,309 327,309 353,309 379,308 405,308 431,308 457,308 483,307 509,307 535,307 561,306 587,306 613,306 639,305 665,305 665,269 639,269 613,270 587,270 561,270 535,271 509,271 483,271 457,272 431,272 405,272 379,272 353,273 327,273 301,273 275,274 249,274 223,274"/>
                <Baseline points="223,298 249,298 275,298 301,297 327,297 353,297 379,296 405,296 431,296 457,296 483,295 509,295 535,295 561,294 587,294 613,294 639,293 665,293"/>
                <TextEquiv>
                    <Unicode>bellísima encantadora,</Unicode>
                </TextEquiv>
            </TextLine>
            <TextLine id="r_1_1l4" custom="readingOrder {index:3;}">
                <Coords points="229,359 254,359 279,359 304,359 329,359 354,359 379,358 405,358 430,358 455,357 480,357 505,357 530,356 556,356 581,356 606,356 631,356 656,356 681,356 707,356 707,320 681,320 656,320 631,320 606,320 581,320 556,320 530,320 505,321 480,321 455,321 430,322 405,322 379,322 354,323 329,323 304,323 279,323 254,323 229,323"/>
                <Baseline points="229,347 254,347 279,347 304,347 329,347 354,347 379,346 405,346 430,346 455,345 480,345 505,345 530,344 556,344 581,344 606,344 631,344 656,344 681,344 707,344"/>
                <TextEquiv>
                    <Unicode>no me harto de mirarte,</Unicode>
                </TextEquiv>
            </TextLine>
            <TextEquiv>
                <Unicode>2
No me harto de escucharte
bellísima encantadora,
no me harto de mirarte,</Unicode>
            </TextEquiv>
        </TextRegion>
        <TextRegion orientation="0.0" type="paragraph" id="r_2_1" custom="readingOrder {index:1;}">
            <Coords points="950,197 1500,197 1500,316 950,316"/>
            <TextLine id="r_2_1l1" custom="readingOrder {index:0;}">
                <Coords points="955,258 980,257 1006,256 1032,256 1057,256 1083,255 1109,255 1134,254 1160,254 1186,254 1212,254 1237,254 1263,253 1289,253 1314,253 1340,253 1366,253 1391,253 1417,254 1443,254 1469,254 1469,221 1443,221 1417,221 1391,220 1366,220 1340,220 1314,220 1289,220 1263,220 1237,221 1212,221 1186,221 1160,221 1134,221 1109,222 1083,222 1057,223 1032,223 1006,223 980,224 955,225"/>
                <Baseline points="955,247 980,246 1006,245 1032,245 1057,245 1083,244 1109,244 1134,243 1160,243 1186,243 1212,243 1237,243 1263,242 1289,242 1314,242 1340,242 1366,242 1391,242 1417,243 1443,243 1469,243"/>
                <TextEquiv>
                    <Unicode>porque para mí eres sola,</Unicode>
                </TextEquiv>
            </TextLine>
            <TextLine id="r_2_1l2" custom="readingOrder {index:1;}">
                <Coords points="949,304 976,304 1003,304 1030,305 1057,304 1084,304 1111,304 1138,304 1165,304 1192,303 1219,303 1246,303 1273,302 1300,302 1327,302 1354,302 1381,303 1408,303 1435,303 1462,304 1489,305 1489,272 1462,271 1435,270 1408,270 1381,270 1354,269 1327,269 1300,269 1273,269 1246,270 1219,270 1192,270 1165,271 1138,271 1111,271 1084,271 1057,271 1030,272 1003,271 976,271 949,271"/>
                <Baseline points="949,293 976,293 1003,293 1030,294 1057,293 1084,293 1111,293 1138,293 1165,293 1192,292 1219,292 1246,292 1273,291 1300,291 1327,291 1354,291 1381,292 1408,292 1435,292 1462,293 1489,294"/>
                <TextEquiv>
                    <Unicode>será imposible olvidarte...</Unicode>
                </TextEquiv>
            </TextLine>
            <TextEquiv>
                <Unicode>porque para mí eres sola,
será imposible olvidarte...</Unicode>
            </TextEquiv>
        </TextRegion>
        <TextRegion orientation="0.0" type="paragraph" id="r_3_1" custom="readingOrder {index:2;}">
            <Coords points="488,415 1382,405 1382,469 488,479"/>
            <TextLine id="r_3_1l1" custom="readingOrder {index:0;}">
                <Coords points="490,509 534,508 578,507 622,507 667,506 711,506 755,505 799,505 844,505 888,505 932,505 976,505 1021,505 1065,505 1109,506 1153,506 1198,506 1242,506 1286,506 1330,505 1375,505 1375,355 1330,355 1286,356 1242,356 1198,356 1153,356 1109,356 1065,355 1021,355 976,355 932,355 888,355 844,355 799,355 755,355 711,356 667,356 622,357 578,357 534,358 490,359"/>
                <Baseline points="490,459 534,458 578,457 622,457 667,456 711,456 755,455 799,455 844,455 888,455 932,455 976,455 1021,455 1065,455 1109,456 1153,456 1198,456 1242,456 1286,456 1330,455 1375,455"/>
                <TextEquiv>
                    <Unicode>CONTESTACION DE GALAN Y DAMA.</Unicode>
                </TextEquiv>
            </TextLine>
            <TextEquiv>
                <Unicode>CONTESTACION DE GALAN Y DAMA.</Unicode>
            </TextEquiv>
        </TextRegion>
        <TextRegion orientation="0.0" type="paragraph" id="r_4_1" custom="readingOrder {index:3;}">
            <Coords points="219,576 895,576 895,1330 219,1330"/>
            <TextLine id="r_4_1l1" custom="readingOrder {index:0;}">
                <Coords points="275,637 300,637 325,638 351,638 376,638 402,638 427,638 452,637 478,637 503,636 529,636 554,635 579,635 605,634 630,634 656,633 681,633 706,633 732,633 757,633 783,634 783,598 757,597 732,597 706,597 681,597 656,597 630,598 605,598 579,599 554,599 529,600 503,600 478,601 452,601 427,602 402,602 376,602 351,602 325,602 300,601 275,601"/>
                <Baseline points="275,625 300,625 325,626 351,626 376,626 402,626 427,626 452,625 478,625 503,624 529,624 554,623 579,623 605,622 630,622 656,621 681,621 706,621 732,621 757,621 783,622"/>
                <TextEquiv>
                    <Unicode>Como soy tu amante fino</Unicode>
                </TextEquiv>
            </TextLine>
            <TextLine id="r_4_1l2" custom="readingOrder {index:1;}">
                <Coords points="232,686 257,686 282,686 307,686 332,686 357,686 382,685 407,685 432,685 457,685 483,684 508,684 533,684 558,683 583,683 608,683 633,682 658,682 683,682 708,682 734,682 734,648 708,648 683,648 658,648 633,648 608,649 583,649 558,649 533,650 508,650 483,650 457,651 432,651 407,651 382,651 357,652 332,652 307,652 282,652 257,652 232,652"/>
                <Baseline points="232,675 257,675 282,675 307,675 332,675 357,675 382,674 407,674 432,674 457,674 483,673 508,673 533,673 558,672 583,672 608,672 633,671 658,671 683,671 708,671 734,671"/>
                <TextEquiv>
                    <Unicode>las quejas te vengo á dar,</Unicode>
                </TextEquiv>
            </TextLine>
            <TextLine id="r_4_1l3" custom="readingOrder {index:2;}">
                <Coords points="235,733 262,733 290,733 318,733 345,733 373,733 401,733 428,733 456,732 484,732 512,732 539,732 567,732 595,732 622,732 650,732 678,732 705,732 733,733 761,733 789,734 789,700 761,699 733,699 705,698 678,698 650,698 622,698 595,698 567,698 539,698 512,698 484,698 456,698 428,699 401,699 373,699 345,699 318,699 290,699 262,699 235,699"/>
                <Baseline points="235,722 262,722 290,722 318,722 345,722 373,722 401,722 428,722 456,721 484,721 512,721 539,721 567,721 595,721 622,721 650,721 678,721 705,721 733,722 761,722 789,723"/>
                <TextEquiv>
                    <Unicode>otro he visto hablar contigo,</Unicode>
                </TextEquiv>
            </TextLine>
            <TextLine id="r_4_1l4" custom="readingOrder {index:3;}">
                <Coords points="231,787 257,785 283,784 310,783 336,782 362,782 389,781 415,781 441,780 468,780 494,780 520,780 547,779 573,779 599,778 626,778 626,747 599,747 573,748 547,748 520,749 494,749 468,749 441,749 415,750 389,750 362,751 336,751 310,752 283,753 257,754 231,756"/>
                <Baseline points="231,777 257,775 283,774 310,773 336,772 362,772 389,771 415,771 441,770 468,770 494,770 520,770 547,769 573,769 599,768 626,768"/>
                <TextEquiv>
                    <Unicode>y esa es poca lealtad</Unicode>
                </TextEquiv>
            </TextLine>
            <TextLine id="r_4_1l5" custom="readingOrder {index:4;}">
                <Coords points="223,831 250,831 277,831 304,831 331,831 358,831 385,831 412,831 439,830 466,830 494,830 521,829 548,829 575,829 602,829 629,828 656,828 683,828 710,828 737,828 765,828 765,797 737,797 710,797 683,797 656,797 629,797 602,798 575,798 548,798 521,798 494,799 466,799 439,799 412,800 385,800 358,800 331,800 304,800 277,800 250,800 223,800"/>
                <Baseline points="223,821 250,821 277,821 304,821 331,821 358,821 385,821 412,821 439,820 466,820 494,820 521,819 548,819 575,819 602,819 629,818 656,818 683,818 710,818 737,818 765,818"/>
                <TextEquiv>
                    <Unicode>la que has tenido conmigo.</Unicode>
                </TextEquiv>
            </TextLine>
            <TextLine id="r_4_1l6" custom="readingOrder {index:5;}">
                <Coords points="269,929 294,929 319,929 344,929 369,929 395,929 420,928 445,928 470,928 495,927 521,927 546,927 571,926 596,926 621,926 647,925 672,925 697,925 722,925 747,925 773,925 773,888 747,888 722,888 697,888 672,888 647,888 621,889 596,889 571,889 546,890 521,890 495,890 470,891 445,891 420,891 395,892 369,892 344,892 319,892 294,892 269,892"/>
                <Baseline points="269,917 294,917 319,917 344,917 369,917 395,917 420,916 445,916 470,916 495,915 521,915 546,915 571,914 596,914 621,914 647,913 672,913 697,913 722,913 747,913 773,913"/>
                <TextEquiv>
                    <Unicode>Escucha querido amante</Unicode>
                </TextEquiv>
            </TextLine>
            <TextLine id="r_4_1l7" custom="readingOrder {index:6;}">
                <Coords points="231,976 256,977 281,977 307,977 332,977 357,976 383,976 408,976 434,975 459,975 484,975 510,974 535,974 560,974 586,975 611,975 637,976 637,943 611,942 586,942 560,941 535,941 510,941 484,942 459,942 434,942 408,943 383,943 357,943 332,944 307,944 281,944 256,944 231,943"/>
                <Baseline points="231,965 256,966 281,966 307,966 332,966 357,965 383,965 408,965 434,964 459,964 484,964 510,963 535,963 560,963 586,964 611,964 637,965"/>
                <TextEquiv>
                    <Unicode>si tienes celos de mí,</Unicode>
                </TextEquiv>
            </TextLine>
            <TextLine id="r_4_1l8" custom="readingOrder {index:7;}">
                <Coords points="227,1030 255,1029 284,1027 313,1026 342,1026 371,1025 400,1024 429,1024 458,1023 487,1023 516,1023 544,1023 573,1023 602,1023 631,1022 660,1022 689,1022 718,1022 747,1021 776,1021 805,1020 805,987 776,988 747,988 718,989 689,989 660,989 631,989 602,990 573,990 544,990 516,990 487,990 458,990 429,991 400,991 371,992 342,993 313,993 284,994 255,996 227,997"/>
                <Baseline points="227,1019 255,1018 284,1016 313,1015 342,1015 371,1014 400,1013 429,1013 458,1012 487,1012 516,1012 544,1012 573,1012 602,1012 631,1011 660,1011 689,1011 718,1011 747,1010 776,1010 805,1009"/>
                <TextEquiv>
                    <Unicode>yo tambien he visto hablarte</Unicode>
                </TextEquiv>
            </TextLine>
            <TextLine id="r_4_1l9" custom="readingOrder {index:8;}">
                <Coords points="225,1078 251,1077 277,1076 303,1076 330,1076 356,1075 382,1075 408,1075 435,1075 461,1075 487,1075 513,1075 540,1074 566,1074 592,1073 618,1073 645,1072 645,1038 618,1039 592,1039 566,1040 540,1040 513,1041 487,1041 461,1041 435,1041 408,1041 382,1041 356,1041 330,1042 303,1042 277,1042 251,1043 225,1044"/>
                <Baseline points="225,1067 251,1066 277,1065 303,1065 330,1065 356,1064 382,1064 408,1064 435,1064 461,1064 487,1064 513,1064 540,1063 566,1063 592,1062 618,1062 645,1061"/>
                <TextEquiv>
                    <Unicode>con otra dama, y así</Unicode>
                </TextEquiv>
            </TextLine>
            <TextLine id="r_4_1l10" custom="readingOrder {index:9;}">
                <Coords points="237,1125 262,1125 288,1125 314,1125 339,1125 365,1124 391,1124 416,1124 442,1123 468,1123 494,1122 519,1122 545,1122 571,1121 596,1121 622,1121 648,1121 673,1120 699,1120 725,1120 751,1120 751,1086 725,1086 699,1086 673,1086 648,1087 622,1087 596,1087 571,1087 545,1088 519,1088 494,1088 468,1089 442,1089 416,1090 391,1090 365,1090 339,1091 314,1091 288,1091 262,1091 237,1091"/>
                <Baseline points="237,1114 262,1114 288,1114 314,1114 339,1114 365,1113 391,1113 416,1113 442,1112 468,1112 494,1111 519,1111 545,1111 571,1110 596,1110 622,1110 648,1110 673,1109 699,1109 725,1109 751,1109"/>
                <TextEquiv>
                    <Unicode>eso no es amar constante.</Unicode>
                </TextEquiv>
            </TextLine>
            <TextLine id="r_4_1l11" custom="readingOrder {index:10;}">
                <Coords points="279,1222 309,1221 339,1221 370,1221 400,1220 430,1220 461,1219 491,1219 521,1219 552,1218 582,1218 612,1217 643,1217 673,1217 703,1217 734,1216 764,1216 794,1216 825,1216 855,1216 886,1217 886,1183 855,1182 825,1182 794,1182 764,1182 734,1182 703,1183 673,1183 643,1183 612,1183 582,1184 552,1184 521,1185 491,1185 461,1185 430,1186 400,1186 370,1187 339,1187 309,1187 279,1188"/>
                <Baseline points="279,1211 309,1210 339,1210 370,1210 400,1209 430,1209 461,1208 491,1208 521,1208 552,1207 582,1207 612,1206 643,1206 673,1206 703,1206 734,1205 764,1205 794,1205 825,1205 855,1205 886,1206"/>
                <TextEquiv>
                    <Unicode>Aunque los hombres hablemos</Unicode>
                </TextEquiv>
            </TextLine>
            <TextLine id="r_4_1l12" custom="readingOrder {index:11;}">
                <Coords points="235,1272 261,1271 288,1270 314,1270 341,1269 368,1269 394,1268 421,1268 448,1268 474,1268 501,1267 528,1267 554,1267 581,1267 608,1267 634,1267 661,1266 688,1266 714,1266 741,1265 768,1265 768,1231 741,1231 714,1232 688,1232 661,1232 634,1233 608,1233 581,1233 554,1233 528,1233 501,1233 474,1234 448,1234 421,1234 394,1234 368,1235 341,1235 314,1236 288,1236 261,1237 235,1238"/>
                <Baseline points="235,1261 261,1260 288,1259 314,1259 341,1258 368,1258 394,1257 421,1257 448,1257 474,1257 501,1256 528,1256 554,1256 581,1256 608,1256 634,1256 661,1255 688,1255 714,1255 741,1254 768,1254"/>
                <TextEquiv>
                    <Unicode>con doscientas mil mujeres</Unicode>
                </TextEquiv>
            </TextLine>
            <TextLine id="r_4_1l13" custom="readingOrder {index:12;}">
                <Coords points="235,1320 260,1320 286,1320 312,1320 338,1320 364,1320 390,1319 416,1319 442,1318 468,1318 493,1318 519,1317 545,1317 571,1317 597,1317 623,1317 649,1317 675,1317 701,1318 727,1318 727,1284 701,1284 675,1283 649,1283 623,1283 597,1283 571,1283 545,1283 519,1283 493,1284 468,1284 442,1284 416,1285 390,1285 364,1286 338,1286 312,1286 286,1286 260,1286 235,1286"/>
                <Baseline points="235,1309 260,1309 286,1309 312,1309 338,1309 364,1309 390,1308 416,1308 442,1307 468,1307 493,1307 519,1306 545,1306 571,1306 597,1306 623,1306 649,1306 675,1306 701,1307 727,1307"/>
                <TextEquiv>
                    <Unicode>nada nosotros perdemos,</Unicode>
                </TextEquiv>
            </TextLine>
            <TextEquiv>
                <Unicode>Como soy tu amante fino
las quejas te vengo á dar,
otro he visto hablar contigo,
y esa es poca lealtad
la que has tenido conmigo.
Escucha querido amante
si tienes celos de mí,
yo tambien he visto hablarte
con otra dama, y así
eso no es amar constante.
Aunque los hombres hablemos
con doscientas mil mujeres
nada nosotros perdemos,</Unicode>
            </TextEquiv>
        </TextRegion>
        <TextRegion orientation="0.0" type="paragraph" id="r_5_1" custom="readingOrder {index:4;}">
            <Coords points="947,570 1626,570 1626,1276 947,1276"/>
            <TextLine id="r_5_1l1" custom="readingOrder {index:0;}">
                <Coords points="949,633 974,632 1000,632 1025,631 1051,631 1077,631 1102,630 1128,630 1153,629 1179,629 1205,629 1230,628 1256,628 1281,628 1307,628 1333,627 1358,627 1384,627 1409,627 1435,626 1461,626 1461,593 1435,593 1409,594 1384,594 1358,594 1333,594 1307,595 1281,595 1256,595 1230,595 1205,596 1179,596 1153,596 1128,597 1102,597 1077,598 1051,598 1025,598 1000,599 974,599 949,600"/>
                <Baseline points="949,622 974,621 1000,621 1025,620 1051,620 1077,620 1102,619 1128,619 1153,618 1179,618 1205,618 1230,617 1256,617 1281,617 1307,617 1333,616 1358,616 1384,616 1409,616 1435,615 1461,615"/>
                <TextEquiv>
                    <Unicode>y siempreal lado se tiene</Unicode>
                </TextEquiv>
            </TextLine>
            <TextLine id="r_5_1l2" custom="readingOrder {index:1;}">
                <Coords points="950,678 978,679 1006,680 1034,680 1062,680 1090,680 1118,680 1146,680 1174,679 1202,679 1230,679 1258,678 1286,678 1314,678 1342,677 1370,677 1398,677 1426,677 1454,677 1482,677 1510,677 1510,644 1482,644 1454,644 1426,644 1398,644 1370,644 1342,644 1314,645 1286,645 1258,645 1230,646 1202,646 1174,646 1146,647 1118,647 1090,647 1062,647 1034,647 1006,647 978,646 950,645"/>
                <Baseline points="950,667 978,668 1006,669 1034,669 1062,669 1090,669 1118,669 1146,669 1174,668 1202,668 1230,668 1258,667 1286,667 1314,667 1342,666 1370,666 1398,666 1426,666 1454,666 1482,666 1510,666"/>
                <TextEquiv>
                    <Unicode>la dama quemas queremos.</Unicode>
                </TextEquiv>
            </TextLine>
            <TextLine id="r_5_1l3" custom="readingOrder {index:2;}">
                <Coords points="1000,775 1032,775 1065,774 1097,774 1130,774 1162,774 1195,774 1228,773 1260,773 1293,773 1325,773 1358,773 1390,773 1423,773 1456,773 1488,773 1521,773 1553,773 1586,773 1619,773 1619,739 1586,739 1553,739 1521,739 1488,739 1456,739 1423,739 1390,739 1358,739 1325,739 1293,739 1260,739 1228,739 1195,740 1162,740 1130,740 1097,740 1065,740 1032,741 1000,741"/>
                <Baseline points="1000,764 1032,764 1065,763 1097,763 1130,763 1162,763 1195,763 1228,762 1260,762 1293,762 1325,762 1358,762 1390,762 1423,762 1456,762 1488,762 1521,762 1553,762 1586,762 1619,762"/>
                <TextEquiv>
                    <Unicode>Si es que no quieres que hable</Unicode>
                </TextEquiv>
            </TextLine>
            <TextLine id="r_5_1l4" custom="readingOrder {index:3;}">
                <Coords points="951,823 976,824 1002,824 1028,824 1054,824 1079,824 1105,824 1131,823 1157,823 1183,823 1208,822 1234,822 1260,821 1286,821 1312,821 1337,821 1363,821 1389,821 1415,822 1441,823 1441,789 1415,788 1389,787 1363,787 1337,787 1312,787 1286,787 1260,787 1234,788 1208,788 1183,789 1157,789 1131,789 1105,790 1079,790 1054,790 1028,790 1002,790 976,790 951,789"/>
                <Baseline points="951,812 976,813 1002,813 1028,813 1054,813 1079,813 1105,813 1131,812 1157,812 1183,812 1208,811 1234,811 1260,810 1286,810 1312,810 1337,810 1363,810 1389,810 1415,811 1441,812"/>
                <TextEquiv>
                    <Unicode>aunque me hablen á mí, </Unicode>
                </TextEquiv>
            </TextLine>
            <TextLine id="r_5_1l5" custom="readingOrder {index:4;}">
                <Coords points="956,872 983,873 1010,873 1037,873 1064,873 1092,872 1119,872 1146,872 1173,871 1200,871 1228,871 1255,871 1282,870 1309,870 1336,870 1364,870 1391,871 1418,871 1445,872 1472,872 1500,873 1500,839 1472,838 1445,838 1418,837 1391,837 1364,836 1336,836 1309,836 1282,836 1255,837 1228,837 1200,837 1173,837 1146,838 1119,838 1092,838 1064,839 1037,839 1010,839 983,839 956,838"/>
                <Baseline points="956,861 983,862 1010,862 1037,862 1064,862 1092,861 1119,861 1146,861 1173,860 1200,860 1228,860 1255,860 1282,859 1309,859 1336,859 1364,859 1391,860 1418,860 1445,861 1472,861 1500,862"/>
                <TextEquiv>
                    <Unicode>tu no has de mirar á nadie,</Unicode>
                </TextEquiv>
            </TextLine>
            <TextLine id="r_5_1l6" custom="readingOrder {index:5;}">
                <Coords points="959,920 984,920 1010,920 1036,920 1062,920 1088,920 1114,919 1140,919 1166,919 1192,919 1217,919 1243,918 1269,918 1295,918 1321,918 1347,918 1373,918 1399,918 1425,918 1425,884 1399,884 1373,884 1347,884 1321,884 1295,884 1269,884 1243,884 1217,885 1192,885 1166,885 1140,885 1114,885 1088,886 1062,886 1036,886 1010,886 984,886 959,886"/>
                <Baseline points="959,909 984,909 1010,909 1036,909 1062,909 1088,909 1114,908 1140,908 1166,908 1192,908 1217,908 1243,907 1269,907 1295,907 1321,907 1347,907 1373,907 1399,907 1425,907"/>
                <TextEquiv>
                    <Unicode>ni tampoco has de salir</Unicode>
                </TextEquiv>
            </TextLine>
            <TextLine id="r_5_1l7" custom="readingOrder {index:6;}">
                <Coords points="959,971 985,971 1011,971 1037,971 1063,971 1089,971 1115,971 1142,970 1168,970 1194,970 1220,969 1246,969 1272,969 1298,968 1325,968 1351,968 1377,968 1403,968 1429,968 1455,968 1482,969 1482,935 1455,934 1429,934 1403,934 1377,934 1351,934 1325,934 1298,934 1272,935 1246,935 1220,935 1194,936 1168,936 1142,936 1115,937 1089,937 1063,937 1037,937 1011,937 985,937 959,937"/>
                <Baseline points="959,960 985,960 1011,960 1037,960 1063,960 1089,960 1115,960 1142,959 1168,959 1194,959 1220,958 1246,958 1272,958 1298,957 1325,957 1351,957 1377,957 1403,957 1429,957 1455,957 1482,958"/>
                <TextEquiv>
                    <Unicode>ni al paseo, ni á los bailes.</Unicode>
                </TextEquiv>
            </TextLine>
            <TextLine id="r_5_1l8" custom="readingOrder {index:7;}">
                <Coords points="999,1067 1024,1067 1049,1067 1074,1067 1099,1067 1124,1066 1149,1066 1174,1066 1199,1066 1224,1066 1249,1066 1274,1066 1299,1066 1324,1066 1349,1066 1374,1066 1399,1066 1424,1065 1449,1065 1475,1065 1475,1031 1449,1031 1424,1031 1399,1032 1374,1032 1349,1032 1324,1032 1299,1032 1274,1032 1249,1032 1224,1032 1199,1032 1174,1032 1149,1032 1124,1032 1099,1033 1074,1033 1049,1033 1024,1033 999,1033"/>
                <Baseline points="999,1056 1024,1056 1049,1056 1074,1056 1099,1056 1124,1055 1149,1055 1174,1055 1199,1055 1224,1055 1249,1055 1274,1055 1299,1055 1324,1055 1349,1055 1374,1055 1399,1055 1424,1054 1449,1054 1475,1054"/>
                <TextEquiv>
                    <Unicode>Tanto me vas sugetando</Unicode>
                </TextEquiv>
            </TextLine>
            <TextLine id="r_5_1l9" custom="readingOrder {index:8;}">
                <Coords points="957,1122 983,1121 1009,1119 1035,1118 1061,1117 1087,1116 1113,1116 1139,1116 1165,1115 1191,1115 1218,1115 1244,1115 1270,1115 1296,1115 1322,1115 1348,1115 1374,1115 1400,1115 1426,1114 1453,1114 1453,1080 1426,1080 1400,1081 1374,1081 1348,1081 1322,1081 1296,1081 1270,1081 1244,1081 1218,1081 1191,1081 1165,1081 1139,1082 1113,1082 1087,1082 1061,1083 1035,1084 1009,1085 983,1087 957,1088"/>
                <Baseline points="957,1111 983,1110 1009,1108 1035,1107 1061,1106 1087,1105 1113,1105 1139,1105 1165,1104 1191,1104 1218,1104 1244,1104 1270,1104 1296,1104 1322,1104 1348,1104 1374,1104 1400,1104 1426,1103 1453,1103"/>
                <TextEquiv>
                    <Unicode>que no me quieres dejar</Unicode>
                </TextEquiv>
            </TextLine>
            <TextLine id="r_5_1l10" custom="readingOrder {index:9;}">
                <Coords points="963,1168 989,1167 1016,1166 1042,1165 1069,1165 1095,1164 1122,1164 1148,1164 1175,1164 1201,1164 1228,1165 1254,1165 1281,1165 1307,1165 1334,1165 1360,1165 1387,1165 1413,1164 1440,1163 1466,1163 1493,1161 1493,1127 1466,1129 1440,1129 1413,1130 1387,1131 1360,1131 1334,1131 1307,1131 1281,1131 1254,1131 1228,1131 1201,1130 1175,1130 1148,1130 1122,1130 1095,1130 1069,1131 1042,1131 1016,1132 989,1133 963,1134"/>
                <Baseline points="963,1157 989,1156 1016,1155 1042,1154 1069,1154 1095,1153 1122,1153 1148,1153 1175,1153 1201,1153 1228,1154 1254,1154 1281,1154 1307,1154 1334,1154 1360,1154 1387,1154 1413,1153 1440,1152 1466,1152 1493,1150"/>
                <TextEquiv>
                    <Unicode>que me dibierta yo, cuando</Unicode>
                </TextEquiv>
            </TextLine>
            <TextLine id="r_5_1l11" custom="readingOrder {index:10;}">
                <Coords points="956,1216 981,1215 1007,1215 1033,1214 1058,1214 1084,1214 1110,1214 1135,1214 1161,1214 1187,1214 1212,1214 1238,1214 1264,1214 1289,1214 1315,1214 1341,1214 1366,1214 1392,1213 1418,1213 1444,1213 1444,1179 1418,1179 1392,1179 1366,1180 1341,1180 1315,1180 1289,1180 1264,1180 1238,1180 1212,1180 1187,1180 1161,1180 1135,1180 1110,1180 1084,1180 1058,1180 1033,1180 1007,1181 981,1181 956,1182"/>
                <Baseline points="956,1205 981,1204 1007,1204 1033,1203 1058,1203 1084,1203 1110,1203 1135,1203 1161,1203 1187,1203 1212,1203 1238,1203 1264,1203 1289,1203 1315,1203 1341,1203 1366,1203 1392,1202 1418,1202 1444,1202"/>
                <TextEquiv>
                    <Unicode>no es tuya la propiedad,</Unicode>
                </TextEquiv>
            </TextLine>
            <TextLine id="r_5_1l12" custom="readingOrder {index:11;}">
                <Coords points="956,1277 981,1274 1007,1271 1032,1269 1058,1267 1083,1266 1109,1264 1134,1263 1160,1263 1185,1262 1211,1262 1237,1262 1262,1262 1288,1262 1313,1262 1339,1262 1364,1261 1390,1261 1415,1261 1441,1260 1467,1260 1467,1226 1441,1226 1415,1227 1390,1227 1364,1227 1339,1228 1313,1228 1288,1228 1262,1228 1237,1228 1211,1228 1185,1228 1160,1229 1134,1229 1109,1230 1083,1232 1058,1233 1032,1235 1007,1237 981,1240 956,1243"/>
                <Baseline points="956,1266 981,1263 1007,1260 1032,1258 1058,1256 1083,1255 1109,1253 1134,1252 1160,1252 1185,1251 1211,1251 1237,1251 1262,1251 1288,1251 1313,1251 1339,1251 1364,1250 1390,1250 1415,1250 1441,1249 1467,1249"/>
                <TextEquiv>
                    <Unicode>y ya quieres tener mando.</Unicode>
                </TextEquiv>
            </TextLine>
            <TextEquiv>
                <Unicode>y siempreal lado se tiene
la dama quemas queremos.
Si es que no quieres que hable
aunque me hablen á mí, 
tu no has de mirar á nadie,
ni tampoco has de salir
ni al paseo, ni á los bailes.
Tanto me vas sugetando
que no me quieres dejar
que me dibierta yo, cuando
no es tuya la propiedad,
y ya quieres tener mando.</Unicode>
            </TextEquiv>
        </TextRegion>
        <TextRegion orientation="0.0" type="paragraph" id="r_6_1" custom="readingOrder {index:5;}">
            <Coords points="457,1363 1405,1363 1405,1469 457,1469"/>
            <TextLine id="r_6_1l1" custom="readingOrder {index:0;}">
                <Coords points="468,1502 514,1502 561,1501 607,1501 654,1501 700,1500 747,1500 793,1500 840,1499 886,1499 933,1499 979,1499 1026,1498 1072,1498 1119,1498 1165,1498 1212,1498 1258,1497 1305,1497 1351,1497 1398,1497 1398,1347 1351,1347 1305,1347 1258,1347 1212,1348 1165,1348 1119,1348 1072,1348 1026,1348 979,1349 933,1349 886,1349 840,1349 793,1350 747,1350 700,1350 654,1351 607,1351 561,1351 514,1352 468,1352"/>
                <Baseline points="468,1452 514,1452 561,1451 607,1451 654,1451 700,1450 747,1450 793,1450 840,1449 886,1449 933,1449 979,1449 1026,1448 1072,1448 1119,1448 1165,1448 1212,1448 1258,1447 1305,1447 1351,1447 1398,1447"/>
                <TextEquiv>
                    <Unicode>TROVOS AMOROSOS.</Unicode>
                </TextEquiv>
            </TextLine>
            <TextEquiv>
                <Unicode>TROVOS AMOROSOS.</Unicode>
            </TextEquiv>
        </TextRegion>
        <TextRegion orientation="0.0" type="paragraph" id="r_7_1" custom="readingOrder {index:6;}">
            <Coords points="218,1566 901,1566 901,2267 218,2267"/>
            <TextLine id="r_7_1l1" custom="readingOrder {index:0;}">
                <Coords points="277,1625 304,1625 332,1625 359,1625 387,1625 414,1625 442,1624 469,1624 497,1624 524,1624 552,1623 579,1623 607,1623 634,1622 662,1622 689,1622 717,1622 744,1622 772,1622 799,1622 827,1622 827,1588 799,1588 772,1588 744,1588 717,1588 689,1588 662,1588 634,1588 607,1589 579,1589 552,1589 524,1590 497,1590 469,1590 442,1590 414,1591 387,1591 359,1591 332,1591 304,1591 277,1591"/>
                <Baseline points="277,1614 304,1614 332,1614 359,1614 387,1614 414,1614 442,1613 469,1613 497,1613 524,1613 552,1612 579,1612 607,1612 634,1611 662,1611 689,1611 717,1611 744,1611 772,1611 799,1611 827,1611"/>
                <TextEquiv>
                    <Unicode>El amor que has infundido</Unicode>
                </TextEquiv>
            </TextLine>
            <TextLine id="r_7_1l2" custom="readingOrder {index:1;}">
                <Coords points="232,1673 257,1674 283,1675 309,1676 334,1676 360,1676 386,1676 411,1675 437,1675 463,1674 488,1674 514,1673 540,1672 565,1672 591,1672 617,1672 642,1673 668,1674 694,1675 694,1641 668,1640 642,1639 617,1638 591,1638 565,1638 540,1638 514,1639 488,1640 463,1640 437,1641 411,1641 386,1642 360,1642 334,1642 309,1642 283,1641 257,1640 232,1639"/>
                <Baseline points="232,1662 257,1663 283,1664 309,1665 334,1665 360,1665 386,1665 411,1664 437,1664 463,1663 488,1663 514,1662 540,1661 565,1661 591,1661 617,1661 642,1662 668,1663 694,1664"/>
                <TextEquiv>
                    <Unicode>en mi pecho generoso,</Unicode>
                </TextEquiv>
            </TextLine>
            <TextLine id="r_7_1l3" custom="readingOrder {index:2;}">
                <Coords points="233,1724 258,1724 283,1724 309,1724 334,1724 359,1724 385,1723 410,1723 435,1723 461,1723 486,1723 512,1722 537,1722 562,1722 588,1722 613,1722 638,1722 664,1722 689,1722 715,1723 715,1689 689,1688 664,1688 638,1688 613,1688 588,1688 562,1688 537,1688 512,1688 486,1689 461,1689 435,1689 410,1689 385,1689 359,1690 334,1690 309,1690 283,1690 258,1690 233,1690"/>
                <Baseline points="233,1713 258,1713 283,1713 309,1713 334,1713 359,1713 385,1712 410,1712 435,1712 461,1712 486,1712 512,1711 537,1711 562,1711 588,1711 613,1711 638,1711 664,1711 689,1711 715,1712"/>
                <TextEquiv>
                    <Unicode>me tiene de noche y dia</Unicode>
                </TextEquiv>
            </TextLine>
            <TextLine id="r_7_1l4" custom="readingOrder {index:3;}">
                <Coords points="231,1773 256,1773 282,1773 307,1773 333,1773 358,1773 384,1773 409,1772 435,1772 461,1772 486,1772 512,1771 537,1771 563,1771 588,1770 614,1770 639,1770 665,1770 691,1770 691,1736 665,1736 639,1736 614,1736 588,1736 563,1737 537,1737 512,1737 486,1738 461,1738 435,1738 409,1738 384,1739 358,1739 333,1739 307,1739 282,1739 256,1739 231,1739"/>
                <Baseline points="231,1762 256,1762 282,1762 307,1762 333,1762 358,1762 384,1762 409,1761 435,1761 461,1761 486,1761 512,1760 537,1760 563,1760 588,1759 614,1759 639,1759 665,1759 691,1759"/>
                <TextEquiv>
                    <Unicode>sin descanso ni reposo.</Unicode>
                </TextEquiv>
            </TextLine>
            <TextLine id="r_7_1l5" custom="readingOrder {index:4;}">
                <Coords points="273,1870 298,1870 324,1870 350,1870 376,1870 402,1869 428,1869 453,1869 479,1869 505,1869 531,1869 557,1868 583,1868 608,1868 634,1867 660,1867 686,1867 712,1866 738,1866 764,1866 764,1832 738,1832 712,1832 686,1833 660,1833 634,1833 608,1834 583,1834 557,1834 531,1835 505,1835 479,1835 453,1835 428,1835 402,1835 376,1836 350,1836 324,1836 298,1836 273,1836"/>
                <Baseline points="273,1859 298,1859 324,1859 350,1859 376,1859 402,1858 428,1858 453,1858 479,1858 505,1858 531,1858 557,1857 583,1857 608,1857 634,1856 660,1856 686,1856 712,1855 738,1855 764,1855"/>
                <TextEquiv>
                    <Unicode>Tengo el corazon herido</Unicode>
                </TextEquiv>
            </TextLine>
            <TextLine id="r_7_1l6" custom="readingOrder {index:5;}">
                <Coords points="233,1924 258,1922 283,1921 308,1920 333,1919 358,1919 383,1918 409,1917 434,1917 459,1917 484,1917 509,1917 534,1917 560,1917 585,1917 610,1917 635,1917 660,1917 685,1918 711,1918 711,1885 685,1885 660,1884 635,1884 610,1884 585,1884 560,1884 534,1884 509,1884 484,1884 459,1884 434,1884 409,1884 383,1885 358,1886 333,1886 308,1887 283,1888 258,1889 233,1891"/>
                <Baseline points="233,1913 258,1911 283,1910 308,1909 333,1908 358,1908 383,1907 409,1906 434,1906 459,1906 484,1906 509,1906 534,1906 560,1906 585,1906 610,1906 635,1906 660,1906 685,1907 711,1907"/>
                <TextEquiv>
                    <Unicode>y á decírtelo no acierto,</Unicode>
                </TextEquiv>
            </TextLine>
            <TextLine id="r_7_1l7" custom="readingOrder {index:6;}">
                <Coords points="229,1970 254,1970 280,1969 306,1968 332,1968 358,1967 384,1967 410,1967 436,1966 462,1966 487,1966 513,1966 539,1966 565,1966 591,1966 617,1966 643,1966 669,1966 695,1965 695,1932 669,1933 643,1933 617,1933 591,1933 565,1933 539,1933 513,1933 487,1933 462,1933 436,1933 410,1934 384,1934 358,1934 332,1935 306,1935 280,1936 254,1937 229,1937"/>
                <Baseline points="229,1959 254,1959 280,1958 306,1957 332,1957 358,1956 384,1956 410,1956 436,1955 462,1955 487,1955 513,1955 539,1955 565,1955 591,1955 617,1955 643,1955 669,1955 695,1954"/>
                <TextEquiv>
                    <Unicode>pero ten por entendido,</Unicode>
                </TextEquiv>
            </TextLine>
            <TextLine id="r_7_1l8" custom="readingOrder {index:7;}">
                <Coords points="232,2017 264,2017 297,2017 330,2016 363,2016 396,2016 429,2016 461,2016 494,2015 527,2015 560,2015 593,2015 626,2014 659,2014 691,2014 724,2014 757,2014 790,2013 823,2013 856,2013 889,2013 889,1979 856,1979 823,1979 790,1979 757,1980 724,1980 691,1980 659,1980 626,1980 593,1981 560,1981 527,1981 494,1981 461,1982 429,1982 396,1982 363,1982 330,1982 297,1983 264,1983 232,1983"/>
                <Baseline points="232,2006 264,2006 297,2006 330,2005 363,2005 396,2005 429,2005 461,2005 494,2004 527,2004 560,2004 593,2004 626,2003 659,2003 691,2003 724,2003 757,2003 790,2002 823,2002 856,2002 889,2002"/>
                <TextEquiv>
                    <Unicode>que está ardiendo en fuego lento</Unicode>
                </TextEquiv>
            </TextLine>
            <TextLine id="r_7_1l9" custom="readingOrder {index:8;}">
                <Coords points="237,2066 263,2066 290,2066 316,2066 343,2066 370,2066 396,2066 423,2066 449,2066 476,2066 503,2065 529,2065 556,2065 582,2064 609,2064 636,2064 662,2063 689,2063 715,2062 742,2062 769,2061 769,2027 742,2028 715,2028 689,2029 662,2029 636,2030 609,2030 582,2030 556,2031 529,2031 503,2031 476,2032 449,2032 423,2032 396,2032 370,2032 343,2032 316,2032 290,2032 263,2032 237,2032"/>
                <Baseline points="237,2055 263,2055 290,2055 316,2055 343,2055 370,2055 396,2055 423,2055 449,2055 476,2055 503,2054 529,2054 556,2054 582,2053 609,2053 636,2053 662,2052 689,2052 715,2051 742,2051 769,2050"/>
                <TextEquiv>
                    <Unicode>el amor que has infundido.</Unicode>
                </TextEquiv>
            </TextLine>
            <TextLine id="r_7_1l10" custom="readingOrder {index:9;}">
                <Coords points="266,2161 291,2161 316,2162 341,2162 366,2162 391,2162 416,2162 441,2162 466,2162 492,2162 517,2161 542,2161 567,2161 592,2160 617,2160 642,2159 667,2159 693,2159 693,2125 667,2125 642,2125 617,2126 592,2126 567,2127 542,2127 517,2127 492,2128 466,2128 441,2128 416,2128 391,2128 366,2128 341,2128 316,2128 291,2127 266,2127"/>
                <Baseline points="266,2150 291,2150 316,2151 341,2151 366,2151 391,2151 416,2151 441,2151 466,2151 492,2151 517,2150 542,2150 567,2150 592,2149 617,2149 642,2148 667,2148 693,2148"/>
                <TextEquiv>
                    <Unicode>Tu corazon amoroso</Unicode>
                </TextEquiv>
            </TextLine>
            <TextLine id="r_7_1l11" custom="readingOrder {index:10;}">
                <Coords points="233,2212 259,2212 285,2212 312,2212 338,2212 365,2212 391,2212 417,2212 444,2212 470,2212 497,2212 523,2211 549,2211 576,2211 602,2211 629,2211 655,2210 681,2210 708,2210 734,2210 761,2210 761,2176 734,2176 708,2176 681,2176 655,2176 629,2177 602,2177 576,2177 549,2177 523,2177 497,2178 470,2178 444,2178 417,2178 391,2178 365,2178 338,2178 312,2178 285,2178 259,2178 233,2178"/>
                <Baseline points="233,2201 259,2201 285,2201 312,2201 338,2201 365,2201 391,2201 417,2201 444,2201 470,2201 497,2201 523,2200 549,2200 576,2200 602,2200 629,2200 655,2199 681,2199 708,2199 734,2199 761,2199"/>
                <TextEquiv>
                    <Unicode>dices que tiene una herida,</Unicode>
                </TextEquiv>
            </TextLine>
            <TextLine id="r_7_1l12" custom="readingOrder {index:11;}">
                <Coords points="227,2267 253,2266 279,2265 305,2264 331,2263 357,2263 383,2262 409,2262 435,2261 462,2261 488,2261 514,2261 540,2261 566,2261 592,2261 618,2262 644,2262 671,2263 671,2229 644,2228 618,2228 592,2227 566,2227 540,2227 514,2227 488,2227 462,2227 435,2227 409,2228 383,2228 357,2229 331,2229 305,2230 279,2231 253,2232 227,2233"/>
                <Baseline points="227,2256 253,2255 279,2254 305,2253 331,2252 357,2252 383,2251 409,2251 435,2250 462,2250 488,2250 514,2250 540,2250 566,2250 592,2250 618,2251 644,2251 671,2252"/>
                <TextEquiv>
                    <Unicode>yo no vivo con reposo,</Unicode>
                </TextEquiv>
            </TextLine>
            <TextEquiv>
                <Unicode>El amor que has infundido
en mi pecho generoso,
me tiene de noche y dia
sin descanso ni reposo.
Tengo el corazon herido
y á decírtelo no acierto,
pero ten por entendido,
que está ardiendo en fuego lento
el amor que has infundido.
Tu corazon amoroso
dices que tiene una herida,
yo no vivo con reposo,</Unicode>
            </TextEquiv>
        </TextRegion>
        <TextRegion orientation="0.0" type="paragraph" id="r_8_1" custom="readingOrder {index:7;}">
            <Coords points="952,1561 1554,1561 1554,2258 952,2258"/>
            <TextLine id="r_8_1l1" custom="readingOrder {index:0;}">
                <Coords points="960,1621 989,1620 1018,1620 1047,1620 1076,1620 1105,1619 1134,1619 1164,1619 1193,1618 1222,1618 1251,1618 1280,1618 1309,1617 1338,1617 1368,1617 1397,1616 1426,1616 1455,1616 1484,1616 1513,1615 1543,1615 1543,1581 1513,1581 1484,1582 1455,1582 1426,1582 1397,1582 1368,1583 1338,1583 1309,1583 1280,1584 1251,1584 1222,1584 1193,1584 1164,1585 1134,1585 1105,1585 1076,1586 1047,1586 1018,1586 989,1586 960,1587"/>
                <Baseline points="960,1610 989,1609 1018,1609 1047,1609 1076,1609 1105,1608 1134,1608 1164,1608 1193,1607 1222,1607 1251,1607 1280,1607 1309,1606 1338,1606 1368,1606 1397,1605 1426,1605 1455,1605 1484,1605 1513,1604 1543,1604"/>
                <TextEquiv>
                    <Unicode>tengo una hoguera encendida</Unicode>
                </TextEquiv>
            </TextLine>
            <TextLine id="r_8_1l2" custom="readingOrder {index:1;}">
                <Coords points="957,1670 982,1670 1007,1671 1032,1671 1057,1671 1082,1671 1107,1671 1132,1670 1157,1670 1183,1669 1208,1669 1233,1668 1258,1668 1283,1667 1308,1667 1333,1667 1358,1667 1383,1667 1409,1667 1409,1633 1383,1633 1358,1633 1333,1633 1308,1633 1283,1633 1258,1634 1233,1634 1208,1635 1183,1635 1157,1636 1132,1636 1107,1637 1082,1637 1057,1637 1032,1637 1007,1637 982,1636 957,1636"/>
                <Baseline points="957,1659 982,1659 1007,1660 1032,1660 1057,1660 1082,1660 1107,1660 1132,1659 1157,1659 1183,1658 1208,1658 1233,1657 1258,1657 1283,1656 1308,1656 1333,1656 1358,1656 1383,1656 1409,1656"/>
                <TextEquiv>
                    <Unicode>en mi pecho generoso.</Unicode>
                </TextEquiv>
            </TextLine>
            <TextLine id="r_8_1l3" custom="readingOrder {index:2;}">
                <Coords points="993,1765 1018,1765 1043,1765 1068,1765 1093,1765 1119,1765 1144,1765 1169,1765 1194,1765 1220,1764 1245,1764 1270,1764 1295,1764 1320,1764 1346,1764 1371,1764 1396,1764 1421,1764 1447,1765 1447,1731 1421,1730 1396,1730 1371,1730 1346,1730 1320,1730 1295,1730 1270,1730 1245,1730 1220,1730 1194,1731 1169,1731 1144,1731 1119,1731 1093,1731 1068,1731 1043,1731 1018,1731 993,1731"/>
                <Baseline points="993,1754 1018,1754 1043,1754 1068,1754 1093,1754 1119,1754 1144,1754 1169,1754 1194,1754 1220,1753 1245,1753 1270,1753 1295,1753 1320,1753 1346,1753 1371,1753 1396,1753 1421,1753 1447,1754"/>
                <TextEquiv>
                    <Unicode>Esa honesta gallardía, </Unicode>
                </TextEquiv>
            </TextLine>
            <TextLine id="r_8_1l4" custom="readingOrder {index:3;}">
                <Coords points="960,1815 988,1816 1016,1816 1044,1816 1072,1816 1100,1816 1128,1815 1156,1814 1184,1813 1212,1813 1240,1812 1268,1812 1296,1812 1324,1812 1352,1813 1380,1814 1408,1816 1436,1819 1464,1823 1492,1827 1520,1831 1520,1797 1492,1793 1464,1789 1436,1785 1408,1782 1380,1780 1352,1779 1324,1778 1296,1778 1268,1778 1240,1778 1212,1779 1184,1779 1156,1780 1128,1781 1100,1782 1072,1782 1044,1782 1016,1782 988,1782 960,1781"/>
                <Baseline points="960,1804 988,1805 1016,1805 1044,1805 1072,1805 1100,1805 1128,1804 1156,1803 1184,1802 1212,1802 1240,1801 1268,1801 1296,1801 1324,1801 1352,1802 1380,1803 1408,1805 1436,1808 1464,1812 1492,1816 1520,1820"/>
                <TextEquiv>
                    <Unicode>ese gepial tan prudente,</Unicode>
                </TextEquiv>
            </TextLine>
            <TextLine id="r_8_1l5" custom="readingOrder {index:4;}">
                <Coords points="959,1863 984,1864 1010,1864 1036,1864 1062,1864 1088,1864 1114,1863 1140,1863 1166,1863 1192,1862 1218,1862 1244,1862 1270,1861 1296,1861 1322,1862 1348,1862 1348,1828 1322,1828 1296,1827 1270,1827 1244,1828 1218,1828 1192,1828 1166,1829 1140,1829 1114,1829 1088,1830 1062,1830 1036,1830 1010,1830 984,1830 959,1829"/>
                <Baseline points="959,1852 984,1853 1010,1853 1036,1853 1062,1853 1088,1853 1114,1852 1140,1852 1166,1852 1192,1851 1218,1851 1244,1851 1270,1850 1296,1850 1322,1851 1348,1851"/>
                <TextEquiv>
                    <Unicode>esos ojos, vida mia,</Unicode>
                </TextEquiv>
            </TextLine>
            <TextLine id="r_8_1l6" custom="readingOrder {index:5;}">
                <Coords points="965,1912 992,1912 1020,1912 1047,1912 1075,1911 1102,1911 1130,1911 1157,1910 1185,1910 1212,1910 1240,1910 1268,1909 1295,1909 1323,1909 1350,1909 1378,1908 1405,1908 1433,1908 1460,1908 1488,1908 1516,1909 1516,1875 1488,1874 1460,1874 1433,1874 1405,1874 1378,1874 1350,1875 1323,1875 1295,1875 1268,1875 1240,1876 1212,1876 1185,1876 1157,1876 1130,1877 1102,1877 1075,1877 1047,1878 1020,1878 992,1878 965,1878"/>
                <Baseline points="965,1901 992,1901 1020,1901 1047,1901 1075,1900 1102,1900 1130,1900 1157,1899 1185,1899 1212,1899 1240,1899 1268,1898 1295,1898 1323,1898 1350,1898 1378,1897 1405,1897 1433,1897 1460,1897 1488,1897 1516,1898"/>
                <TextEquiv>
                    <Unicode>sin sueño como un demente</Unicode>
                </TextEquiv>
            </TextLine>
            <TextLine id="r_8_1l7" custom="readingOrder {index:6;}">
                <Coords points="964,1963 990,1963 1016,1962 1042,1962 1069,1962 1095,1961 1121,1961 1148,1961 1174,1961 1200,1960 1227,1960 1253,1960 1279,1960 1305,1959 1332,1959 1358,1959 1384,1959 1411,1959 1437,1959 1463,1959 1490,1959 1490,1925 1463,1925 1437,1925 1411,1925 1384,1925 1358,1925 1332,1925 1305,1925 1279,1926 1253,1926 1227,1926 1200,1926 1174,1927 1148,1927 1121,1927 1095,1927 1069,1928 1042,1928 1016,1928 990,1929 964,1929"/>
                <Baseline points="964,1952 990,1952 1016,1951 1042,1951 1069,1951 1095,1950 1121,1950 1148,1950 1174,1950 1200,1949 1227,1949 1253,1949 1279,1949 1305,1948 1332,1948 1358,1948 1384,1948 1411,1948 1437,1948 1463,1948 1490,1948"/>
                <TextEquiv>
                    <Unicode>me tienen de noche y dia.</Unicode>
                </TextEquiv>
            </TextLine>
            <TextLine id="r_8_1l8" custom="readingOrder {index:7;}">
                <Coords points="1004,2060 1030,2060 1057,2059 1084,2059 1111,2059 1138,2059 1164,2058 1191,2058 1218,2058 1245,2057 1272,2057 1298,2057 1325,2057 1352,2056 1379,2056 1406,2055 1432,2055 1459,2055 1486,2054 1513,2053 1540,2053 1540,2019 1513,2019 1486,2020 1459,2021 1432,2021 1406,2021 1379,2022 1352,2022 1325,2023 1298,2023 1272,2023 1245,2023 1218,2024 1191,2024 1164,2024 1138,2025 1111,2025 1084,2025 1057,2025 1030,2026 1004,2026"/>
                <Baseline points="1004,2049 1030,2049 1057,2048 1084,2048 1111,2048 1138,2048 1164,2047 1191,2047 1218,2047 1245,2046 1272,2046 1298,2046 1325,2046 1352,2045 1379,2045 1406,2044 1432,2044 1459,2044 1486,2043 1513,2042 1540,2042"/>
                <TextEquiv>
                    <Unicode>Soy mujer y me es forzoso</Unicode>
                </TextEquiv>
            </TextLine>
            <TextLine id="r_8_1l9" custom="readingOrder {index:8;}">
                <Coords points="961,2107 987,2108 1013,2108 1039,2108 1065,2108 1091,2107 1117,2106 1143,2106 1170,2105 1196,2104 1222,2104 1248,2103 1274,2103 1300,2103 1326,2104 1352,2105 1379,2107 1379,2076 1352,2074 1326,2073 1300,2072 1274,2072 1248,2072 1222,2073 1196,2073 1170,2074 1143,2075 1117,2075 1091,2076 1065,2077 1039,2077 1013,2077 987,2077 961,2076"/>
                <Baseline points="961,2097 987,2098 1013,2098 1039,2098 1065,2098 1091,2097 1117,2096 1143,2096 1170,2095 1196,2094 1222,2094 1248,2093 1274,2093 1300,2093 1326,2094 1352,2095 1379,2097"/>
                <TextEquiv>
                    <Unicode>mi pasion disimular,</Unicode>
                </TextEquiv>
            </TextLine>
            <TextLine id="r_8_1l10" custom="readingOrder {index:9;}">
                <Coords points="961,2159 986,2159 1012,2158 1038,2157 1064,2156 1090,2156 1115,2155 1141,2154 1167,2154 1193,2153 1219,2153 1244,2153 1270,2152 1296,2152 1322,2152 1348,2151 1373,2151 1399,2151 1425,2151 1451,2150 1477,2150 1477,2119 1451,2119 1425,2120 1399,2120 1373,2120 1348,2120 1322,2121 1296,2121 1270,2121 1244,2122 1219,2122 1193,2122 1167,2123 1141,2123 1115,2124 1090,2125 1064,2125 1038,2126 1012,2127 986,2128 961,2128"/>
                <Baseline points="961,2149 986,2149 1012,2148 1038,2147 1064,2146 1090,2146 1115,2145 1141,2144 1167,2144 1193,2143 1219,2143 1244,2143 1270,2142 1296,2142 1322,2142 1348,2141 1373,2141 1399,2141 1425,2141 1451,2140 1477,2140"/>
                <TextEquiv>
                    <Unicode>pero me es muy doloroso</Unicode>
                </TextEquiv>
            </TextLine>
            <TextLine id="r_8_1l11" custom="readingOrder {index:10;}">
                <Coords points="968,2207 995,2207 1022,2206 1049,2206 1077,2205 1104,2205 1131,2205 1159,2204 1186,2204 1213,2204 1241,2204 1268,2203 1295,2203 1323,2203 1350,2202 1377,2202 1405,2202 1432,2201 1459,2201 1487,2200 1487,2166 1459,2167 1432,2167 1405,2168 1377,2168 1350,2168 1323,2169 1295,2169 1268,2169 1241,2170 1213,2170 1186,2170 1159,2170 1131,2171 1104,2171 1077,2171 1049,2172 1022,2172 995,2173 968,2173"/>
                <Baseline points="968,2196 995,2196 1022,2195 1049,2195 1077,2194 1104,2194 1131,2194 1159,2193 1186,2193 1213,2193 1241,2193 1268,2192 1295,2192 1323,2192 1350,2191 1377,2191 1405,2191 1432,2190 1459,2190 1487,2189"/>
                <TextEquiv>
                    <Unicode>el que me digas que estás</Unicode>
                </TextEquiv>
            </TextLine>
            <TextLine id="r_8_1l12" custom="readingOrder {index:11;}">
                <Coords points="960,2256 985,2256 1010,2255 1035,2255 1061,2255 1086,2255 1111,2255 1136,2254 1162,2254 1187,2254 1212,2254 1237,2253 1263,2253 1288,2253 1313,2252 1338,2252 1364,2252 1389,2252 1414,2252 1440,2252 1440,2218 1414,2218 1389,2218 1364,2218 1338,2218 1313,2218 1288,2219 1263,2219 1237,2219 1212,2220 1187,2220 1162,2220 1136,2220 1111,2221 1086,2221 1061,2221 1035,2221 1010,2221 985,2222 960,2222"/>
                <Baseline points="960,2245 985,2245 1010,2244 1035,2244 1061,2244 1086,2244 1111,2244 1136,2243 1162,2243 1187,2243 1212,2243 1237,2242 1263,2242 1288,2242 1313,2241 1338,2241 1364,2241 1389,2241 1414,2241 1440,2241"/>
                <TextEquiv>
                    <Unicode>sin descanso ni reposo.</Unicode>
                </TextEquiv>
            </TextLine>
            <TextEquiv>
                <Unicode>tengo una hoguera encendida
en mi pecho generoso.
Esa honesta gallardía, 
ese gepial tan prudente,
esos ojos, vida mia,
sin sueño como un demente
me tienen de noche y dia.
Soy mujer y me es forzoso
mi pasion disimular,
pero me es muy doloroso
el que me digas que estás
sin descanso ni reposo.</Unicode>
            </TextEquiv>
        </TextRegion>
    </Page>
</PcGts>
