1737 2508
1504 68 1524 218 3
258 205 780 244 Desde tu frente espaciosa.
207 254 680 295 hasta la planta del pié,
218 302 703 344 eres el ser mas perfecto
220 351 820 395 que en el mundo puede haber.
262 464 677 501 Esas colores de rosa,
215 512 701 552 esos ojos que me llaman
219 561 734 599 y esas cejas tan hermosas,
217 608 780 647 me están cautivando el alma
228 657 740 698 desde tu frente espaciosa.
267 764 835 807 Sé que eres hombre de bien
236 818 837 856 porque lo ha dispuesto el cielo,
221 864 650 907 y perfecto cual se vé
225 915 734 951 desde las puntas del pelo,
224 964 701 1002 hasta la planta del pié.
270 1072 739 1111 Tu eres el único objeto
232 1123 717 1161 que adoro con ceguedad,
225 1172 737 1209 estoy persuadido y cierto,
230 1219 795 1259 que entre las hijas de Adan,
224 1267 722 1309 eres el ser mas perfecto.
266 1382 608 1420 Dislocada viviré
231 1433 835 1471 porque tu amor me ha cegado,
235 1481 627 1518 el objeto mas amado
234 1527 819 1570 que en el mundo puede haber.
286 1643 735 1684 El amor es una planta,
235 1693 703 1732 la cultiva la prudencia,
231 1742 755 1781 se riega con la esperanza,
231 1790 639 1836 y la coje la firmeza.
275 1900 792 1939 Ningun corazon se aparta
233 1950 676 1989 del fuego de su pasion,
232 1999 757 2039 los concejos no le bastan;
237 2048 701 2086 dijo un sábio con razon
230 2097 691 2137 el amor es una planta.
277 2201 820 2242 La buena correspondencia
941 198 1399 238 suele ser atormentada,
943 244 1546 287 tocamos por la esperiencia
950 292 1485 335 que una discordia formada
941 343 1407 386 la cultiva la prudencia.
990 467 1476 508 Las noches y dias pasan
950 516 1388 554 como nube tenebrosa,
955 566 1407 606 pero vivo en confianza,
957 613 1419 653 que para abrir una rosa
943 661 1481 705 se riega con la esperanza.
989 779 1485 819 Una mirada en la Iglesia
947 830 1411 869 se repite en el estrado,
949 876 1508 917 y en siendo la tierra gruesa
947 927 1453 964 la siembra el apasionado,
951 976 1367 1021 y la coje la firmeza.
994 1095 1455 1136 No siento penar por tí
950 1144 1443 1184 ni sufrir impertinencias,
960 1192 1541 1233 lo que siento es que me dejes
957 1241 1400 1281 á la luna de valencia.
1004 1358 1415 1401 Desde que te conocí
964 1410 1509 1451 estoy sufriendo mil muertes,
962 1459 1399 1500 tu no te dueles de mi,
967 1507 1481 1550 y yo tan ciego en quererte
954 1556 1405 1597 no siento penar por tí.
1002 1678 1596 1722 Tus muchas correspondencias
960 1729 1490 1773 me tienen con tal desvelo,
959 1780 1527 1823 y á mí me fartan las fuerzas,
957 1827 1507 1869 no estoy por aguantar celos
960 1876 1455 1919 ni sufrir impertinencias.
1010 1994 1583 2034 No creas lo que te aconsejen
971 2043 1507 2084 que te engañan como niña,
964 2091 1524 2133 aunque mi amor no protejes
960 2140 1510 2184 no siento que así me riñas,
964 2188 1559 2234 lo que siento es que me dejes.
