1737 2508
182 259 564 313 y le obligaron así
188 322 702 377 los zelos de cierta dama,
190 384 811 439 que al paso que á mí favores,
188 448 682 503 á él desfavores le daba.
192 511 714 563 Embainé el lucido acero,
199 573 776 624 que fuè inexpugnable parca
200 635 675 687 de su desdichada vida.
197 698 771 748 Monté á caballo, á mi casa
203 759 745 810 doy vuelta, juzgando que
204 823 845 873 no hubiese quien me buscara;
200 885 776 936 mas dentro de pocas horas
208 949 754 999 salió el suceso á la plaza,
208 1010 730 1060 y entre diversos corrillos
208 1074 746 1124 nobles y plebeyos, daban
210 1137 615 1185 diferentes coloridos
216 1199 753 1248 al lienzo de mi desgracia.
220 1260 688 1307 Finalmente, la justicia
216 1322 676 1372 rigorosamente manda,
224 1383 898 1435 que vivo ó muerto me prendan.
213 1446 735 1496 No sé qué lengua villana
224 1507 806 1560 pudo descubrirme, y viendo
219 1571 809 1624 del modo que me buscaban,
224 1635 718 1689 y tan cierto mi peligro,
217 1698 718 1749 apelé al salto de matas,
223 1757 859 1814 antes que á ruego de buenas.
219 1821 779 1877 Dejé mi casa y mi patria:
230 1884 844 1941 gasté algun tiempo en Madrid
230 1947 709 2003 y sin duda alli pasara
226 2012 829 2065 toda mi vida à no haberme
236 2075 737 2128 sucedido otra desgracia.
238 2139 748 2189 Pasé desde alli á Sevilla,
236 2200 786 2253 que es la maravilla octava
244 2265 814 2316 del mundo y en breves dias
1474 184 1486 230 3
930 245 1468 294 vi sus calles y sus plazas.
921 308 1524 356 Fuime á la ciudad de Cadiz,
924 368 1515 420 á tiempo que en ella estaba
930 430 1500 483 el señor Don Luis Fajardo
930 495 1448 544 de general en la armada:
932 557 1386 608 en la Almirante senté
936 615 1575 673 plaza de soldado. ¡Oh cuántas
938 680 1426 736 cosas remito al silencio
940 741 1519 796 por no alargar la sustancia!
934 810 1314 859 Solo de paso diré,
938 872 1481 922 que dando velas y jarcias,
940 935 1425 987 al imperio de Neptuno,
938 997 1489 1049 sobre su escarchada plata,
944 1059 1399 1111 flámulas y gallardetes
946 1121 1470 1174 eran volantes, que daban
950 1184 1438 1237 admiraciones al mundo,
954 1246 1473 1300 asunto mucho á la fama.
954 1307 1558 1362 Sucedió pues que una tarde
955 1369 1459 1424 á bordo de la Almirante
958 1433 1480 1487 me desmintió un capitan;
953 1496 1578 1547 yo al ver manchada mi fama,
956 1559 1401 1613 lleno de ira le arrojo
964 1624 1477 1674 una mano á la garganta,
957 1686 1424 1735 y sacando con la otra
964 1746 1428 1801 una muy lucida daga,
968 1809 1473 1865 le dije: Dios te perdone,
971 1872 1619 1928 cuando él dijo: Dios me valga.
964 1935 1373 1989 Mi general se irritó
972 1995 1577 2055 contra mí, y al punto manda
964 2056 1671 2119 que me den muerte, y yo viendo.
966 2127 1488 2181 su rigor, me tiré al agua
976 2187 1478 2242 disparándome dos tiros.
964 2250 1583 2306 Dios me libró, cosa es clara,
