1737 2508
236 236 843 297 Confuso quedè, y cualquiera
242 306 665 358 aseguro lo quedara,
236 367 816 418 porque esta era una Señora
240 429 775 483 à quien jamas ví la cara,
246 490 816 545 por un mar de confusiones
251 554 713 608 mi discurso navegaba,
256 618 777 672 ya tímido, y ya resuelto,
249 681 790 730 sin determinarme á nada.
259 741 729 794 Yo acá para mí decia:
257 804 789 858 no resolverme es infamia,
266 866 780 921 determinarme es locura:
273 926 851 982 ¡Válgame Dios! ¿Esta causa
258 993 853 1047 no es piadosa cuando busca
270 1056 784 1109 amparo una desdichada?
260 1119 751 1172 Mas preguntarme solia
271 1181 882 1234 fuera de estas circunstancias:
271 1245 829 1300 ¿no es causa de Dios? Pues Dios
273 1309 840 1360 ha de volver por mi causa.
271 1372 887 1423 No muera Blanca: no muera,
273 1438 800 1492 y pues de mí se ampara,
271 1501 830 1545 ó yo he de perder la vida,
275 1559 807 1610 ó ella restaurar su fama.
284 1623 720 1673 Determiné en efecto,
280 1686 848 1735 y con presteza y con maña
288 1749 829 1799 mandé ensillar un caballo,
285 1812 780 1864 tan oscuro que juzgara
290 1873 751 1927 ser de Etyopia nacido
284 1939 820 1987 cualquiera que lo miraba.
289 2001 796 2047 Vestíme de negro trage,
292 2063 800 2113 negras y doradas armas,
284 2128 794 2176 negra; la silla del bruto;
289 2189 820 2239 empuñé una negra lanza,
300 2251 861 2302 dí plumas negras al viento,
1561 154 1582 220 5
1556 174 1566 216 3
970 229 1570 280 y al rostro una negra banda,
976 289 1540 343 debido luto en un hombre,
972 350 1631 405 al muerto honor de una Dama.
978 414 1532 467 Saqué sobre campo negro
982 478 1501 531 con unas letras de plata,
987 539 1486 593 un Mote, que asi decia:
992 601 1532 655 Yo soy un rayo con alas,
988 662 1579 719 que en contra de la mentira
987 726 1569 780 traigo la verdad por armas.
1000 788 1541 845 Con estas tristes insignias,
996 849 1532 906 confuso llegué á la plaza;
1002 913 1492 969 entré por ella, y apenas
1002 979 1493 1033 de balcones y ventanas
994 1039 1609 1095 me vieron, cuando un tropel
996 1104 1534 1158 se movió de voces varias,
1008 1163 1571 1221 con confusion que al oirlas
1010 1228 1506 1285 el bruto que gobernaba,
1006 1292 1416 1349 alborotado no cupo
1016 1351 1537 1411 en sí, ni en toda la plaza.
1013 1415 1513 1474 Dí vuelta por toda ella;
1010 1476 1478 1539 como tados ignoraban
1016 1538 1490 1600 quién era, dieron aviso
1024 1602 1469 1663 de mi vida á la Sacra
1012 1662 1569 1727 simpre Augusta Magestad
1020 1726 1656 1788 del Rey; á este tiempo estaba
1026 1791 1562 1851 dispuesto un triste teatro,
1028 1855 1529 1913 de lutos horrible mapa,
1028 1917 1555 1976 pira de horrores confusa,
1022 1978 1565 2039 arca de miserias y ansias,
1029 2040 1550 2105 y en él confusa y llorosa
1020 2107 1459 2164 en una silla sentada,
1024 2167 1539 2226 vestido un negro ropage
1024 2231 1583 2290 estaba la hermosa Blanca,
