1765 2512
182 337 204 374 2
106 376 529 431 amanecieron en mí
95 429 639 499 y con dos líneas doradas
117 492 711 555 la edad de diez y ocho años,
108 553 740 618 me sacó el tiempo á la cara,
115 613 769 678 me incliné mas que á las letras
120 682 652 740 al manejo de las armas.
122 743 603 801 Contínuo divertimiento
124 805 749 865 era en mí el monte y la caza,
128 867 649 929 porque de la guerra son
133 932 581 989 una muda semejanza.
131 992 703 1052 Corriendo tras mi destino,
127 1053 679 1116 salí una hermosa mañana
137 1120 681 1177 de mayo, donde amaltea,
129 1183 579 1241 solícita y cortesana,
129 1246 573 1306 en egércitos lucidos,
140 1306 579 1369 introdujo copia tanta
143 1366 743 1429 de flores, que al verlas dije,
141 1426 755 1493 dándole al Autor las gracias:
143 1493 613 1556 sin duda la primavera
142 1555 673 1619 á cortes sus flores llama
148 1616 718 1682 á este sitio pues que junta
146 1680 671 1744 tan opulentas escuadras.
160 1745 607 1805 Cansado ya de mirar
150 1805 833 1867 tronco á tronco, rama á rama,
152 1870 733 1931 la esmeralda entre claveles,
157 1933 757 1996 y el clavel entre esmeraldas,
166 1993 760 2055 lleguè á la apacible márgen
168 2056 751 2119 de un arroyo, cuyas aguas
169 2118 731 2182 cuanto un cristal atesoran;
176 2183 729 2245 dan desperdicios en plata.
172 2250 613 2307 Apeéme del caballo,
171 2310 735 2376 y atándole de una rama,
185 2370 772 2434 la escopeta arrimo, y tiendo
835 351 1345 402 sobre la arena la capa;
838 410 1401 464 busco el sosiego, y apenas
850 473 1319 527 á descansar empezaba
851 537 1395 592 cuando oigo ruido lejos;
850 599 1273 657 examino las pisadas,
847 658 1527 720 póngole oido, vuelvo el rostro,
855 724 1403 779 veo que á mí se acercaba
851 786 1413 842 un hombre, llegóse á mí,
855 848 1389 903 él no llagó con palabras:
861 911 1335 966 luego palabras con èl
861 974 1321 1028 alli fueron escusadas:
864 1036 1457 1091 con lenguas de fuego habló,
863 1098 1391 1163 y con prudencia irritada
869 1162 1317 1223 y cólera, le respondo
865 1224 1519 1280 con la lengua de mi espada;
880 1284 1497 1345 cruel, sangriento me embiste,
874 1348 1401 1409 yo le tiro, èl se repara.
878 1408 1436 1470 Mas viendo que su peligro
879 1476 1351 1530 evidente se mostraba,
889 1536 1357 1592 con una pistola vibra
887 1600 1437 1656 contra mí postas y balas,
890 1659 1361 1720 mas viendo la disparó
894 1720 1403 1784 le busco con tanta rabia,
894 1782 1479 1847 que cuando el humo paró,
894 1841 1566 1909 ya estaba muerto á mis plantas.
906 1907 1495 1967 Victorioso, aunque confuso,
891 1969 1513 2031 sin saber de quien triunfaba,
897 2031 1521 2096 llego, y descubrole el rostro:
910 2094 1453 2159 aquí me turbé, pues halla
903 2158 1359 2220 mi valor un caballero
908 2221 1459 2281 de lo mejor de mi patria,
907 2285 1469 2345 sobrino de un gran señor,
910 2351 1415 2413 y heredero de su casa,
