1737 2508
235 275 816 326 que si mil mundos hubiera,
232 336 743 389 á mil mundos abrasara.
232 398 810 451 Despues de las ceremonias
240 460 822 513 para este efecto, y las cajas
240 524 698 575 hacen seña, y yo salí
241 586 863 636 del puesto donde me hallaba;
236 650 789 700 llegué al cadalso y le dije
240 714 676 763 á la rea desdichada:
239 775 670 826 Señora, tened valor,
246 838 847 890 que esta vida que os ampara
249 900 871 952 va á morir por vuestra honra,
241 963 862 1017 pedidle á Dios que me valga,
253 1026 819 1075 y me repondió: El os guie,
248 1088 816 1135 y en vuestra defensa vaya.
243 1149 729 1200 El primer mantenedor
250 1213 720 1263 me presentó la batalla,
254 1276 679 1326 se travó la lid cruel;
245 1338 817 1389 mas me dí tan buena maña,
252 1399 728 1450 que se acabó lo pelea
256 1460 866 1514 cuado entendí que empezaba.
258 1524 783 1575 Cayó difunto en el suelo;
259 1586 731 1637 lleno de cólera y rabia
252 1645 838 1697 salió el segundo: gran rato
261 1709 887 1757 tuvo el sol en nuestras armas,
266 1768 813 1818 que admirar, mas pemitió
257 1832 803 1881 mi fortuna ó mi desgracia,
264 1893 944 1944 que él y el bruto á un golpe mio
272 1957 763 2006 victorioso me llamaran.
270 2018 875 2069 Dió órden el Rey que de allí
269 2083 699 2134 un rato me retirara;
265 2148 757 2199 y dije: Decidle al Rey,
276 2206 878 2258 que estimo con toda el alma
267 2267 907 2324 sus mercedes, que quien sirve
1547 209 1579 258 7
964 268 1521 317 hasta vencer no descansa,
977 333 1567 381 que tiempo habrá para todo,
970 396 1495 443 pues es poco lo que falta.
972 459 1488 507 Llegué á mi competidor,
982 519 1611 571 que ya en el puesto aguardaba:
969 583 1471 630 y tan recio á mí partió,
981 645 1563 692 que me hizo crugir la lanza:
979 707 1609 751 tan soberbio era y tan diestro,
974 766 1504 813 y alcanzaba tal pujanza,
982 826 1472 872 que me sacó de la silla:
976 891 1580 940 caí en tierra: Dios me valga:
978 951 1538 998 dije en tonces; pero presto
984 1012 1523 1059 me levanté, y á la espada
976 1072 1406 1120 remetí de su osadía
984 1137 1498 1187 el castigo y la venganza.
977 1197 1544 1244 Despues de lidiar un poco,
988 1260 1537 1312 perdió la silla, y me llama
983 1323 1564 1372 de los brazos, yo le acepto,
981 1381 1495 1441 y con cólera y con rabia
988 1450 1491 1504 ó como leon sangriento,
988 1511 1525 1564 tal conmigo le estrechaba;
995 1570 1497 1621 tanto llegué á sofocarlo,
995 1634 1531 1687 tanto, que apenas hallara
991 1696 1453 1747 lugar por donde salir,
998 1762 1502 1812 con ser espirtu el alma.
1004 1822 1577 1872 Cayó en fin como los otros,
996 1881 1544 1932 y con voces mal formadas
996 1941 1549 1992 dijo: Blanca, Esposa mia,
1006 2004 1547 2058 por complacer una Dama,
1017 2065 1593 2122 ¡qué dolor!) por repudiarte,
1003 2129 1485 2183 y por deslucir tufama,
1007 2188 1462 2239 de adúltera te imputé:
1005 2251 1507 2312 y esta verdad lo declara
