<?xml version="1.0" encoding="UTF-8" standalone="yes"?>
<PcGts xmlns="http://schema.primaresearch.org/PAGE/gts/pagecontent/2013-07-15" xmlns:xsi="http://www.w3.org/2001/XMLSchema-instance" xsi:schemaLocation="http://schema.primaresearch.org/PAGE/gts/pagecontent/2013-07-15 http://schema.primaresearch.org/PAGE/gts/pagecontent/2013-07-15/pagecontent.xsd">
    <Metadata>
        <Creator>prov=University of Rostock/Institute of Mathematics/CITlab|PLANET AI GmbH/Gundram Leifert/gundram.leifert@planet-ai.de:name=Pliegos de Cordel (XIXe) - v3(htr_id=26984)::::v=2.6.7
prov=University of Rostock/Institute of Mathematics/CITlab|PLANET AI GmbH/Tobias Gruening/tobias.gruening@planet-ai.de:name=de.uros.citlab.module.baseline2polygon.B2PSeamMultiOriented:v=2.6.7
prov=University of Rostock/Institute of Mathematics/CITlab|PLANET AI GmbH/Tobias Gruening/tobias.gruening@planet-ai.de:name=/net_tf/LA73_249_0mod360.pb:de.uros.citlab.segmentation.CITlab_LA_ML:v=2.6.7
Transkribus</Creator>
        <Created>2020-10-22T17:41:05.494+02:00</Created>
        <LastChange>2020-10-26T11:36:57.129+01:00</LastChange>
        <TranskribusMetadata docId="523582" pageId="22274782" pageNr="114" tsid="46763114" status="DONE" userId="66244" imgUrl="https://files.transkribus.eu/Get?id=TEYKWDAENCYAAYBENWQDVWSM&amp;fileType=view" xmlUrl="https://files.transkribus.eu/Get?id=RYRISEJZMWQGHLSPZZFSRYSE" imageId="17351002"/>
    </Metadata>
    <Page imageFilename="Moreno_057_6.jpg" imageWidth="1765" imageHeight="2512">
        <ReadingOrder>
            <OrderedGroup id="ro_1606489621695" caption="Regions reading order">
                <RegionRefIndexed index="0" regionRef="region_1603708602289_2427"/>
                <RegionRefIndexed index="1" regionRef="r1"/>
                <RegionRefIndexed index="2" regionRef="r2"/>
            </OrderedGroup>
        </ReadingOrder>
        <TextRegion id="region_1603708602289_2427" custom="readingOrder {index:0;}">
            <Coords points="159,138 220,138 220,215 159,215"/>
            <TextLine id="line_1603708606811_2431" custom="readingOrder {index:0;}">
                <Coords points="169,154 210,154 210,205 169,205"/>
                <TextEquiv>
                    <Unicode>6</Unicode>
                </TextEquiv>
            </TextLine>
            <TextEquiv>
                <Unicode>6</Unicode>
            </TextEquiv>
        </TextRegion>
        <TextRegion orientation="0.0" id="r1" custom="readingOrder {index:1;}">
            <Coords points="87,222 87,2285 722,2285 722,222"/>
            <TextLine id="r1l1" custom="readingOrder {index:0;}">
                <Coords points="88,267 117,267 146,267 175,267 205,267 234,267 263,267 293,267 322,267 351,267 381,267 410,267 439,267 468,267 498,268 527,268 556,269 586,270 615,271 644,271 674,273 674,228 644,226 615,226 586,225 556,224 527,223 498,223 468,222 439,222 410,222 381,222 351,222 322,222 293,222 263,222 234,222 205,222 175,222 146,222 117,222 88,222"/>
                <Baseline points="88,252 117,252 146,252 175,252 205,252 234,252 263,252 293,252 322,252 351,252 381,252 410,252 439,252 468,252 498,253 527,253 556,254 586,255 615,256 644,256 674,258"/>
                <TextEquiv>
                    <Unicode>sin órden suelto el cabello,</Unicode>
                </TextEquiv>
            </TextLine>
            <TextLine id="r1l2" custom="readingOrder {index:1;}">
                <Coords points="87,331 112,331 138,330 164,330 190,330 216,330 241,330 267,330 293,330 319,331 345,331 370,331 396,332 422,332 448,333 474,333 500,333 500,288 474,288 448,288 422,287 396,287 370,286 345,286 319,286 293,285 267,285 241,285 216,285 190,285 164,285 138,285 112,286 87,286"/>
                <Baseline points="87,316 112,316 138,315 164,315 190,315 216,315 241,315 267,315 293,315 319,316 345,316 370,316 396,317 422,317 448,318 474,318 500,318"/>
                <TextEquiv>
                    <Unicode>descolorida la cara;</Unicode>
                </TextEquiv>
            </TextLine>
            <TextLine id="r1l3" custom="readingOrder {index:2;}">
                <Coords points="88,398 113,396 138,394 163,393 188,392 213,391 238,390 263,390 288,390 313,389 339,390 364,390 389,390 414,391 439,391 464,392 489,393 514,394 539,395 564,396 590,397 590,357 564,356 539,355 514,354 489,353 464,352 439,351 414,351 389,350 364,350 339,350 313,349 288,350 263,350 238,350 213,351 188,352 163,353 138,354 113,356 88,358"/>
                <Baseline points="88,385 113,383 138,381 163,380 188,379 213,378 238,377 263,377 288,377 313,376 339,377 364,377 389,377 414,378 439,378 464,379 489,380 514,381 539,382 564,383 590,384"/>
                <TextEquiv>
                    <Unicode>y á un devoto crucifijo,</Unicode>
                </TextEquiv>
            </TextLine>
            <TextLine id="r1l4" custom="readingOrder {index:3;}">
                <Coords points="96,454 121,454 147,454 173,454 198,454 224,454 250,454 275,454 301,454 327,454 352,454 378,454 404,454 429,454 455,455 481,455 506,455 532,456 558,457 584,458 584,418 558,417 532,416 506,415 481,415 455,415 429,414 404,414 378,414 352,414 327,414 301,414 275,414 250,414 224,414 198,414 173,414 147,414 121,414 96,414"/>
                <Baseline points="96,441 121,441 147,441 173,441 198,441 224,441 250,441 275,441 301,441 327,441 352,441 378,441 404,441 429,441 455,442 481,442 506,442 532,443 558,444 584,445"/>
                <TextEquiv>
                    <Unicode>devotamente inclinada,</Unicode>
                </TextEquiv>
            </TextLine>
            <TextLine id="r1l5" custom="readingOrder {index:4;}">
                <Coords points="93,518 118,518 144,518 170,518 196,518 222,518 248,518 274,517 300,517 326,517 352,517 378,517 404,517 430,517 456,517 482,518 508,518 534,518 560,519 586,519 586,476 560,476 534,475 508,475 482,475 456,474 430,474 404,474 378,474 352,474 326,474 300,474 274,474 248,475 222,475 196,475 170,475 144,475 118,475 93,475"/>
                <Baseline points="93,504 118,504 144,504 170,504 196,504 222,504 248,504 274,503 300,503 326,503 352,503 378,503 404,503 430,503 456,503 482,504 508,504 534,504 560,505 586,505"/>
                <TextEquiv>
                    <Unicode>diciendo con mucha fe:</Unicode>
                </TextEquiv>
            </TextLine>
            <TextLine id="r1l6" custom="readingOrder {index:5;}">
                <Coords points="93,580 119,581 146,581 172,582 199,582 226,582 252,582 279,582 305,582 332,582 359,582 385,582 412,582 438,582 465,582 492,582 518,582 545,582 571,582 598,583 625,583 625,538 598,538 571,537 545,537 518,537 492,537 465,537 438,537 412,537 385,537 359,537 332,537 305,537 279,537 252,537 226,537 199,537 172,537 146,536 119,536 93,535"/>
                <Baseline points="93,565 119,566 146,566 172,567 199,567 226,567 252,567 279,567 305,567 332,567 359,567 385,567 412,567 438,567 465,567 492,567 518,567 545,567 571,567 598,568 625,568"/>
                <TextEquiv>
                    <Unicode>De la calumniosa infamia</Unicode>
                </TextEquiv>
            </TextLine>
            <TextLine id="r1l7" custom="readingOrder {index:6;}">
                <Coords points="98,648 127,647 156,646 186,645 215,645 245,644 274,644 304,644 333,644 363,644 392,644 421,644 451,644 480,644 510,645 539,645 569,645 598,645 628,645 657,645 687,645 687,600 657,600 628,600 598,600 569,600 539,600 510,600 480,599 451,599 421,599 392,599 363,599 333,599 304,599 274,599 245,599 215,600 186,600 156,601 127,602 98,603"/>
                <Baseline points="98,633 127,632 156,631 186,630 215,630 245,629 274,629 304,629 333,629 363,629 392,629 421,629 451,629 480,629 510,630 539,630 569,630 598,630 628,630 657,630 687,630"/>
                <TextEquiv>
                    <Unicode>que me imputan, solo á vos</Unicode>
                </TextEquiv>
            </TextLine>
            <TextLine id="r1l8" custom="readingOrder {index:7;}">
                <Coords points="99,708 124,708 149,708 175,708 200,707 225,707 251,707 276,707 301,707 327,707 352,706 378,706 403,706 428,706 454,706 479,707 504,707 530,708 555,708 581,709 581,664 555,663 530,663 504,662 479,662 454,661 428,661 403,661 378,661 352,661 327,662 301,662 276,662 251,662 225,662 200,662 175,663 149,663 124,663 99,663"/>
                <Baseline points="99,693 124,693 149,693 175,693 200,692 225,692 251,692 276,692 301,692 327,692 352,691 378,691 403,691 428,691 454,691 479,692 504,692 530,693 555,693 581,694"/>
                <TextEquiv>
                    <Unicode>apelan mis esperanzas.</Unicode>
                </TextEquiv>
            </TextLine>
            <TextLine id="r1l9" custom="readingOrder {index:8;}">
                <Coords points="101,770 127,770 153,771 179,771 206,771 232,771 258,771 284,771 311,771 337,771 363,770 389,770 416,770 442,770 468,770 494,770 521,770 547,770 573,771 600,771 600,726 573,726 547,725 521,725 494,725 468,725 442,725 416,725 389,725 363,725 337,726 311,726 284,726 258,726 232,726 206,726 179,726 153,726 127,725 101,725"/>
                <Baseline points="101,755 127,755 153,756 179,756 206,756 232,756 258,756 284,756 311,756 337,756 363,755 389,755 416,755 442,755 468,755 494,755 521,755 547,755 573,756 600,756"/>
                <TextEquiv>
                    <Unicode>Ya era la hora postrera</Unicode>
                </TextEquiv>
            </TextLine>
            <TextLine id="r1l10" custom="readingOrder {index:9;}">
                <Coords points="95,833 120,834 145,835 170,835 195,835 220,835 245,835 270,834 295,834 320,834 345,833 370,833 395,833 420,833 445,833 470,833 495,834 520,835 545,836 570,838 570,793 545,791 520,790 495,789 470,788 445,788 420,788 395,788 370,788 345,788 320,789 295,789 270,789 245,790 220,790 195,790 170,790 145,790 120,789 95,788"/>
                <Baseline points="95,818 120,819 145,820 170,820 195,820 220,820 245,820 270,819 295,819 320,819 345,818 370,818 395,818 420,818 445,818 470,818 495,819 520,820 545,821 570,823"/>
                <TextEquiv>
                    <Unicode>de su vida desdichada,</Unicode>
                </TextEquiv>
            </TextLine>
            <TextLine id="r1l11" custom="readingOrder {index:10;}">
                <Coords points="99,897 127,896 156,896 185,896 214,896 242,896 271,896 300,896 329,896 357,896 386,896 415,896 444,896 472,896 501,896 530,896 559,896 587,896 616,896 645,896 674,897 674,852 645,851 616,851 587,851 559,851 530,851 501,851 472,851 444,851 415,851 386,851 357,851 329,851 300,851 271,851 242,851 214,851 185,851 156,851 127,851 99,852"/>
                <Baseline points="99,882 127,881 156,881 185,881 214,881 242,881 271,881 300,881 329,881 357,881 386,881 415,881 444,881 472,881 501,881 530,881 559,881 587,881 616,881 645,881 674,882"/>
                <TextEquiv>
                    <Unicode>cuando á la de marcial eco</Unicode>
                </TextEquiv>
            </TextLine>
            <TextLine id="r1l12" custom="readingOrder {index:11;}">
                <Coords points="94,958 121,958 148,959 175,959 203,959 230,959 257,959 285,959 312,959 339,959 367,959 394,959 421,959 449,959 476,959 503,959 531,959 558,960 585,960 613,961 613,916 585,915 558,915 531,914 503,914 476,914 449,914 421,914 394,914 367,914 339,914 312,914 285,914 257,914 230,914 203,914 175,914 148,914 121,913 94,913"/>
                <Baseline points="94,943 121,943 148,944 175,944 203,944 230,944 257,944 285,944 312,944 339,944 367,944 394,944 421,944 449,944 476,944 503,944 531,944 558,945 585,945 613,946"/>
                <TextEquiv>
                    <Unicode>de trompetas y de cajas, </Unicode>
                </TextEquiv>
            </TextLine>
            <TextLine id="r1l13" custom="readingOrder {index:12;}">
                <Coords points="91,1020 119,1020 148,1020 176,1020 205,1020 234,1020 262,1020 291,1020 320,1020 348,1020 377,1020 406,1020 434,1020 463,1020 492,1020 520,1020 549,1020 578,1020 606,1020 635,1020 664,1020 664,977 635,977 606,977 578,977 549,977 520,977 492,977 463,977 434,977 406,977 377,977 348,977 320,977 291,977 262,977 234,977 205,977 176,977 148,977 119,977 91,977"/>
                <Baseline points="91,1006 119,1006 148,1006 176,1006 205,1006 234,1006 262,1006 291,1006 320,1006 348,1006 377,1006 406,1006 434,1006 463,1006 492,1006 520,1006 549,1006 578,1006 606,1006 635,1006 664,1006"/>
                <TextEquiv>
                    <Unicode>con gran pompa y bizarría</Unicode>
                </TextEquiv>
            </TextLine>
            <TextLine id="r1l14" custom="readingOrder {index:13;}">
                <Coords points="95,1083 124,1083 153,1082 182,1082 212,1082 241,1082 270,1082 299,1082 329,1082 358,1082 387,1082 416,1082 446,1083 475,1083 504,1083 533,1083 563,1083 592,1083 621,1083 650,1083 680,1084 680,1039 650,1038 621,1038 592,1038 563,1038 533,1038 504,1038 475,1038 446,1038 416,1037 387,1037 358,1037 329,1037 299,1037 270,1037 241,1037 212,1037 182,1037 153,1037 124,1038 95,1038"/>
                <Baseline points="95,1068 124,1068 153,1067 182,1067 212,1067 241,1067 270,1067 299,1067 329,1067 358,1067 387,1067 416,1067 446,1068 475,1068 504,1068 533,1068 563,1068 592,1068 621,1068 650,1068 680,1069"/>
                <TextEquiv>
                    <Unicode>fueron entrando en la plaza</Unicode>
                </TextEquiv>
            </TextLine>
            <TextLine id="r1l15" custom="readingOrder {index:14;}">
                <Coords points="96,1147 122,1146 149,1146 176,1145 203,1145 230,1145 257,1145 283,1145 310,1145 337,1145 364,1146 391,1146 418,1146 445,1146 471,1146 498,1146 525,1146 552,1146 579,1146 606,1145 633,1144 633,1099 606,1100 579,1101 552,1101 525,1101 498,1101 471,1101 445,1101 418,1101 391,1101 364,1101 337,1100 310,1100 283,1100 257,1100 230,1100 203,1100 176,1100 149,1101 122,1101 96,1102"/>
                <Baseline points="96,1132 122,1131 149,1131 176,1130 203,1130 230,1130 257,1130 283,1130 310,1130 337,1130 364,1131 391,1131 418,1131 445,1131 471,1131 498,1131 525,1131 552,1131 579,1131 606,1130 633,1129"/>
                <TextEquiv>
                    <Unicode>tres mantenedores, y uno</Unicode>
                </TextEquiv>
            </TextLine>
            <TextLine id="r1l16" custom="readingOrder {index:15;}">
                <Coords points="106,1208 133,1208 160,1209 188,1209 215,1209 243,1209 270,1209 297,1209 325,1209 352,1208 380,1208 407,1208 434,1208 462,1208 489,1208 517,1208 544,1209 571,1209 599,1209 626,1209 654,1210 654,1165 626,1164 599,1164 571,1164 544,1164 517,1163 489,1163 462,1163 434,1163 407,1163 380,1163 352,1163 325,1164 297,1164 270,1164 243,1164 215,1164 188,1164 160,1164 133,1163 106,1163"/>
                <Baseline points="106,1193 133,1193 160,1194 188,1194 215,1194 243,1194 270,1194 297,1194 325,1194 352,1193 380,1193 407,1193 434,1193 462,1193 489,1193 517,1193 544,1194 571,1194 599,1194 626,1194 654,1195"/>
                <TextEquiv>
                    <Unicode>que era el que campeaba, </Unicode>
                </TextEquiv>
            </TextLine>
            <TextLine id="r1l17" custom="readingOrder {index:16;}">
                <Coords points="104,1270 132,1270 160,1270 188,1270 216,1271 245,1271 273,1271 301,1271 329,1271 357,1270 386,1270 414,1270 442,1270 470,1270 498,1270 527,1271 555,1271 583,1271 611,1272 639,1273 668,1273 668,1228 639,1228 611,1227 583,1226 555,1226 527,1226 498,1225 470,1225 442,1225 414,1225 386,1225 357,1225 329,1226 301,1226 273,1226 245,1226 216,1226 188,1225 160,1225 132,1225 104,1225"/>
                <Baseline points="104,1255 132,1255 160,1255 188,1255 216,1256 245,1256 273,1256 301,1256 329,1256 357,1255 386,1255 414,1255 442,1255 470,1255 498,1255 527,1256 555,1256 583,1256 611,1257 639,1258 668,1258"/>
                <TextEquiv>
                    <Unicode>entró en un caballo blanco,</Unicode>
                </TextEquiv>
            </TextLine>
            <TextLine id="r1l18" custom="readingOrder {index:17;}">
                <Coords points="93,1332 120,1333 147,1333 174,1333 201,1333 229,1333 256,1333 283,1333 310,1333 337,1332 365,1332 392,1332 419,1332 446,1332 473,1332 501,1332 528,1332 555,1332 582,1332 609,1332 637,1332 637,1289 609,1289 582,1289 555,1289 528,1289 501,1289 473,1289 446,1289 419,1289 392,1289 365,1289 337,1289 310,1290 283,1290 256,1290 229,1290 201,1290 174,1290 147,1290 120,1290 93,1289"/>
                <Baseline points="93,1318 120,1319 147,1319 174,1319 201,1319 229,1319 256,1319 283,1319 310,1319 337,1318 365,1318 392,1318 419,1318 446,1318 473,1318 501,1318 528,1318 555,1318 582,1318 609,1318 637,1318"/>
                <TextEquiv>
                    <Unicode>tan soberbio, que negaba</Unicode>
                </TextEquiv>
            </TextLine>
            <TextLine id="r1l19" custom="readingOrder {index:18;}">
                <Coords points="93,1397 119,1397 145,1396 171,1396 198,1396 224,1395 250,1395 277,1395 303,1395 329,1395 356,1394 382,1394 408,1394 434,1395 461,1395 487,1395 513,1396 540,1396 566,1397 592,1397 619,1398 619,1353 592,1352 566,1352 540,1351 513,1351 487,1350 461,1350 434,1350 408,1349 382,1349 356,1349 329,1350 303,1350 277,1350 250,1350 224,1350 198,1351 171,1351 145,1351 119,1352 93,1352"/>
                <Baseline points="93,1382 119,1382 145,1381 171,1381 198,1381 224,1380 250,1380 277,1380 303,1380 329,1380 356,1379 382,1379 408,1379 434,1380 461,1380 487,1380 513,1381 540,1381 566,1382 592,1382 619,1383"/>
                <TextEquiv>
                    <Unicode>las obediencias al freno, </Unicode>
                </TextEquiv>
            </TextLine>
            <TextLine id="r1l20" custom="readingOrder {index:19;}">
                <Coords points="107,1462 132,1461 157,1460 183,1460 208,1459 234,1459 259,1458 285,1458 310,1457 336,1457 361,1457 386,1457 412,1457 437,1457 463,1457 488,1457 514,1458 539,1458 565,1459 565,1416 539,1415 514,1415 488,1414 463,1414 437,1414 412,1414 386,1414 361,1414 336,1414 310,1414 285,1415 259,1415 234,1416 208,1416 183,1417 157,1417 132,1418 107,1419"/>
                <Baseline points="107,1448 132,1447 157,1446 183,1446 208,1445 234,1445 259,1444 285,1444 310,1443 336,1443 361,1443 386,1443 412,1443 437,1443 463,1443 488,1443 514,1444 539,1444 565,1445"/>
                <TextEquiv>
                    <Unicode>y tan hijo de su rabia,</Unicode>
                </TextEquiv>
            </TextLine>
            <TextLine id="r1l21" custom="readingOrder {index:20;}">
                <Coords points="105,1522 135,1521 165,1521 196,1520 226,1520 257,1520 287,1520 318,1520 348,1520 379,1520 409,1520 439,1520 470,1520 500,1520 531,1520 561,1521 592,1521 622,1520 653,1520 683,1520 714,1519 714,1476 683,1477 653,1477 622,1477 592,1478 561,1478 531,1477 500,1477 470,1477 439,1477 409,1477 379,1477 348,1477 318,1477 287,1477 257,1477 226,1477 196,1477 165,1478 135,1478 105,1479"/>
                <Baseline points="105,1508 135,1507 165,1507 196,1506 226,1506 257,1506 287,1506 318,1506 348,1506 379,1506 409,1506 439,1506 470,1506 500,1506 531,1506 561,1507 592,1507 622,1506 653,1506 683,1506 714,1505"/>
                <TextEquiv>
                    <Unicode>que era á su arrogante ardor</Unicode>
                </TextEquiv>
            </TextLine>
            <TextLine id="r1l22" custom="readingOrder {index:21;}">
                <Coords points="106,1582 131,1582 157,1583 183,1583 209,1583 235,1583 261,1583 287,1583 313,1583 339,1583 365,1583 390,1583 416,1583 442,1583 468,1583 494,1583 520,1583 546,1583 572,1583 598,1584 624,1585 624,1542 598,1541 572,1540 546,1540 520,1540 494,1540 468,1540 442,1540 416,1540 390,1540 365,1540 339,1540 313,1540 287,1540 261,1540 235,1540 209,1540 183,1540 157,1540 131,1539 106,1539"/>
                <Baseline points="106,1568 131,1568 157,1569 183,1569 209,1569 235,1569 261,1569 287,1569 313,1569 339,1569 365,1569 390,1569 416,1569 442,1569 468,1569 494,1569 520,1569 546,1569 572,1569 598,1570 624,1571"/>
                <TextEquiv>
                    <Unicode>la tierra breve distancia.</Unicode>
                </TextEquiv>
            </TextLine>
            <TextLine id="r1l23" custom="readingOrder {index:22;}">
                <Coords points="98,1645 123,1646 148,1647 173,1647 198,1648 223,1648 248,1648 273,1648 298,1648 323,1648 349,1648 374,1648 399,1647 424,1647 449,1647 474,1647 499,1647 524,1647 549,1647 574,1647 600,1647 600,1602 574,1602 549,1602 524,1602 499,1602 474,1602 449,1602 424,1602 399,1602 374,1603 349,1603 323,1603 298,1603 273,1603 248,1603 223,1603 198,1603 173,1602 148,1602 123,1601 98,1600"/>
                <Baseline points="98,1630 123,1631 148,1632 173,1632 198,1633 223,1633 248,1633 273,1633 298,1633 323,1633 349,1633 374,1633 399,1632 424,1632 449,1632 474,1632 499,1632 524,1632 549,1632 574,1632 600,1632"/>
                <TextEquiv>
                    <Unicode>Traía el gallardo jóven</Unicode>
                </TextEquiv>
            </TextLine>
            <TextLine id="r1l24" custom="readingOrder {index:23;}">
                <Coords points="100,1713 126,1713 152,1713 178,1712 204,1712 231,1712 257,1712 283,1711 309,1711 335,1711 362,1711 388,1710 414,1710 440,1710 466,1710 493,1710 519,1711 545,1711 571,1711 597,1712 624,1713 624,1668 597,1667 571,1666 545,1666 519,1666 493,1665 466,1665 440,1665 414,1665 388,1665 362,1666 335,1666 309,1666 283,1666 257,1667 231,1667 204,1667 178,1667 152,1668 126,1668 100,1668"/>
                <Baseline points="100,1698 126,1698 152,1698 178,1697 204,1697 231,1697 257,1697 283,1696 309,1696 335,1696 362,1696 388,1695 414,1695 440,1695 466,1695 493,1695 519,1696 545,1696 571,1696 597,1697 624,1698"/>
                <TextEquiv>
                    <Unicode>plumas y galas leonadas,</Unicode>
                </TextEquiv>
            </TextLine>
            <TextLine id="r1l25" custom="readingOrder {index:24;}">
                <Coords points="106,1774 131,1774 156,1773 182,1773 207,1773 233,1773 258,1772 284,1772 309,1772 335,1772 360,1772 385,1773 411,1773 436,1773 462,1773 487,1773 513,1773 538,1773 564,1773 564,1728 538,1728 513,1728 487,1728 462,1728 436,1728 411,1728 385,1728 360,1727 335,1727 309,1727 284,1727 258,1727 233,1728 207,1728 182,1728 156,1728 131,1729 106,1729"/>
                <Baseline points="106,1759 131,1759 156,1758 182,1758 207,1758 233,1758 258,1757 284,1757 309,1757 335,1757 360,1757 385,1758 411,1758 436,1758 462,1758 487,1758 513,1758 538,1758 564,1758"/>
                <TextEquiv>
                    <Unicode>del mismo color jaez,</Unicode>
                </TextEquiv>
            </TextLine>
            <TextLine id="r1l26" custom="readingOrder {index:25;}">
                <Coords points="108,1840 136,1839 164,1839 192,1838 220,1838 249,1837 277,1837 305,1836 333,1836 361,1836 390,1836 418,1835 446,1835 474,1836 502,1836 531,1836 559,1837 587,1837 615,1838 643,1838 672,1839 672,1794 643,1793 615,1793 587,1792 559,1792 531,1791 502,1791 474,1791 446,1790 418,1790 390,1791 361,1791 333,1791 305,1791 277,1792 249,1792 220,1793 192,1793 164,1794 136,1794 108,1795"/>
                <Baseline points="108,1825 136,1824 164,1824 192,1823 220,1823 249,1822 277,1822 305,1821 333,1821 361,1821 390,1821 418,1820 446,1820 474,1821 502,1821 531,1821 559,1822 587,1822 615,1823 643,1823 672,1824"/>
                <TextEquiv>
                    <Unicode>con guarniciones de plata,</Unicode>
                </TextEquiv>
            </TextLine>
            <TextLine id="r1l27" custom="readingOrder {index:26;}">
                <Coords points="95,1901 125,1901 156,1901 187,1901 217,1900 248,1900 279,1900 309,1900 340,1900 371,1899 402,1899 432,1899 463,1899 494,1899 524,1899 555,1899 586,1899 616,1899 647,1900 678,1900 709,1901 709,1856 678,1855 647,1855 616,1854 586,1854 555,1854 524,1854 494,1854 463,1854 432,1854 402,1854 371,1854 340,1855 309,1855 279,1855 248,1855 217,1855 187,1856 156,1856 125,1856 95,1856"/>
                <Baseline points="95,1886 125,1886 156,1886 187,1886 217,1885 248,1885 279,1885 309,1885 340,1885 371,1884 402,1884 432,1884 463,1884 494,1884 524,1884 555,1884 586,1884 616,1884 647,1885 678,1885 709,1886"/>
                <TextEquiv>
                    <Unicode>cubierto el rostro, y un Mote</Unicode>
                </TextEquiv>
            </TextLine>
            <TextLine id="r1l28" custom="readingOrder {index:27;}">
                <Coords points="98,1964 124,1965 151,1965 177,1964 204,1964 230,1964 257,1964 283,1964 310,1963 336,1963 363,1963 389,1962 416,1962 442,1962 469,1962 495,1962 522,1962 548,1962 575,1963 601,1963 628,1964 628,1919 601,1918 575,1918 548,1917 522,1917 495,1917 469,1917 442,1917 416,1917 389,1917 363,1918 336,1918 310,1918 283,1919 257,1919 230,1919 204,1919 177,1919 151,1920 124,1920 98,1919"/>
                <Baseline points="98,1949 124,1950 151,1950 177,1949 204,1949 230,1949 257,1949 283,1949 310,1948 336,1948 363,1948 389,1947 416,1947 442,1947 469,1947 495,1947 522,1947 548,1947 575,1948 601,1948 628,1949"/>
                <TextEquiv>
                    <Unicode>que decia estas palabras:</Unicode>
                </TextEquiv>
            </TextLine>
            <TextLine id="r1l29" custom="readingOrder {index:28;}">
                <Coords points="102,2026 127,2026 153,2026 178,2026 204,2025 229,2025 255,2025 281,2025 306,2025 332,2025 357,2025 383,2025 408,2025 434,2025 460,2025 485,2025 511,2026 536,2026 562,2027 588,2028 588,1983 562,1982 536,1981 511,1981 485,1980 460,1980 434,1980 408,1980 383,1980 357,1980 332,1980 306,1980 281,1980 255,1980 229,1980 204,1980 178,1981 153,1981 127,1981 102,1981"/>
                <Baseline points="102,2011 127,2011 153,2011 178,2011 204,2010 229,2010 255,2010 281,2010 306,2010 332,2010 357,2010 383,2010 408,2010 434,2010 460,2010 485,2010 511,2011 536,2011 562,2012 588,2013"/>
                <TextEquiv>
                    <Unicode>Soy un soberbio Leon</Unicode>
                </TextEquiv>
            </TextLine>
            <TextLine id="r1l30" custom="readingOrder {index:29;}">
                <Coords points="95,2092 120,2091 145,2091 170,2090 196,2090 221,2089 246,2089 271,2089 297,2089 322,2089 347,2089 372,2089 398,2089 423,2089 448,2090 473,2090 499,2090 524,2090 549,2090 574,2091 600,2091 600,2046 574,2046 549,2045 524,2045 499,2045 473,2045 448,2045 423,2044 398,2044 372,2044 347,2044 322,2044 297,2044 271,2044 246,2044 221,2044 196,2045 170,2045 145,2046 120,2046 95,2047"/>
                <Baseline points="95,2077 120,2076 145,2076 170,2075 196,2075 221,2074 246,2074 271,2074 297,2074 322,2074 347,2074 372,2074 398,2074 423,2074 448,2075 473,2075 499,2075 524,2075 549,2075 574,2076 600,2076"/>
                <TextEquiv>
                    <Unicode>si se perdiera ó faltara </Unicode>
                </TextEquiv>
            </TextLine>
            <TextLine id="r1l31" custom="readingOrder {index:30;}">
                <Coords points="91,2155 117,2156 143,2156 169,2156 195,2155 221,2155 248,2155 274,2154 300,2154 326,2153 352,2153 378,2152 405,2152 431,2152 457,2152 483,2153 509,2154 535,2155 562,2156 562,2111 535,2110 509,2109 483,2108 457,2107 431,2107 405,2107 378,2107 352,2108 326,2108 300,2109 274,2109 248,2110 221,2110 195,2110 169,2111 143,2111 117,2111 91,2110"/>
                <Baseline points="91,2140 117,2141 143,2141 169,2141 195,2140 221,2140 248,2140 274,2139 300,2139 326,2138 352,2138 378,2137 405,2137 431,2137 457,2137 483,2138 509,2139 535,2140 562,2141"/>
                <TextEquiv>
                    <Unicode>furia, valor y osadia,</Unicode>
                </TextEquiv>
            </TextLine>
            <TextLine id="r1l32" custom="readingOrder {index:31;}">
                <Coords points="95,2219 125,2218 155,2218 185,2217 215,2217 245,2216 275,2216 305,2216 335,2216 365,2215 395,2215 425,2215 455,2215 485,2216 515,2216 545,2216 575,2216 605,2217 635,2217 665,2218 695,2218 695,2173 665,2173 635,2172 605,2172 575,2171 545,2171 515,2171 485,2171 455,2170 425,2170 395,2170 365,2170 335,2171 305,2171 275,2171 245,2171 215,2172 185,2172 155,2173 125,2173 95,2174"/>
                <Baseline points="95,2204 125,2203 155,2203 185,2202 215,2202 245,2201 275,2201 305,2201 335,2201 365,2200 395,2200 425,2200 455,2200 485,2201 515,2201 545,2201 575,2201 605,2202 635,2202 665,2203 695,2203"/>
                <TextEquiv>
                    <Unicode>solo en mi brazo se hallara.</Unicode>
                </TextEquiv>
            </TextLine>
            <TextLine id="r1l33" custom="readingOrder {index:32;}">
                <Coords points="100,2285 131,2284 162,2283 193,2282 224,2282 255,2281 286,2281 317,2281 348,2280 379,2280 411,2280 442,2280 473,2280 504,2280 535,2280 566,2281 597,2281 628,2281 659,2281 690,2281 722,2282 722,2237 690,2236 659,2236 628,2236 597,2236 566,2236 535,2235 504,2235 473,2235 442,2235 411,2235 379,2235 348,2235 317,2236 286,2236 255,2236 224,2237 193,2237 162,2238 131,2239 100,2240"/>
                <Baseline points="100,2270 131,2269 162,2268 193,2267 224,2267 255,2266 286,2266 317,2266 348,2265 379,2265 411,2265 442,2265 473,2265 504,2265 535,2265 566,2266 597,2266 628,2266 659,2266 690,2266 722,2267"/>
                <TextEquiv>
                    <Unicode>Entró el segundo en ún bayo</Unicode>
                </TextEquiv>
            </TextLine>
            <TextEquiv>
                <Unicode>sin órden suelto el cabello,
descolorida la cara;
y á un devoto crucifijo,
devotamente inclinada,
diciendo con mucha fe:
De la calumniosa infamia
que me imputan, solo á vos
apelan mis esperanzas.
Ya era la hora postrera
de su vida desdichada,
cuando á la de marcial eco
de trompetas y de cajas, 
con gran pompa y bizarría
fueron entrando en la plaza
tres mantenedores, y uno
que era el que campeaba, 
entró en un caballo blanco,
tan soberbio, que negaba
las obediencias al freno, 
y tan hijo de su rabia,
que era á su arrogante ardor
la tierra breve distancia.
Traía el gallardo jóven
plumas y galas leonadas,
del mismo color jaez,
con guarniciones de plata,
cubierto el rostro, y un Mote
que decia estas palabras:
Soy un soberbio Leon
si se perdiera ó faltara 
furia, valor y osadia,
solo en mi brazo se hallara.
Entró el segundo en ún bayo</Unicode>
            </TextEquiv>
        </TextRegion>
        <TextRegion orientation="0.0" id="r2" custom="readingOrder {index:2;}">
            <Coords points="820,220 820,2287 1463,2287 1463,220"/>
            <TextLine id="r2l1" custom="readingOrder {index:0;}">
                <Coords points="820,265 846,266 873,267 899,268 926,269 952,269 979,270 1005,270 1032,271 1058,271 1085,271 1111,272 1138,272 1164,272 1191,273 1217,273 1244,273 1270,273 1297,273 1323,273 1350,274 1350,229 1323,228 1297,228 1270,228 1244,228 1217,228 1191,228 1164,227 1138,227 1111,227 1085,226 1058,226 1032,226 1005,225 979,225 952,224 926,224 899,223 873,222 846,221 820,220"/>
                <Baseline points="820,250 846,251 873,252 899,253 926,254 952,254 979,255 1005,255 1032,256 1058,256 1085,256 1111,257 1138,257 1164,257 1191,258 1217,258 1244,258 1270,258 1297,258 1323,258 1350,259"/>
                <TextEquiv>
                    <Unicode>dorado, cuya arrogancia</Unicode>
                </TextEquiv>
            </TextLine>
            <TextLine id="r2l2" custom="readingOrder {index:1;}">
                <Coords points="825,329 853,329 882,330 910,330 939,331 968,331 996,332 1025,332 1054,333 1082,334 1111,334 1140,335 1168,335 1197,336 1226,336 1254,336 1283,337 1312,337 1340,337 1369,337 1398,337 1398,292 1369,292 1340,292 1312,292 1283,292 1254,291 1226,291 1197,291 1168,290 1140,290 1111,289 1082,289 1054,288 1025,287 996,287 968,286 939,286 910,285 882,285 853,284 825,284"/>
                <Baseline points="825,314 853,314 882,315 910,315 939,316 968,316 996,317 1025,317 1054,318 1082,319 1111,319 1140,320 1168,320 1197,321 1226,321 1254,321 1283,322 1312,322 1340,322 1369,322 1398,322"/>
                <TextEquiv>
                    <Unicode>se acreditó hijo de Bóreas;</Unicode>
                </TextEquiv>
            </TextLine>
            <TextLine id="r2l3" custom="readingOrder {index:2;}">
                <Coords points="827,391 852,391 877,392 902,392 928,393 953,393 978,394 1003,395 1029,396 1054,396 1079,397 1104,398 1130,398 1155,399 1180,399 1205,399 1231,399 1256,399 1281,399 1306,399 1332,398 1332,353 1306,354 1281,354 1256,354 1231,354 1205,354 1180,354 1155,354 1130,353 1104,353 1079,352 1054,351 1029,351 1003,350 978,349 953,348 928,348 902,347 877,347 852,346 827,346"/>
                <Baseline points="827,376 852,376 877,377 902,377 928,378 953,378 978,379 1003,380 1029,381 1054,381 1079,382 1104,383 1130,383 1155,384 1180,384 1205,384 1231,384 1256,384 1281,384 1306,384 1332,383"/>
                <TextEquiv>
                    <Unicode>tal era su furia, y tanta</Unicode>
                </TextEquiv>
            </TextLine>
            <TextLine id="r2l4" custom="readingOrder {index:3;}">
                <Coords points="835,457 862,456 890,457 918,457 945,457 973,457 1001,458 1028,458 1056,459 1084,459 1112,459 1139,460 1167,460 1195,461 1222,461 1250,461 1278,461 1305,462 1333,462 1361,461 1389,461 1389,416 1361,416 1333,417 1305,417 1278,416 1250,416 1222,416 1195,416 1167,415 1139,415 1112,414 1084,414 1056,414 1028,413 1001,413 973,412 945,412 918,412 890,412 862,411 835,412"/>
                <Baseline points="835,442 862,441 890,442 918,442 945,442 973,442 1001,443 1028,443 1056,444 1084,444 1112,444 1139,445 1167,445 1195,446 1222,446 1250,446 1278,446 1305,447 1333,447 1361,446 1389,446"/>
                <TextEquiv>
                    <Unicode>que con cabeza y con pies</Unicode>
                </TextEquiv>
            </TextLine>
            <TextLine id="r2l5" custom="readingOrder {index:4;}">
                <Coords points="834,520 864,520 895,520 926,520 957,520 988,521 1019,521 1050,521 1081,521 1112,521 1143,521 1173,522 1204,522 1235,522 1266,523 1297,523 1328,524 1359,524 1390,525 1421,526 1452,527 1452,482 1421,481 1390,480 1359,479 1328,479 1297,478 1266,478 1235,477 1204,477 1173,477 1143,476 1112,476 1081,476 1050,476 1019,476 988,476 957,475 926,475 895,475 864,475 834,475"/>
                <Baseline points="834,505 864,505 895,505 926,505 957,505 988,506 1019,506 1050,506 1081,506 1112,506 1143,506 1173,507 1204,507 1235,507 1266,508 1297,508 1328,509 1359,509 1390,510 1421,511 1452,512"/>
                <TextEquiv>
                    <Unicode>pareció que á entender daba, </Unicode>
                </TextEquiv>
            </TextLine>
            <TextLine id="r2l6" custom="readingOrder {index:5;}">
                <Coords points="837,581 864,582 891,583 918,583 946,584 973,584 1000,584 1027,584 1055,584 1082,584 1109,584 1136,584 1164,584 1191,584 1218,584 1245,585 1273,585 1300,586 1327,587 1354,588 1382,589 1382,544 1354,543 1327,542 1300,541 1273,540 1245,540 1218,539 1191,539 1164,539 1136,539 1109,539 1082,539 1055,539 1027,539 1000,539 973,539 946,539 918,538 891,538 864,537 837,536"/>
                <Baseline points="837,566 864,567 891,568 918,568 946,569 973,569 1000,569 1027,569 1055,569 1082,569 1109,569 1136,569 1164,569 1191,569 1218,569 1245,570 1273,570 1300,571 1327,572 1354,573 1382,574"/>
                <TextEquiv>
                    <Unicode>ú que era trueno con vida,</Unicode>
                </TextEquiv>
            </TextLine>
            <TextLine id="r2l7" custom="readingOrder {index:6;}">
                <Coords points="832,643 859,644 886,645 913,645 940,646 967,646 994,647 1021,647 1048,647 1075,647 1102,647 1129,648 1156,648 1183,648 1210,648 1237,648 1264,649 1291,649 1318,650 1345,651 1372,651 1372,606 1345,606 1318,605 1291,604 1264,604 1237,603 1210,603 1183,603 1156,603 1129,603 1102,602 1075,602 1048,602 1021,602 994,602 967,601 940,601 913,600 886,600 859,599 832,598"/>
                <Baseline points="832,628 859,629 886,630 913,630 940,631 967,631 994,632 1021,632 1048,632 1075,632 1102,632 1129,633 1156,633 1183,633 1210,633 1237,633 1264,634 1291,634 1318,635 1345,636 1372,636"/>
                <TextEquiv>
                    <Unicode>ó que era rayo con alma,</Unicode>
                </TextEquiv>
            </TextLine>
            <TextLine id="r2l8" custom="readingOrder {index:7;}">
                <Coords points="838,706 864,707 890,707 917,707 943,708 970,708 996,708 1023,709 1049,709 1075,709 1102,709 1128,710 1155,710 1181,710 1208,710 1234,711 1261,711 1261,666 1234,666 1208,665 1181,665 1155,665 1128,665 1102,664 1075,664 1049,664 1023,664 996,663 970,663 943,663 917,662 890,662 864,662 838,661"/>
                <Baseline points="838,691 864,692 890,692 917,692 943,693 970,693 996,693 1023,694 1049,694 1075,694 1102,694 1128,695 1155,695 1181,695 1208,695 1234,696 1261,696"/>
                <TextEquiv>
                    <Unicode>de celeste terciopelo</Unicode>
                </TextEquiv>
            </TextLine>
            <TextLine id="r2l9" custom="readingOrder {index:8;}">
                <Coords points="831,771 856,770 881,770 906,770 931,770 956,770 982,770 1007,771 1032,772 1057,772 1082,773 1108,773 1133,773 1158,773 1183,773 1208,773 1234,772 1234,727 1208,728 1183,728 1158,728 1133,728 1108,728 1082,728 1057,727 1032,727 1007,726 982,725 956,725 931,725 906,725 881,725 856,725 831,726"/>
                <Baseline points="831,756 856,755 881,755 906,755 931,755 956,755 982,755 1007,756 1032,757 1057,757 1082,758 1108,758 1133,758 1158,758 1183,758 1208,758 1234,757"/>
                <TextEquiv>
                    <Unicode>era la librea y gala</Unicode>
                </TextEquiv>
            </TextLine>
            <TextLine id="r2l10" custom="readingOrder {index:9;}">
                <Coords points="840,828 866,829 893,831 919,831 946,832 972,832 999,833 1025,833 1052,833 1078,833 1105,833 1131,833 1158,833 1184,833 1211,833 1237,833 1264,833 1290,834 1317,834 1343,834 1370,834 1370,792 1343,792 1317,792 1290,792 1264,791 1237,791 1211,791 1184,791 1158,791 1131,791 1105,791 1078,791 1052,791 1025,791 999,791 972,790 946,790 919,789 893,789 866,787 840,786"/>
                <Baseline points="840,814 866,815 893,817 919,817 946,818 972,818 999,819 1025,819 1052,819 1078,819 1105,819 1131,819 1158,819 1184,819 1211,819 1237,819 1264,819 1290,820 1317,820 1343,820 1370,820"/>
                <TextEquiv>
                    <Unicode>del ginete, y con perfiles</Unicode>
                </TextEquiv>
            </TextLine>
            <TextLine id="r2l11" custom="readingOrder {index:10;}">
                <Coords points="831,892 861,893 892,894 923,895 954,896 984,896 1015,897 1046,897 1077,897 1107,896 1138,896 1169,896 1200,896 1230,896 1261,896 1292,896 1323,896 1353,897 1384,898 1415,899 1446,901 1446,859 1415,857 1384,856 1353,855 1323,854 1292,854 1261,854 1230,854 1200,854 1169,854 1138,854 1107,854 1077,855 1046,855 1015,855 984,854 954,854 923,853 892,852 861,851 831,850"/>
                <Baseline points="831,878 861,879 892,880 923,881 954,882 984,882 1015,883 1046,883 1077,883 1107,882 1138,882 1169,882 1200,882 1230,882 1261,882 1292,882 1323,882 1353,883 1384,884 1415,885 1446,887"/>
                <TextEquiv>
                    <Unicode>de oro, y las plumas blancas,</Unicode>
                </TextEquiv>
            </TextLine>
            <TextLine id="r2l12" custom="readingOrder {index:11;}">
                <Coords points="839,956 869,956 900,956 930,957 961,957 992,957 1022,958 1053,958 1084,959 1114,959 1145,959 1176,959 1206,960 1237,960 1268,960 1298,960 1329,960 1360,960 1390,960 1421,959 1452,959 1452,916 1421,916 1390,917 1360,917 1329,917 1298,917 1268,917 1237,917 1206,917 1176,916 1145,916 1114,916 1084,916 1053,915 1022,915 992,914 961,914 930,914 900,913 869,913 839,913"/>
                <Baseline points="839,942 869,942 900,942 930,943 961,943 992,943 1022,944 1053,944 1084,945 1114,945 1145,945 1176,945 1206,946 1237,946 1268,946 1298,946 1329,946 1360,946 1390,946 1421,945 1452,945"/>
                <TextEquiv>
                    <Unicode>cubierto el rostro, y un Mote</Unicode>
                </TextEquiv>
            </TextLine>
            <TextLine id="r2l13" custom="readingOrder {index:12;}">
                <Coords points="841,1022 867,1022 893,1022 919,1022 945,1022 971,1022 997,1022 1024,1022 1050,1023 1076,1023 1102,1023 1128,1023 1154,1023 1180,1023 1207,1023 1233,1023 1259,1023 1285,1023 1311,1023 1337,1023 1364,1023 1364,980 1337,980 1311,980 1285,980 1259,980 1233,980 1207,980 1180,980 1154,980 1128,980 1102,980 1076,980 1050,980 1024,979 997,979 971,979 945,979 919,979 893,979 867,979 841,979"/>
                <Baseline points="841,1008 867,1008 893,1008 919,1008 945,1008 971,1008 997,1008 1024,1008 1050,1009 1076,1009 1102,1009 1128,1009 1154,1009 1180,1009 1207,1009 1233,1009 1259,1009 1285,1009 1311,1009 1337,1009 1364,1009"/>
                <TextEquiv>
                    <Unicode>que decia estas palabras:</Unicode>
                </TextEquiv>
            </TextLine>
            <TextLine id="r2l14" custom="readingOrder {index:13;}">
                <Coords points="840,1083 868,1083 897,1084 926,1084 954,1084 983,1084 1012,1084 1040,1084 1069,1084 1098,1084 1127,1084 1155,1084 1184,1084 1213,1083 1241,1083 1270,1084 1299,1084 1327,1084 1356,1084 1385,1084 1414,1085 1414,1042 1385,1041 1356,1041 1327,1041 1299,1041 1270,1041 1241,1040 1213,1040 1184,1041 1155,1041 1127,1041 1098,1041 1069,1041 1040,1041 1012,1041 983,1041 954,1041 926,1041 897,1041 868,1040 840,1040"/>
                <Baseline points="840,1069 868,1069 897,1070 926,1070 954,1070 983,1070 1012,1070 1040,1070 1069,1070 1098,1070 1127,1070 1155,1070 1184,1070 1213,1069 1241,1069 1270,1070 1299,1070 1327,1070 1356,1070 1385,1070 1414,1071"/>
                <TextEquiv>
                    <Unicode>Yo solamente en el mundo</Unicode>
                </TextEquiv>
            </TextLine>
            <TextLine id="r2l15" custom="readingOrder {index:14;}">
                <Coords points="838,1145 863,1146 889,1146 914,1147 940,1147 966,1147 991,1148 1017,1148 1042,1148 1068,1148 1094,1148 1119,1148 1145,1148 1170,1148 1196,1148 1222,1148 1247,1148 1273,1148 1298,1147 1324,1147 1350,1147 1350,1104 1324,1104 1298,1104 1273,1105 1247,1105 1222,1105 1196,1105 1170,1105 1145,1105 1119,1105 1094,1105 1068,1105 1042,1105 1017,1105 991,1105 966,1104 940,1104 914,1104 889,1103 863,1103 838,1102"/>
                <Baseline points="838,1131 863,1132 889,1132 914,1133 940,1133 966,1133 991,1134 1017,1134 1042,1134 1068,1134 1094,1134 1119,1134 1145,1134 1170,1134 1196,1134 1222,1134 1247,1134 1273,1134 1298,1133 1324,1133 1350,1133"/>
                <TextEquiv>
                    <Unicode>sé vencer y ganar fama.</Unicode>
                </TextEquiv>
            </TextLine>
            <TextLine id="r2l16" custom="readingOrder {index:15;}">
                <Coords points="838,1209 864,1209 890,1210 916,1210 942,1210 968,1210 994,1210 1020,1209 1046,1209 1072,1209 1098,1209 1124,1209 1150,1208 1176,1208 1202,1208 1228,1209 1254,1209 1280,1209 1306,1210 1332,1211 1359,1212 1359,1169 1332,1168 1306,1167 1280,1166 1254,1166 1228,1166 1202,1165 1176,1165 1150,1165 1124,1166 1098,1166 1072,1166 1046,1166 1020,1166 994,1167 968,1167 942,1167 916,1167 890,1167 864,1166 838,1166"/>
                <Baseline points="838,1195 864,1195 890,1196 916,1196 942,1196 968,1196 994,1196 1020,1195 1046,1195 1072,1195 1098,1195 1124,1195 1150,1194 1176,1194 1202,1194 1228,1195 1254,1195 1280,1195 1306,1196 1332,1197 1359,1198"/>
                <TextEquiv>
                    <Unicode>Entró el tercero despues</Unicode>
                </TextEquiv>
            </TextLine>
            <TextLine id="r2l17" custom="readingOrder {index:16;}">
                <Coords points="832,1274 858,1274 884,1274 910,1274 936,1274 962,1274 988,1273 1014,1273 1040,1273 1066,1273 1092,1272 1118,1272 1144,1272 1170,1272 1196,1272 1222,1273 1248,1274 1274,1274 1300,1275 1326,1277 1326,1232 1300,1230 1274,1229 1248,1229 1222,1228 1196,1227 1170,1227 1144,1227 1118,1227 1092,1227 1066,1228 1040,1228 1014,1228 988,1228 962,1229 936,1229 910,1229 884,1229 858,1229 832,1229"/>
                <Baseline points="832,1259 858,1259 884,1259 910,1259 936,1259 962,1259 988,1258 1014,1258 1040,1258 1066,1258 1092,1257 1118,1257 1144,1257 1170,1257 1196,1257 1222,1258 1248,1259 1274,1259 1300,1260 1326,1262"/>
                <TextEquiv>
                    <Unicode>en una yegua alazana, </Unicode>
                </TextEquiv>
            </TextLine>
            <TextLine id="r2l18" custom="readingOrder {index:17;}">
                <Coords points="841,1337 870,1337 899,1337 928,1337 957,1337 987,1336 1016,1336 1045,1336 1074,1335 1103,1335 1133,1335 1162,1335 1191,1335 1220,1335 1249,1335 1279,1336 1308,1336 1337,1337 1366,1338 1395,1339 1425,1340 1425,1295 1395,1294 1366,1293 1337,1292 1308,1291 1279,1291 1249,1290 1220,1290 1191,1290 1162,1290 1133,1290 1103,1290 1074,1290 1045,1291 1016,1291 987,1291 957,1292 928,1292 899,1292 870,1292 841,1292"/>
                <Baseline points="841,1322 870,1322 899,1322 928,1322 957,1322 987,1321 1016,1321 1045,1321 1074,1320 1103,1320 1133,1320 1162,1320 1191,1320 1220,1320 1249,1320 1279,1321 1308,1321 1337,1322 1366,1323 1395,1324 1425,1325"/>
                <TextEquiv>
                    <Unicode>gallarda y de hermosa vista, </Unicode>
                </TextEquiv>
            </TextLine>
            <TextLine id="r2l19" custom="readingOrder {index:18;}">
                <Coords points="836,1398 861,1398 887,1399 912,1399 938,1399 963,1399 989,1399 1014,1399 1040,1398 1065,1398 1091,1398 1116,1398 1142,1398 1167,1398 1193,1398 1218,1398 1244,1398 1269,1398 1295,1399 1320,1399 1346,1400 1346,1355 1320,1354 1295,1354 1269,1353 1244,1353 1218,1353 1193,1353 1167,1353 1142,1353 1116,1353 1091,1353 1065,1353 1040,1353 1014,1354 989,1354 963,1354 938,1354 912,1354 887,1354 861,1353 836,1353"/>
                <Baseline points="836,1383 861,1383 887,1384 912,1384 938,1384 963,1384 989,1384 1014,1384 1040,1383 1065,1383 1091,1383 1116,1383 1142,1383 1167,1383 1193,1383 1218,1383 1244,1383 1269,1383 1295,1384 1320,1384 1346,1385"/>
                <TextEquiv>
                    <Unicode>tan soberbia y arrojada,</Unicode>
                </TextEquiv>
            </TextLine>
            <TextLine id="r2l20" custom="readingOrder {index:19;}">
                <Coords points="847,1461 875,1461 904,1462 933,1462 962,1462 991,1462 1020,1462 1048,1461 1077,1461 1106,1461 1135,1460 1164,1460 1193,1460 1222,1460 1250,1460 1279,1460 1308,1461 1337,1462 1366,1462 1395,1464 1424,1466 1424,1421 1395,1419 1366,1417 1337,1417 1308,1416 1279,1415 1250,1415 1222,1415 1193,1415 1164,1415 1135,1415 1106,1416 1077,1416 1048,1416 1020,1417 991,1417 962,1417 933,1417 904,1417 875,1416 847,1416"/>
                <Baseline points="847,1446 875,1446 904,1447 933,1447 962,1447 991,1447 1020,1447 1048,1446 1077,1446 1106,1446 1135,1445 1164,1445 1193,1445 1222,1445 1250,1445 1279,1445 1308,1446 1337,1447 1366,1447 1395,1449 1424,1451"/>
                <TextEquiv>
                    <Unicode>que al ver su terrible furia,</Unicode>
                </TextEquiv>
            </TextLine>
            <TextLine id="r2l21" custom="readingOrder {index:20;}">
                <Coords points="840,1524 867,1525 894,1525 922,1525 949,1525 977,1525 1004,1524 1032,1524 1059,1524 1087,1524 1114,1524 1141,1524 1169,1523 1196,1523 1224,1523 1251,1523 1279,1523 1306,1524 1334,1524 1361,1524 1389,1525 1389,1480 1361,1479 1334,1479 1306,1479 1279,1478 1251,1478 1224,1478 1196,1478 1169,1478 1141,1479 1114,1479 1087,1479 1059,1479 1032,1479 1004,1479 977,1480 949,1480 922,1480 894,1480 867,1480 840,1479"/>
                <Baseline points="840,1509 867,1510 894,1510 922,1510 949,1510 977,1510 1004,1509 1032,1509 1059,1509 1087,1509 1114,1509 1141,1509 1169,1508 1196,1508 1224,1508 1251,1508 1279,1508 1306,1509 1334,1509 1361,1509 1389,1510"/>
                <TextEquiv>
                    <Unicode>dijo la gente á la entrada:</Unicode>
                </TextEquiv>
            </TextLine>
            <TextLine id="r2l22" custom="readingOrder {index:21;}">
                <Coords points="842,1586 871,1586 901,1587 930,1587 960,1587 990,1587 1019,1587 1049,1587 1078,1586 1108,1586 1138,1586 1167,1586 1197,1586 1226,1586 1256,1586 1286,1586 1315,1586 1345,1587 1374,1587 1404,1588 1434,1589 1434,1544 1404,1543 1374,1542 1345,1542 1315,1541 1286,1541 1256,1541 1226,1541 1197,1541 1167,1541 1138,1541 1108,1541 1078,1541 1049,1542 1019,1542 990,1542 960,1542 930,1542 901,1542 871,1541 842,1541"/>
                <Baseline points="842,1571 871,1571 901,1572 930,1572 960,1572 990,1572 1019,1572 1049,1572 1078,1571 1108,1571 1138,1571 1167,1571 1197,1571 1226,1571 1256,1571 1286,1571 1315,1571 1345,1572 1374,1572 1404,1573 1434,1574"/>
                <TextEquiv>
                    <Unicode>Dios te sosiegue, á la yegua;</Unicode>
                </TextEquiv>
            </TextLine>
            <TextLine id="r2l23" custom="readingOrder {index:22;}">
                <Coords points="841,1654 869,1653 897,1651 925,1650 953,1649 981,1648 1009,1648 1037,1647 1065,1647 1093,1647 1121,1646 1149,1646 1177,1646 1205,1646 1233,1647 1261,1647 1289,1647 1317,1648 1345,1648 1373,1648 1401,1649 1401,1609 1373,1608 1345,1608 1317,1608 1289,1607 1261,1607 1233,1607 1205,1606 1177,1606 1149,1606 1121,1606 1093,1607 1065,1607 1037,1607 1009,1608 981,1608 953,1609 925,1610 897,1611 869,1613 841,1614"/>
                <Baseline points="841,1641 869,1640 897,1638 925,1637 953,1636 981,1635 1009,1635 1037,1634 1065,1634 1093,1634 1121,1633 1149,1633 1177,1633 1205,1633 1233,1634 1261,1634 1289,1634 1317,1635 1345,1635 1373,1635 1401,1636"/>
                <TextEquiv>
                    <Unicode>y al ginete, Dios te valga:</Unicode>
                </TextEquiv>
            </TextLine>
            <TextLine id="r2l24" custom="readingOrder {index:23;}">
                <Coords points="838,1710 863,1710 889,1711 915,1711 941,1711 966,1711 992,1711 1018,1710 1044,1710 1069,1710 1095,1710 1121,1709 1147,1709 1172,1709 1198,1710 1224,1710 1250,1711 1276,1711 1276,1671 1250,1671 1224,1670 1198,1670 1172,1669 1147,1669 1121,1669 1095,1670 1069,1670 1044,1670 1018,1670 992,1671 966,1671 941,1671 915,1671 889,1671 863,1670 838,1670"/>
                <Baseline points="838,1697 863,1697 889,1698 915,1698 941,1698 966,1698 992,1698 1018,1697 1044,1697 1069,1697 1095,1697 1121,1696 1147,1696 1172,1696 1198,1697 1224,1697 1250,1698 1276,1698"/>
                <TextEquiv>
                    <Unicode>de damasco carmesí</Unicode>
                </TextEquiv>
            </TextLine>
            <TextLine id="r2l25" custom="readingOrder {index:24;}">
                <Coords points="843,1776 868,1776 893,1775 919,1775 944,1775 970,1775 995,1775 1021,1775 1046,1775 1071,1776 1097,1776 1122,1776 1148,1776 1173,1776 1199,1776 1224,1776 1250,1776 1250,1733 1224,1733 1199,1733 1173,1733 1148,1733 1122,1733 1097,1733 1071,1733 1046,1732 1021,1732 995,1732 970,1732 944,1732 919,1732 893,1732 868,1733 843,1733"/>
                <Baseline points="843,1762 868,1762 893,1761 919,1761 944,1761 970,1761 995,1761 1021,1761 1046,1761 1071,1762 1097,1762 1122,1762 1148,1762 1173,1762 1199,1762 1224,1762 1250,1762"/>
                <TextEquiv>
                    <Unicode>era la librea y gala</Unicode>
                </TextEquiv>
            </TextLine>
            <TextLine id="r2l26" custom="readingOrder {index:25;}">
                <Coords points="836,1838 864,1839 892,1839 920,1839 948,1839 976,1839 1004,1839 1032,1839 1060,1839 1088,1839 1116,1838 1144,1838 1172,1838 1200,1838 1228,1838 1256,1837 1284,1837 1312,1837 1340,1838 1368,1838 1396,1838 1396,1793 1368,1793 1340,1793 1312,1792 1284,1792 1256,1792 1228,1793 1200,1793 1172,1793 1144,1793 1116,1793 1088,1794 1060,1794 1032,1794 1004,1794 976,1794 948,1794 920,1794 892,1794 864,1794 836,1793"/>
                <Baseline points="836,1823 864,1824 892,1824 920,1824 948,1824 976,1824 1004,1824 1032,1824 1060,1824 1088,1824 1116,1823 1144,1823 1172,1823 1200,1823 1228,1823 1256,1822 1284,1822 1312,1822 1340,1823 1368,1823 1396,1823"/>
                <TextEquiv>
                    <Unicode>del ginete, en quien el oro</Unicode>
                </TextEquiv>
            </TextLine>
            <TextLine id="r2l27" custom="readingOrder {index:26;}">
                <Coords points="842,1901 867,1901 893,1901 919,1901 945,1901 970,1901 996,1901 1022,1900 1048,1900 1073,1900 1099,1900 1125,1900 1151,1900 1176,1900 1202,1900 1228,1900 1254,1900 1279,1901 1305,1901 1331,1902 1357,1903 1357,1858 1331,1857 1305,1856 1279,1856 1254,1855 1228,1855 1202,1855 1176,1855 1151,1855 1125,1855 1099,1855 1073,1855 1048,1855 1022,1855 996,1856 970,1856 945,1856 919,1856 893,1856 867,1856 842,1856"/>
                <Baseline points="842,1886 867,1886 893,1886 919,1886 945,1886 970,1886 996,1886 1022,1885 1048,1885 1073,1885 1099,1885 1125,1885 1151,1885 1176,1885 1202,1885 1228,1885 1254,1885 1279,1886 1305,1886 1331,1887 1357,1888"/>
                <TextEquiv>
                    <Unicode>bellos bordados esmalta,</Unicode>
                </TextEquiv>
            </TextLine>
            <TextLine id="r2l28" custom="readingOrder {index:27;}">
                <Coords points="840,1967 868,1966 897,1965 926,1965 955,1964 983,1964 1012,1963 1041,1963 1070,1963 1098,1963 1127,1963 1156,1963 1185,1963 1213,1963 1242,1963 1271,1964 1300,1964 1328,1964 1357,1964 1386,1964 1415,1964 1415,1919 1386,1919 1357,1919 1328,1919 1300,1919 1271,1919 1242,1918 1213,1918 1185,1918 1156,1918 1127,1918 1098,1918 1070,1918 1041,1918 1012,1918 983,1919 955,1919 926,1920 897,1920 868,1921 840,1922"/>
                <Baseline points="840,1952 868,1951 897,1950 926,1950 955,1949 983,1949 1012,1948 1041,1948 1070,1948 1098,1948 1127,1948 1156,1948 1185,1948 1213,1948 1242,1948 1271,1949 1300,1949 1328,1949 1357,1949 1386,1949 1415,1949"/>
                <TextEquiv>
                    <Unicode>tremolando de un penacho</Unicode>
                </TextEquiv>
            </TextLine>
            <TextLine id="r2l29" custom="readingOrder {index:28;}">
                <Coords points="834,2031 862,2030 891,2030 919,2029 948,2029 976,2028 1005,2028 1033,2028 1062,2027 1090,2027 1119,2027 1147,2027 1176,2027 1204,2027 1233,2027 1261,2027 1290,2028 1318,2028 1347,2028 1375,2029 1404,2029 1404,1984 1375,1984 1347,1983 1318,1983 1290,1983 1261,1982 1233,1982 1204,1982 1176,1982 1147,1982 1119,1982 1090,1982 1062,1982 1033,1983 1005,1983 976,1983 948,1984 919,1984 891,1985 862,1985 834,1986"/>
                <Baseline points="834,2016 862,2015 891,2015 919,2014 948,2014 976,2013 1005,2013 1033,2013 1062,2012 1090,2012 1119,2012 1147,2012 1176,2012 1204,2012 1233,2012 1261,2012 1290,2013 1318,2013 1347,2013 1375,2014 1404,2014"/>
                <TextEquiv>
                    <Unicode>al aire mil plumas blancas, </Unicode>
                </TextEquiv>
            </TextLine>
            <TextLine id="r2l30" custom="readingOrder {index:29;}">
                <Coords points="841,2094 872,2093 903,2092 934,2092 965,2091 996,2091 1027,2091 1058,2091 1089,2091 1120,2091 1152,2091 1183,2091 1214,2091 1245,2091 1276,2091 1307,2091 1338,2091 1369,2091 1400,2091 1431,2091 1463,2091 1463,2046 1431,2046 1400,2046 1369,2046 1338,2046 1307,2046 1276,2046 1245,2046 1214,2046 1183,2046 1152,2046 1120,2046 1089,2046 1058,2046 1027,2046 996,2046 965,2046 934,2047 903,2047 872,2048 841,2049"/>
                <Baseline points="841,2079 872,2078 903,2077 934,2077 965,2076 996,2076 1027,2076 1058,2076 1089,2076 1120,2076 1152,2076 1183,2076 1214,2076 1245,2076 1276,2076 1307,2076 1338,2076 1369,2076 1400,2076 1431,2076 1463,2076"/>
                <TextEquiv>
                    <Unicode>cubierto el rostro, y un Mote</Unicode>
                </TextEquiv>
            </TextLine>
            <TextLine id="r2l31" custom="readingOrder {index:30;}">
                <Coords points="842,2158 871,2157 901,2156 930,2155 960,2154 990,2154 1019,2154 1049,2154 1079,2154 1108,2154 1138,2154 1168,2154 1197,2154 1227,2154 1257,2155 1286,2155 1316,2155 1346,2155 1375,2155 1405,2155 1435,2155 1435,2110 1405,2110 1375,2110 1346,2110 1316,2110 1286,2110 1257,2110 1227,2109 1197,2109 1168,2109 1138,2109 1108,2109 1079,2109 1049,2109 1019,2109 990,2109 960,2109 930,2110 901,2111 871,2112 842,2113"/>
                <Baseline points="842,2143 871,2142 901,2141 930,2140 960,2139 990,2139 1019,2139 1049,2139 1079,2139 1108,2139 1138,2139 1168,2139 1197,2139 1227,2139 1257,2140 1286,2140 1316,2140 1346,2140 1375,2140 1405,2140 1435,2140"/>
                <TextEquiv>
                    <Unicode>que dice en breves palabras:</Unicode>
                </TextEquiv>
            </TextLine>
            <TextLine id="r2l32" custom="readingOrder {index:31;}">
                <Coords points="835,2219 860,2219 886,2218 912,2218 938,2218 964,2217 990,2217 1015,2217 1041,2217 1067,2216 1093,2216 1119,2216 1145,2216 1170,2216 1196,2216 1222,2216 1248,2216 1274,2217 1300,2217 1326,2217 1326,2172 1300,2172 1274,2172 1248,2171 1222,2171 1196,2171 1170,2171 1145,2171 1119,2171 1093,2171 1067,2171 1041,2172 1015,2172 990,2172 964,2172 938,2173 912,2173 886,2173 860,2174 835,2174"/>
                <Baseline points="835,2204 860,2204 886,2203 912,2203 938,2203 964,2202 990,2202 1015,2202 1041,2202 1067,2201 1093,2201 1119,2201 1145,2201 1170,2201 1196,2201 1222,2201 1248,2201 1274,2202 1300,2202 1326,2202"/>
                <TextEquiv>
                    <Unicode>Es tan activa mi furia</Unicode>
                </TextEquiv>
            </TextLine>
            <TextLine id="r2l33" custom="readingOrder {index:32;}">
                <Coords points="843,2287 868,2286 894,2284 920,2283 945,2283 971,2282 997,2281 1022,2281 1048,2281 1074,2280 1100,2280 1125,2280 1151,2280 1177,2280 1202,2280 1228,2281 1254,2281 1279,2281 1305,2281 1331,2282 1357,2282 1357,2237 1331,2237 1305,2236 1279,2236 1254,2236 1228,2236 1202,2235 1177,2235 1151,2235 1125,2235 1100,2235 1074,2235 1048,2236 1022,2236 997,2236 971,2237 945,2238 920,2238 894,2239 868,2241 843,2242"/>
                <Baseline points="843,2272 868,2271 894,2269 920,2268 945,2268 971,2267 997,2266 1022,2266 1048,2266 1074,2265 1100,2265 1125,2265 1151,2265 1177,2265 1202,2265 1228,2266 1254,2266 1279,2266 1305,2266 1331,2267 1357,2267"/>
                <TextEquiv>
                    <Unicode>y tan ardiente mi rabia,</Unicode>
                </TextEquiv>
            </TextLine>
            <TextEquiv>
                <Unicode>dorado, cuya arrogancia
se acreditó hijo de Bóreas;
tal era su furia, y tanta
que con cabeza y con pies
pareció que á entender daba, 
ú que era trueno con vida,
ó que era rayo con alma,
de celeste terciopelo
era la librea y gala
del ginete, y con perfiles
de oro, y las plumas blancas,
cubierto el rostro, y un Mote
que decia estas palabras:
Yo solamente en el mundo
sé vencer y ganar fama.
Entró el tercero despues
en una yegua alazana, 
gallarda y de hermosa vista, 
tan soberbia y arrojada,
que al ver su terrible furia,
dijo la gente á la entrada:
Dios te sosiegue, á la yegua;
y al ginete, Dios te valga:
de damasco carmesí
era la librea y gala
del ginete, en quien el oro
bellos bordados esmalta,
tremolando de un penacho
al aire mil plumas blancas, 
cubierto el rostro, y un Mote
que dice en breves palabras:
Es tan activa mi furia
y tan ardiente mi rabia,</Unicode>
            </TextEquiv>
        </TextRegion>
    </Page>
</PcGts>
