1765 2512
195 241 236 297 4
135 300 737 357 y haciendo remos los brazos,
132 366 591 418 racional bajel surcaba
131 430 543 481 al piélago de zafir,
130 492 644 544 hasta llegar á una playa,
131 550 687 607 en donde estuve tres dias.
127 613 658 670 Dejo aparte cosas varias
131 679 609 733 de sucesos y prodigios,
140 737 767 795 donde en provincias estrañas
134 802 658 858 nunca de mí descubierto
134 865 633 922 mi valor se acreditaba.
143 925 706 979 En hombros de mi fortuna
151 987 791 1042 vine á París, Corte de Francia
148 1048 779 1104 donde al Rey servia, y donde
147 1113 740 1169 me egercitaba en las armas,
143 1178 609 1242 y ganè tantos laureles
149 1240 795 1295 que me hizo en breve la fama,
148 1299 743 1358 si entre los soldados Marte:
155 1362 661 1419 Adónis entre las damas.
159 1425 743 1483 Estaba á este tiempo presa,
156 1487 741 1545 y aun á muerte sentenciada,
164 1552 622 1608 una gallarda francesa,
165 1613 733 1669 si hermosa tan desdichada,
166 1675 721 1734 á quien su negra desdicha,
161 1737 751 1797 le puso por nombre Blanca:
166 1802 643 1862 y no es esta la primera
169 1860 837 1921 Blanca, hermosa y desdichada,
170 1928 702 1985 Llegó el dia del suplicio,
173 1992 681 2055 y por las calles y plazas
171 2059 621 2107 amanecieron carteles,
168 2113 741 2170 diciendo en letras doradas:
178 2179 736 2234 por adúltera, á la muerte,
182 2241 697 2296 está sentenciada Blanca.
173 2306 695 2360 Seis horas tiene de vida,
863 277 1339 333 término que se señala
862 337 1395 395 á quien defender quisiere
859 400 1473 457 su honor, su vida y su fama.
863 467 1300 519 Era la ciudad tropel
876 528 1429 584 confuso de voces y armas;
867 589 1463 645 dividido el vulgo en bandos,
874 652 1437 708 haciendo cuadrillas varias,
869 716 1383 769 sobre si era justo, ó no,
872 777 1395 832 civiles guerras armaban;
876 840 1421 894 si bien ser injusta muerte,
876 902 1405 958 todos los mas afirmaban.
886 961 1518 1022 A el ir llegando à una esquina
889 1028 1455 1083 con mucho recato y maña,
879 1088 1535 1146 veo un hombre haciendo señas,
888 1152 1423 1215 llegóse á mí con palabras
881 1215 1425 1276 turbadas, me dijo: A vos
896 1282 1493 1340 aquesa empresa os aguarda;
885 1345 1369 1403 haced como caballero.
887 1407 1479 1464 Fuese, y dejóme una carta,
896 1468 1401 1524 rompí la nema, y decia
900 1524 1491 1584 de esta suerte: Bien la fama
902 1584 1587 1649 da á entender en vuestros hechos
905 1653 1461 1712 que os asiste sangre clara,
901 1715 1473 1780 y altas prendas os ilustran;
906 1777 1551 1838 yo estoy sin honra y sin fama,
907 1842 1451 1903 sin amparo y sin consuelo
909 1907 1461 1973 y sin vida, pues me faltan
904 1975 1371 2027 tres horas para morir;
912 2032 1461 2092 hago á las luces sagradas
920 2095 1431 2154 testigos de mi inocencia,
913 2158 1524 2221 y asi libro en vuestra espada
911 2221 1475 2278 mi vida; hacedlo por Dios:
912 2284 1513 2340 èl os guarde: Doña Blanca,
