1737 2508
1199 142 1416 297 Núm. 399.
295 1121 1406 1197 EL BARATERO.
141 1362 1533 1401 Sátira nueva en que se declara el famoso Baratero que ha salido en
231 1411 1455 1451 Cuarte, y en ella hallarán las demás hazañas y valentías que
498 1460 1186 1498 ha hecho en España y en Francia.
188 1585 779 1625 Todo el mundo ha de temblar
138 1636 599 1675 de este noble baratero,
143 1685 593 1724 soy el tuerto Catachan
141 1732 699 1774 que á nadie le tengo miedo.
283 1779 753 1817 De edad de quince años
234 1829 703 1867 siendo yo un chiquillo,
243 1878 551 1916 aprendí á jugar
236 1927 667 1964 muy bien el cuchillo.
300 1974 629 2011 Y eran mis ideas
235 2024 681 2061 de irme algunos ratos,
240 2073 598 2112 por cafés y plazas
247 2121 659 2159 á cobrar los cuartos.
296 2170 777 2207 Yo soy hijo de mi madre
863 1582 1253 1619 y sobrino de mi tia,
860 1632 1360 1667 abuelos nunca he tenido,
856 1680 1364 1715 segun mi hermano decia.
1012 1728 1444 1765 Soy nacido en Cuarte,
961 1778 1287 1815 criado en Maria,
963 1824 1241 1862 hijo de Pacay
969 1874 1355 1909 que en él nadie fira.
1009 1921 1437 1958 Tengo unos parientes
969 1972 1368 2008 que es causa de risa,
964 2021 1323 2055 si uno va descalzo
965 2067 1330 2105 otro va en camisa.
920 2117 1360 2153 Solo por estas razones
868 2168 1353 2205 me despedí de mi gente,
