1765 2512
308 221 859 301 de aquello que fuere vuestro
313 283 702 332 acordaos solamente,
311 327 872 379 y de lo que está aqui dentro.
273 374 952 429 PASC. Pues ponga usted un escribano
315 414 829 465 con su pluma y su tintero.
271 454 812 520 D. G. Esto ya pasá de burla,
316 503 759 560 y os dejo por majadero,
314 553 784 603 y el no poderme vengar
317 591 790 658 es tan solo lo que siento,
449 633 776 696 Hace que se vá.
279 678 963 743 PAsC. Qué, se vá usted de ese modo,
326 726 935 777 don Guindo, mi amigo y dueño?
329 765 879 824 venga usted acá vota á brios,
320 810 831 861 y el testamento acabemos.
326 853 837 920 D. G. Por oirle sus simplezas
327 896 729 956 ya desenojado vuelvo
320 946 892 1000 para hacer lo que me manda:
328 992 851 1045 qué es lo que falta, Cerezo?
288 1023 960 1099 PASC. Falta el hablar de las mandas,
324 1082 786 1140 de misas y del entierro,
317 1124 791 1179 y nombrar mis albaceas,
327 1169 788 1224 y dar el viento postrero.
283 1202 865 1285 D. G. Pues vaya disponga usted
328 1257 701 1312 á medida del deseo.
276 1283 876 1355 PAsC. De todo lo que he testado
326 1343 780 1394 tomará posesion de ello
330 1385 708 1441 el hijo del sacrístan
332 1425 823 1489 que le llaman Burro-viejo,
321 1479 819 1535 por otro nombre Curiana:
328 1510 849 1572 este hará un fiel juramento
328 1554 907 1620 de no entregar ningun mueble
324 1604 843 1666 hasta que venga mi abuelo
332 1647 780 1711 que ya no puede tardar,
325 1684 911 1754 pues murio hace año y medio,
324 1737 834 1800 y porque tanto ha tardado.
334 1784 794 1841 es regular venga presto.
280 1829 898 1884 D. G. Bien está, quedo enterado.
287 1876 850 1924 PAsC. Usted aquí no hará mas
334 1922 846 1972 que callar é ir escribiendo.
280 1950 954 2023 D. G. Qué me dice usted, que calle?
329 2005 607 2064 por vida de....
282 2041 711 2109 PASC. Ea, no juremos,
326 2090 826 2142 que en la casa que se jura
323 2137 840 2201 anda el diablo muy ligero.
987 211 1666 291 D. G. Mire usted la hora en que está.
994 274 1641 331 PASC. Las diez poco mas ó menos.
993 315 1570 372 D. G. No es eso lo que yo digo.
991 358 1612 431 PASC. Pues lo que yo digo es eso.
997 404 1471 467 D. G. Lo que yo le digo es
1035 441 1664 513 que va á dar cuenta muy presto.
988 490 1532 559 PASC. Yo á nadie debo nada,
1045 537 1445 607 todo pagado lo tengo.
994 580 1584 645 D. a. Ea, dejemos las chanzas.
999 624 1606 684 PAsC. Por Jesus, no me chanceo.
1042 664 1575 723 Sigamos con lo que importa,
1045 714 1523 775 lo primero es lo primero.
1042 759 1562 819 Y es que no me enterraran
1046 799 1620 861 hasta que ya esté bien muerto;
1042 845 1489 909 en bóveda no ha de ser,
1049 889 1591 941 en un hueco mucho menos,
1050 934 1659 995 que ha de ser dentro de un pozo
1046 977 1531 1041 para mantenerme fresco,
1051 1029 1521 1082 y con los cinco sentidos,
1054 1061 1603 1130 y los miembros de mi cuerpo
1047 1113 1605 1170 juntos con las tres potencias,
1048 1153 1562 1216 pues qne necesito de ellos;
1047 1199 1424 1256 esta es mi voluntad
1052 1242 1470 1302 hágase lo que refiero;
1046 1283 1501 1351 primeramente, mi vista
1046 1328 1511 1387 es para Juanico el ciego,
1045 1374 1498 1436 y le pido que me cante
1054 1416 1513 1476 el romance de Oliveros;
1046 1461 1469 1524 y el oido se lo mando
1052 1503 1503 1568 á el sordo Diego Conejo,
1054 1552 1594 1611 que anda con muchas fatigas
1050 1593 1418 1657 acarreando pellejos
1051 1630 1486 1700 con obligacion precisa,
1055 1667 1684 1734 que siempre que oyere un trueno
1053 1725 1592 1778 de los que sueltan las burras
1056 1770 1551 1832 le diga muy sério, cuerno!
1053 1814 1521 1873 misas no dejo ningunas,
1053 1857 1534 1923 pues ni vivo las entiendo;
1055 1903 1536 1960 cera encendida tampoco,
1054 1938 1693 2002 porque á oscuras mejor duermo.
1052 1986 1570 2046 Y pues que me muero solo
1054 2031 1591 2096 no quiero acompañamiento;
1053 2081 1538 2135 y con eso, Dios os guarde
1061 2128 1483 2190 los años de mi deseo.
942 2206 1050 2287 FIN.
287 2283 1711 2369 CARMONA:—1858. Imp. de D. J. M. Moreno, Calle Juan de la Cabra n. 4.
