1737 2508
1373 151 1614 243 (Número. 1.)
503 1175 1354 1277 PESTAIETO
345 1295 1497 1396 DE D. GUINDO Y PASCUAL CEREZO.
224 1514 612 1580 PASCUAL. Ay de mi!
273 1558 686 1630 que estoy muy malo!
275 1600 863 1669 por Jesus que no estoy bueno!
276 1648 756 1722 tengo el estomago débil,
280 1695 821 1753 tengo muy flaco el pescuszo,
272 1739 744 1795 me titubean las piernas
277 1787 820 1844 y se me bambolea el cuerpo,
283 1834 751 1891 la cintura se me arruga
288 1865 839 1931 y se me encongen los huesos:
285 1923 769 1977 de la cama me he salido,
284 1958 829 2020 porque dicen que me muero,
280 2004 765 2068 y quiero ver si la muerte
280 2043 823 2110 se me atreve á pié derecho.
284 2090 771 2146 Juro por los seis gigantes
286 2134 875 2196 que en la procesion del Corpus
285 2179 807 2241 salen bailando y brincando
289 2226 742 2287 con tamboril y pandero,
291 2272 769 2342 que no me puedo mover,
943 1499 1395 1571 en una silla me siento;
952 1544 1489 1603 ni aun sentado puedo estar;
951 1589 1504 1656 ¡ay que me duele el cerebro,
954 1636 1408 1700 el estómago y las tripas!
961 1679 1467 1748 ¡ah, pobre Pascual Cerezo!
956 1726 1484 1781 que discurro que la muerte
958 1768 1478 1830 te está royendo los huesos;
962 1813 1407 1874 es verdad por vida mia,
964 1852 1497 1921 que muy escurrio me siento,
960 1900 1415 1965 que estoy ya desauciado
955 1947 1453 2005 de Parias, ese gran perro;
958 1983 1549 2043 al que en un cubo muy grande
962 2036 1442 2089 le encubillára su cuerpo:
961 2075 1456 2141 ¿de que te sirve el pulsar,
960 2120 1461 2179 sino encuentras en Galeno
963 2164 1387 2229 para mis penas alivio,
962 2209 1442 2272 para mis males remedio?
963 2251 1427 2328 ¡Ah boticario insolente?
