1765 2512
223 178 686 243 ¿soy yo pelota de viento,
208 234 708 288 para que con tantos botes
212 276 778 323 me estés dando tal tormento?
215 310 699 371 Dí, sangrador condenado,
207 355 737 418 ¿soy yo toro, gran comueso,
208 402 660 462 para que tantas picadas
211 447 771 501 me hayas dado con tu hierro?
215 491 745 544 todos me quitais del mundo;
211 536 715 598 ¡ay de mil santos del cielo,
204 578 687 633 de este médico libradme,
213 621 656 686 del boticario y barbero:
209 677 647 729 vaya, vaya, malo estoy;
209 714 691 765 ganas de comer no tengo;
208 757 672 818 diez cuarterones de pan,
205 795 613 854 una libra de carnero,
197 842 680 900 cuatro cuartos de tosino,
196 887 720 954 seis camuezas y diez peros
202 931 671 993 es lo que hoy he comido,
200 979 750 1033 y aun menos es lo que bebo,
199 1016 601 1077 siete limetas de vino,
200 1064 731 1124 y de aguardiente cien dedos
199 1108 597 1161 he bebido solamente,
195 1159 697 1206 miren que mantenimiento
194 1203 686 1258 para un homero como yo!
151 1237 773 1297 D. G. Es usted el que esta malo?
195 1282 663 1346 es usted Pascual Cerezo?
147 1325 715 1384 PASC. Si señor, yo soy, yo ero,
148 1372 773 1434 D. G. Y como está usted vestido?
154 1415 754 1479 PASC. Bien claro está segun veo,
197 1463 731 1519 que usted no me ha tratado,
188 1513 811 1574 pues yo nunca anduve encueros,
142 1549 697 1606 D G. Usted me conoce á mi?
149 1591 716 1651 PASC. Ni procuro el conocerlo.
143 1637 736 1691 D. G. Sabe á lo que soy venido?
147 1684 729 1740 PAsC. Tampoco quiero saberlo;
142 1733 719 1789 D. G. Es menester que lo sepa;
192 1778 653 1829 soy el escribano y vengo
184 1818 638 1870 á formar el inventario.
139 1863 821 1923 PASC. Por Jesus que no lo entiendo,
139 1903 733 1955 D. G. Pues se lo diré mas claro:
186 1949 741 2006 vengo á hacer el testamento.
139 1994 707 2055 PAsC. El qué? testamento dijo?
182 2037 683 2090 vaya á testar á su abuelo.
145 2084 741 2136 D. 6. El hombre está delirante.
135 2119 701 2184 PASC. Delirante ni por pienso.
136 2172 695 2218 D. G. Efectos son de la fiebre.
135 2209 756 2273 TASC. El será el fiebre ó podenco,
177 2255 706 2325 el galgo, el mastin, el gato,
934 179 1468 252 el lobo.... y aqui me quedo.
892 232 1449 296 D. G. Deténgase en el hablar.
899 280 1461 346 PAsC ¿Cómo tiene de ser eso:
945 321 1403 377 en el hablar detenerme,
939 366 1487 424 cuando de piés no me tengo?
897 415 937 461 D.
937 410 1463 478 G. Vaya, caiga de su burra.
894 458 1492 513 PAsC. Demaciado estoy cayendo
890 506 1566 565 D. G. No llore, que es una vergüenza,
895 545 1480 602 PASC. No he de llorar sí os veo?
936 583 1488 644 don Guindo, qué me quereis?
889 626 933 678 D.
939 633 1461 695 G. Amigo, lo que yo quiero,
931 674 1336 735 es que me participeis
937 720 1432 779 las prendas, ropa y dinero
933 763 1421 825 para hacer un inventario,
927 814 1383 870 y bajo este instrumento
932 851 1410 909 se entregue lo que dejeis
924 904 1430 956 al que nombreis heredero.
880 948 1478 1001 PASC. Creo que donde usted está
927 990 1408 1047 no falta ninguno de ellos.
887 1026 1477 1084 D. a. Porqué asi formais de mi,
925 1066 1489 1136 gran bestia, ese tal concepto?
879 1120 1565 1178 PAsC. Porque siendo usted escribano
933 1159 1381 1218 todo cabe en su tintero.
881 1193 1422 1268 D. G. Hable mejor ó le envio
927 1257 1467 1311 mas que volando al infierno.
875 1287 1504 1363 PASC. No es mi pluma, amigo mio
927 1331 1491 1390 la que á nadie daño ha hecho.
881 1378 1558 1449 D. G. Varios hay que con sus plumas
925 1419 1389 1482 han volado para el cielo.
881 1464 1505 1526 PASC. Si señor, y cuatro han sido,
923 1510 1492 1567 con ellos san Juan, san Lucas,
922 1555 1371 1611 san Marcos y san Mateo.
873 1600 1510 1665 D. G. Si se ha de hacer inventario
920 1644 1389 1698 avise, y si no me vuelvo.
878 1698 1441 1747 PASC. Pues usted vuelva la oja
913 1740 1438 1794 y el inventario empecemos;
914 1785 1413 1840 siéntese con mil demonios
914 1818 1327 1881 y escriba cual fariseo.
1112 1866 1307 1921 Se sienta.
865 1903 1421 1967 D. G. Poner quiero la cabeza.
867 1956 1382 2017 PAsC. La cabeza no la dejo,
917 1992 1474 2055 ni al padre que me engendró.
865 2047 1530 2102 D. G. Calle usted, porque no es eso,
863 2091 1475 2147 PASC. Usted ha de poner tan solo
911 2124 1368 2190 lo que le fuere diciendo,
915 2173 1355 2234 que será cosa por cosa.
864 2223 1532 2278 D. G. La cruz ponga y diga presto...
858 2265 1540 2329 PASC. Ponga usted dos cornucopias,
