1737 2508
148 192 611 262 mas, catorce candeleros
146 248 629 309 y dos espejos muy claros.
98 291 608 340 D. G. Ahora no se pone eso.
101 333 692 392 PAsC. Porque razon, diga usted?
101 381 680 438 D. a. Porque se invoca primero
138 425 632 481 de Jesus el dulce nombre.
94 467 620 524 PAsC. Eso todos lo sabemos,
140 511 544 568 y para adorar la cruz
142 562 645 616 ponga lo que dicho hemos.
142 601 707 658 G. Luego no hay tales alhajas.
97 595 138 652 D
105 644 743 691 PASC. No lo sé: mas siga el cuento.
143 689 705 736 Ahora ponga usted una burra
143 730 721 786 que téndra como año y medio,
142 780 614 835 pies castaños, vela larga,
143 816 669 878 corto él rabo y ojos negros,
136 868 607 920 y ponga usted mas abajo,
142 915 710 963 que murió abrá dos inviernos.
95 952 679 1004 D. G. Pues hombre si ya murió,
147 996 641 1054 no es escusado el ponerlo?
103 1042 706 1096 PASC. Toma, y el refran que dice:
144 1084 665 1145 despues de muerto el burro
140 1124 570 1185 la cebada al rabo, etc.
142 1171 724 1234 Item mas, porque me acuerdo,
144 1217 599 1272 ponga un orinal de paja.
103 1266 701 1321 D. 6. Y tendrá su vidrio dentro.
98 1298 645 1360 PAsC. Que lo echó fuera de sí
141 1346 641 1398 habra dos años completos,
141 1395 595 1440 pero la paja esta nueva.
143 1432 729 1493 Ponga usted un servicio nuevo.
99 1480 719 1540 D. G. Calle que eso es porqueria,
151 1526 531 1579 y como todo se sale.
103 1570 701 1625 PAsC. Tan solo tiene un agujero,
146 1616 667 1673 yo me gobierno en el suelo.
147 1658 637 1705 Siga usted poniendo abajo
140 1708 703 1759 un cuadro que tambien tengo
151 1747 646 1803 en un lienzo muy delgado
153 1789 671 1846 y una santa Clara en medio.
146 1830 584 1889 6. Es pintura de valor
95 1823 148 1887 D.
147 1871 728 1934 ó de algun pincel muy diestro?
101 1923 764 1970 PASC. No señor, que no hay pintura.
102 1965 775 2025 D. G. Pues como lo comprendemos,
146 2012 729 2060 que no hay pintura y que tiene
145 2054 641 2110 una santa Clara en medio?
95 2098 723 2159 PAsC. Es porque tiene un boquete
138 2138 616 2196 por donde yo me clareo.
141 2184 651 2238 Siga usted poniendo ahora,
141 2234 669 2283 un san Antonio muy bueno
137 2276 582 2334 que tenia siete cuartas,
866 204 1409 261 pero ahora tiene dos menos.
826 250 1412 303 D. 6. Pues como ha disminuido
871 296 1438 350 si es de bulto? No lo entiendo,
825 341 1383 390 PAsC. Porque no tiene cabeza,
870 381 1273 440 y le falta por el suelo
873 421 1350 482 como cosa de una cuarta,
863 470 1376 520 y por eso es mas pequeño:
870 512 1301 566 libro tampoco lo tiene,
870 559 1339 605 y las manos, volaverum:
876 600 1375 658 y el niño se fué á la gloria;
872 645 1489 706 item mas, pues que me acuerdo:
864 700 1437 755 ponga usted una copa grande.
818 736 1408 793 D, G. De cobre, metal ó hierro?
823 783 1333 836 PAsC. Ni de cobre ni metal,
872 826 1438 880 que es la copa de un sombrero
870 864 1302 915 que yo le corté las álas
867 908 1338 968 porque no tomára vuelo.
827 940 869 1012 D.
871 963 1419 1007 a. Jesus, cuantos disparates.
826 993 1340 1061 PASC. Escaparates no tengo:
868 1050 1362 1100 ponga usted una papelera.
823 1082 1374 1144 D. G. Es de nogal ó de cedro.
824 1133 854 1193 PA
865 1129 1450 1179 sC. No señor, que es solamente
870 1170 1245 1232 una bolsa de pallejo
873 1215 1344 1278 donde mis papeles traígo:
867 1259 1451 1318 item mas, porque me acuerdo,
868 1306 1451 1364 ponga usted una espada ancha,
823 1356 873 1404 D.
872 1351 1446 1412 G. No puede saberse el precio?
872 1393 1215 1450 es acaso toledana?
826 1435 1503 1498 PASC. Aguarde usted, ya me acuerdo
875 1481 1324 1539 que tengo solo la vaina.
870 1526 1387 1586 Seis cobertores pondremos.
825 1557 868 1623 D.
882 1570 1481 1628 6. De que son, decirlo al punto:
823 1619 1473 1674 PAsC. De qué han de ser majadero?
871 1659 1274 1708 todos de papel escrito
866 1706 1361 1761 por mi pluma y mi tintero
870 1750 1461 1810 de cuando estaba en la escuela:
868 1792 1410 1853 item mas, ahora me acuerdo
865 1835 1296 1891 y se me puede olvidar;
867 1885 1428 1936 ponga usted una sala en pelo.
823 1930 1432 1984 D. 6. En pelo? jamas la he visto.
822 1972 1453 2022 PASC. Es porque no tiene espejos,
870 2011 1373 2058 cuadros, laminas, ni sillas.
860 2061 1464 2120 ponga usted un reloj que tengo
820 2098 1402 2153 D. G. ¿En donde esta ese reloj?
822 2147 1501 2199 PASC. En donde ha de estar podenco?
871 2184 1319 2240 en la torre de la iglesia,
863 2234 1443 2288 y por mas señas que es nuevo,
823 2278 1485 2347 D. 6. De eso no se hace inventario:
