1737 2508
244 208 719 273 tienen cierto no sé qué
252 267 714 329 que yo esplicarlo no sé.
243 312 764 370 Entra el novio con el cura
250 359 772 417 con los parientes y amigos,
247 404 714 461 sirven todos de testigos,
240 441 725 504 los desposa con ternura.
247 484 720 546 Tras esto viene la cena;
246 539 735 593 y estando todos sentados
244 570 735 636 traen diferentes guisados
246 613 781 672 donde hay brindis y saludos
246 658 817 725 siempre libres de inquietudes
234 701 683 769 se los llevan á acostar.
245 745 763 811 aqui no hay que preguntar
244 790 721 860 porque yéndose á dormir
236 835 625 894 es preciso discurrir
231 879 706 941 que se van á descansar.
240 924 683 989 Se levantan á otro dia
239 968 658 1029 con regocijo y placer,
237 1009 687 1073 despues llegamos á ver
235 1055 709 1118 la novia en el embarazo
237 1108 836 1161 que es nudo que aprieta el lazo;
239 1141 690 1203 luego al niño hace ajó,
231 1183 676 1244 á la madre el ro ró ró
239 1231 694 1289 el pompón y la mocita;
230 1273 737 1338 en fin, un hombre casado
239 1315 736 1384 tiene muger que le asista
233 1362 740 1425 y le ayude á sus cuidados.
232 1401 635 1467 Mira si se puede dar
230 1454 684 1509 estado de mas regalos.
189 1494 749 1555 A. Atentamente he escuhado
235 1538 647 1591 lo feo de tu relacion,
227 1592 688 1651 pero préstame atencion
225 1620 631 1682 te diré lo acibarado:
223 1677 797 1732 todo el hombre que es soltero
231 1711 679 1775 come, bebe y se pasea,
226 1754 617 1815 enamora y galantea
225 1799 782 1860 aunque no tenga un dinero;
230 1842 757 1911 pero en cuanto está casado
231 1889 679 1948 anda triste, macilento,
228 1929 713 1988 disgustado, mal contento;
222 1973 667 2035 pide la novia y lo malo
222 2015 638 2080 es que no le negaran
234 2060 697 2122 porque las noviás estan
231 2104 728 2165 para colgarlas de un palo:
223 2152 709 2197 lo que el novio con afan
227 2195 637 2248 en muchos dias ganó
222 2236 651 2311 en dos ó tres lo gastó
979 195 1441 277 en carne vino y en pan;
984 263 1468 314 unos vienen, y otros van
982 296 1491 360 todos á henchir la barriga;
973 347 1497 402 muchos hermanos de viva,
976 386 1449 447 pocos que limosna dan.
983 425 1457 496 el novio se va á dormir
979 472 1383 535 y se pone á discurrir
980 515 1458 583 el estado que ha elegido
973 566 1426 627 y está mas arrepentido
979 593 1533 679 que aquel que se va á morir:
967 653 1351 711 luego viene á pedir
978 681 1491 758 de la novia el guarda-pies,
978 741 1375 800 otro pide el almirez,
972 778 1464 843 sábana colcha y colchon,
978 827 1545 898 porque en suma y conclucion
969 874 1449 935 como todo era prestado,
969 915 1455 973 la novia fué de contado,
972 958 1453 1017 pero el dote en relacion:
970 1000 1422 1065 despues vienen a pedir
973 1053 1441 1102 para hacer la canastilla,
967 1089 1419 1144 la bretaña, la estopilla,
963 1136 1459 1188 los encages, los listones,
971 1172 1497 1238 donde al hombre sin sentir
966 1224 1499 1285 se le van muchos doblones,
961 1266 1391 1331 y ya que desesperado,
963 1310 1403 1370 y de gastar está harto
966 1356 1530 1414 cate usted que llega el parto
960 1398 1403 1462 aquí son los apretones
959 1448 1454 1494 de el empeñar y vender:
961 1482 1486 1545 en el bautismo ha de haber
954 1533 1446 1592 su vino y sus mojicones;
967 1571 1407 1631 cuarenta dias de cama
964 1619 1418 1677 gasta despues la parida,
963 1657 1419 1721 y un quitadero de vida
955 1705 1481 1762 si lo ha de poner con ama,
960 1748 1379 1807 y si la madre lo cria,
954 1795 1424 1850 no es un contento el oir
954 1835 1393 1887 del niño las chirimias
963 1867 1567 1936 cuando un hombre vá á der nir
953 1933 1489 1987 si un hombre lo vá á tomar
960 1968 1420 2029 para hacerle un agasajo
959 2010 1413 2066 lo caga de arriba á bajo
963 2057 1379 2119 sin poderlo remediar.
959 2097 1427 2163 Aqui empieza á renegar
954 2143 1363 2204 del cura que lo casó,
963 2186 1473 2251 el padre que lo engendró
954 2232 1444 2297 y quien le dá de mamar;
