1737 2508
1249 255 1479 350 (Núm. 97)
331 1094 1308 1182 JUAN. RANA Y ANTON RAPAO.
666 1217 986 1313 PASILLO.
115 1357 738 1447 J. Voy aunque la noche oscura
165 1416 647 1484 á cumplir mi obligacion.
120 1463 645 1523 A. Y yo busco un bodegon
162 1505 596 1557 donde guisen asadura.
126 1540 693 1604 J. Tengo de llegar á hablarle
164 1593 675 1656 si está en la reja mi dama.
120 1637 648 1690 A. Si me acuesto sin cenar
172 1663 748 1743 ¡que vuelcos daré en la cama!
119 1721 659 1795 J. Por que sus luces divinas
165 1770 574 1829 alientan mi corazon.
128 1814 735 1878 A. Quien pillara un salchichon
163 1855 654 1923 aunque fuera de sardina.
121 1906 667 1954 J. ¡Oh, si tan cruel no fuera
174 1945 649 2004 su hermoso cielo divino!
127 1975 704 2040 A. Oh, si un cuartillo de vino
169 2030 669 2103 detras de esto me cayera!
132 2074 572 2138 J. Pero venza la porfia
173 2120 607 2181 la dureza de su pecho.
129 2167 619 2229 A. Si está la asadura fria
174 2200 644 2269 no cenaré de provecho.
137 2253 631 2305 J. Mas mis suspiros diran
177 2295 633 2368 de mi amor el desvario.
850 1349 1420 1423 A. Mas á dormir, cuerpo mio,
890 1409 1465 1486 que esto alienta como el pan.
1017 1454 1379 1519 Hacen que se van.
855 1500 1352 1562 J. Un vulto allí se divisa.
853 1535 1471 1599 A. Un bulto hacia mi se viene.
851 1587 1427 1635 J. Otro amor mi dama tiene.
859 1631 1404 1704 A. ¿Si me dejará en camisa?
853 1676 1311 1743 J. Llegarle á reconocer
893 1715 1378 1784 es preciso en este lance.
852 1763 1454 1835 A. El demonio que me alcance
896 1806 1399 1870 como yo apriete á correr.
855 1832 1494 1914 J. ¿Pues para que son mis brios?
901 1896 1341 1956 ahora lo tengo de ver.
849 1934 1396 1989 A. Bueno estoy para correr
899 1982 1427 2045 que tengo el cuerpo vacio.
858 2025 1207 2087 J. ¡Ola quien va!
852 2062 1285 2132 A. ¡Ola, quien viene!
861 2109 1416 2175 J. Un tigre, leon, serpiente,
900 2154 1388 2219 que sale aqui de repente
902 2199 1375 2263 á arrancarte el corazon.
855 2232 1437 2304 A. Tiene usted mucha razon;
909 2285 1449 2366 dice usted muy lindamente.
