1765 2512
159 251 773 347 sí hay suegro empieza ágruñir,
165 322 766 396 si hay suegra empieza á rabiar,
170 361 664 440 pues todo lo ha de sufrir,
163 400 612 466 y todo lo ha de callar:
166 447 610 514 otros suelen encontrar
163 494 596 558 con una muger ufana
166 522 745 595 que suele hechar mas peanas
171 577 772 646 que pulgas hay por son Juan:
160 624 612 685 otros suelen encontrar
172 669 648 729 con una muger frailera,
162 713 670 773 pela pabas, sandungueras
165 759 623 816 amigas de engalanarse,
166 800 689 859 conque digo que el casarse
168 846 645 904 bien puede ser asertado,
168 898 630 950 peio no he visto casado
167 928 665 996 que no quiera descasarse.
120 970 719 1050 J. Pues discurre tu que modo
166 1020 549 1077 elegiremos los dos,
168 1048 610 1122 que para servir á Díos
173 1104 624 1161 sea mas proporcionado.
124 1146 679 1222 A. Haste herrador ó barbero
167 1190 564 1253 y si no bodegonero,
168 1238 563 1298 morirás canonizado.
130 1267 753 1348 J. Siempre has de tener humor.
116 1325 757 1376 A. No me ha quedado otra cosa
167 1370 710 1428 pues escucha otra graciosa;
166 1415 664 1488 haste venado en Cartuja
173 1455 580 1523 ó de gracia motilon,
176 1493 621 1559 que asegura tu racion,
168 1544 629 1609 casa y entierro pagado.
127 1590 681 1641 J. Con eso no me acomodo.
131 1638 728 1694 A. Un bello modo he pensado.
127 1671 712 1742 J. Y es—A. Haste ermitaño,
171 1724 703 1798 que es una vida poltrona,
171 1755 578 1823 y si sigues la virtud
171 1810 585 1868 asegura una corona.
129 1837 678 1913 J. Con eso no me acomodo,
174 1899 638 1964 porque quiero padecer,
177 1947 602 1998 trabajar andar y. ver
167 1965 655 2042 al redor el mundo todo.
130 2028 674 2092 A. Un bello modo imagino.
140 2066 499 2145 J. Y este ¿cual es?
854 266 1240 336 A. Haste peregrino,
899 312 1390 376 que llevando tu bordon
900 362 1460 445 tu sombrero y tu esclavina,
895 409 1325 468 tu calabaza con vino
897 454 1351 519 y delante una cartera,
899 486 1544 558 vá un hombre por donde quiera
904 550 1340 600 costeando su camino.
867 581 1296 647 J. Ese parecer acepto
905 618 1425 686 y en todo lo he de seguir,
858 662 1378 724 A. Yo en romeria he de ir
902 715 1306 777 á la casa de Loreto,
907 757 1326 821 y si logro dicha tanta
899 802 1335 866 al Papa el pie besaré,
902 849 1277 904 y desde alli pasaré
896 886 1364 952 a adorar la Casa Santa,
902 936 1274 993 y desde allí pasaré
898 979 1307 1045 á Belen y á Nazaret,
903 1026 1279 1085 y desde allí pasaré
899 1056 1376 1132 a ver el santo sepulcro,
908 1108 1283 1170 y desde allí pasaré
899 1144 1462 1234 al Preste Juan de las indias,
901 1203 1359 1261 y desde allí pasaré....
856 1239 1360 1302 J. Calla necio, ten razon,
904 1290 1367 1346 y vamos á prevenirnos.
861 1323 1428 1392 A. Primero es el engullirnos
905 1373 1314 1433 una lonja de jamon.
856 1415 1440 1478 J. A Dios casa, á Dios balcon,
906 1460 1359 1519 donde yo me recreaba,
855 1505 1368 1567 A. A Dios casa y bodegon
902 1540 1412 1606 donde esta panza llenaba.
856 1598 1422 1661 J. Cuantas veces ¡oh balcon!
911 1627 1397 1698 en tí puse mi esperanza.
860 1679 1378 1739 A. Cuantas veces bodegon
900 1720 1362 1782 en tí llenaba la panza.
853 1762 1490 1823 J. A Dios patria, á Dios señores,
907 1813 1398 1874 á Dios nobles caballeros.
851 1859 1436 1919 A. A Dios plaza y vendedores
906 1901 1432 1949 con todos sus taberneros.
859 1940 1470 2010 J. Que me encomendeis á Dios
901 1987 1370 2046 en ésta ocasion os pido.
857 2035 1335 2090 A. Y yo suplico rendido,
903 2078 1364 2139 un victor para los dos.
790 2143 902 2212 FIN.
640 2223 1053 2304 CARMONA:—1856.
257 2284 1447 2359 Imp. de D. J.M. Moreno, calle Juan de la Cabra, núm,. 5.
