1765 2512
219 196 864 273 J. Saca la espada. A. No puedo.
216 247 914 320 J. ¿Quien te lo impide? A. El miedo.
224 295 868 359 J. ¿De qué lo tienes? A. De nada.
219 337 800 397 J. Váyase que es un cobarde.
218 385 774 452 A. Pues sino fuera tan tarde
254 424 730 489 sepa usted que peleara.
217 469 791 535 J, Advierta que en esta calle
255 507 804 576 no le vuelva yo á encontrar.
208 554 662 621 A. Como sea sin cenar
250 594 757 666 seguro está que me halle.
206 643 769 706 J. O la espada me ha de dar
260 686 796 762 ó conmigo las ha de haber.
205 726 778 789 A. Digo que es mi intencion.
207 774 801 842 J. El qué A. Apretar á correr.
209 822 752 890 J. Primero te haré pedazos
244 860 726 925 á palos y á cuchilladas.
198 912 760 974 A. Pues soltemos lás espadas
242 958 723 1013 y andemos á puñetazos.
211 993 740 1056 J. Esa es accion de víllanos
242 1036 710 1103 gente de mal proceder.
195 1079 824 1149 A. Pues señor si esto ha de ser
245 1123 778 1193 veamos quien tiene manos.
190 1165 758 1238 J. Váyese que me ha movido
240 1213 720 1277 á compasion su pobreza.
184 1254 822 1321 A. Tambien á mi me ha movido
231 1302 776 1369 romperle á usted la cabeza.
187 1346 766 1416 J. No vé que lo he de matar
233 1381 791 1459 si se llega á resistir. (riñen)
182 1431 771 1498 A. Mi espada lo ha de probar.
191 1475 679 1539 J. La mia lo ha de decir.
185 1522 749 1591 A. Huye hombre que te doy.
191 1566 765 1632 J. Huye hombre que te paso.
186 1609 698 1673 A. ¡Que no venga por ahí
235 1647 681 1714 uno que nos meta paz!
185 1695 718 1763 J. Que no venga Barrabás
227 1740 684 1799 diciendo que haces ahí!
218 1782 685 1847 Anton Rapao, ¿eres tú?
175 1824 757 1890 A. Si pero si no has hablado
220 1874 775 1943 con mi espada te he pasado.
175 1911 774 1989 J. Hombre, que haces en esta
222 1961 710 2015 calle, ¿estas enamorado?
178 2006 747 2069 A. ¿Y tu estás endemoniado?
230 2054 778 2117 que esto has pensado de mí?
177 2091 738 2148 J. No: que hay en esta calle
219 2139 686 2203 damas de buen parecer
219 2190 770 2240 que hacen por fuerza querer
219 2223 775 2302 su garbo, su,brio y su tal e,
1001 211 1436 279 no fuera mucho creer
996 260 1405 321 vinieras á pretender
1003 303 1490 364 con quien poderte casar.
953 347 1420 408 A. Primero te vea arar
999 391 1545 455 con un buey de compañero,
994 433 1500 495 y que te arrastre primero
991 488 1517 539 por medio de un muladar:
997 531 1491 584 que te vea manco y cojo,
995 567 1434 629 y que te saltes un ojo,
999 610 1479 663 que tal llegue á ejecutar,
947 657 1502 715 J. Mucho me dá que pensar
983 693 1461 751 hables con tal aversion,
983 745 1441 794 y que sin tal condicion
984 794 1407 845 no te quisieras casar.
931 835 1563 886 A. Mas bien me fuera á remar
984 871 1451 931 al banco de una galera,
977 917 1476 979 pues peor vida le espera
977 959 1510 1022 á aquel que se vá á casar.
939 1002 1533 1066 J. Lo contrario he de probar.
928 1044 1599 1110 A. ¿Cómo? J. De aquesta manera:
983 1091 1561 1158 todo el hombre que es soltero
974 1134 1493 1200 trae inquieta la paciencia
981 1179 1473 1230 y nunca tiene un dinero,
980 1223 1468 1287 y para mas bien hallarse
970 1267 1378 1327 y que siga la virtud,
977 1314 1393 1376 tener caudal y salud,
975 1361 1513 1422 es buscar con quien casarse
978 1402 1426 1456 y de tropiezos quitarse
968 1441 1375 1505 y sino contempla tú
977 1486 1486 1545 que gustos y que placeres
972 1531 1479 1593 traen consigo las mugeres
967 1573 1498 1634 cuando anda el casamiento:
964 1619 1456 1681 ya que la novia es pedida
960 1663 1490 1722 y ya que el sí le está dado
963 1704 1548 1777 parte un hombre de contado,
970 1748 1367 1812 á sus parientes avisa,
961 1794 1423 1856 y ya que está prevenida
967 1836 1406 1900 la noche de la funcion
965 1882 1385 1940 unos traen el jamon,
958 1927 1389 1986 otros pabos y gallinas,
965 1970 1420 2030 de dulce mil golosinas,
963 2012 1445 2073 con otras mil chucherias
965 2055 1548 2123 que es un gusto aquellos dias;
954 2099 1430 2163 se visten todos de gala,
960 2144 1441 2209 entra la novia en la sala
953 2193 1432 2252 y á todos causa alegria
947 2234 1457 2307 pues las novias en la sala
