1737 2508
1239 174 1491 328 (Núm, 229.)
418 1030 1411 1120 SATIRA NUEVA Y CURIOSA,
759 1148 1102 1243 QUE DECLARA
225 1285 1556 1385 ¡O CUANTO PUEDE EL DINERO!
260 1550 682 1582 A nadie pido licencia
222 1593 676 1626 para haber de componer
216 1637 730 1670 unas coplas que han de ser
220 1682 688 1714 cada una una sentencia:
219 1724 819 1758 aunque es mucha mi inocencia,
215 1765 730 1801 escúcheme el que quisiere,
216 1813 706 1846 el que despacio estuviere,
220 1857 728 1888 oigan que cantarles quiero:
225 1900 720 1932 ¡O cuánto puede el dinero!
268 1943 744 1973 Y digo de que los Sastres
213 1985 774 2018 son hombres de gran sentido,
225 2029 794 2063 porque en cortando un vestido
229 2074 748 2106 van con el duéño á la parte:
217 2116 724 2153 y son hombres de tal arte,
222 2161 708 2196 que en tomando la tijera,
219 2205 640 2238 antes de trazar la tela
225 2248 632 2281 sacan la sisa primero.
231 2293 705 2327 ¡O cuánto puede el dinero!
988 1544 1475 1578 Zapateros de obra prima,
947 1586 1345 1621 bacuneros y de viejo
947 1630 1438 1666 habian de estar sin pellejo
952 1675 1435 1710 porque cosen por encima:
941 1719 1438 1753 con cuerda delgada y fina
953 1762 1458 1796 para que sean presto rotos,
941 1804 1445 1840 y vuelvan á comprar otros
947 1851 1357 1885 en casa del Zapatero.
956 1892 1443 1930 ¡O cuánto puede el dinero!
988 1936 1431 1972 Digo que los Herradores
941 1980 1526 2015 son hombres de entedímiento,
947 2026 1487 2059 porque saben de un jumento
943 2069 1370 2104 los trabajos y dolores;
947 2114 1406 2148 y cómo sábios doctores,
941 2157 1487 2194 y hombres de gran discurso,
943 2200 1424 2237 toman al borrico el pulso
946 2244 1544 2280 por ver si está aguado ó huero.
947 2288 1445 2328 ¡O cuánto puede el dinero!
