1737 2508
215 235 650 273 no sabe que soy bravío,
227 284 675 323 por dentro y fuera cosio,
218 332 646 368 ardiendo como un faró?
232 382 719 419 Que venga y verá lo güeno
227 429 622 467 verán ombrel salerito,
223 479 672 514 aquí está un moso bonito
227 527 740 565 que se vá á tragar el terreno.
230 575 566 611 ¡Viva Joseliyol Sá;
221 624 608 660 ahora veo á esa mugé
223 670 709 709 y er mundo güervo al revé
218 721 640 759 ó me doy una puñaláa.
225 771 633 807 ¡Ay que marvao! Jesú,
221 818 686 855 ¡ay que hombre tan atró!
217 865 638 906 acáa palabra é bárbaro,
218 914 635 953 no ha encajao una có?
224 961 658 1003 si yo no digo esas cosas,
220 1012 632 1052 lo que ahora peno yo,
225 1060 605 1096 es que sé aonde vive
226 1108 628 1148 esa mosa que osté vió,
218 1159 554 1194 y yo lo pueo yevá,
216 1206 610 1243 es cierto como er sor;
223 1252 682 1291 pero es menesté que osté
219 1303 524 1339 una copita é licó
221 1349 550 1388 y unos viñuelos...
220 1399 682 1438 lo que osté quiera, señó.
229 1447 632 1487 Muchachos, vení pacá,
221 1496 586 1535 on José lleva razon.
231 1543 606 1582 Viva on José, salero!
227 1591 572 1631 viva la Mota, señó!
227 1641 740 1683 si mandara yo en er mundo,
229 1689 611 1727 lo jasía tambó mayó.
225 1739 610 1777 Mirosté que viñolera,
228 1787 688 1825 que parese er mesmo sor!
225 1835 676 1873 miste que par de luceros,
231 1884 645 1921 ca uno vale un millon!
227 1932 678 1971 Venga osté acá, parinito,
225 1981 654 2018 así le mande á osté Dió
221 2030 607 2067 un sarnaso de peseta
219 2078 656 2116 ca una como un tambó.
227 2130 724 2168 ¡Ay! que graciosa chiquilla,
1429 189 1471 229 3
923 237 1366 276 no oye osté, rosa nasía:
935 285 1362 325 no me jachare osté mas,
933 333 1481 373 que aunque osté vaya escondia
928 383 1334 422 la tengo bien conocia.
931 432 1336 470 A mí, cabale, que ya:
933 478 1386 520 Vale osté ma, remuchito,
933 527 1489 569 que el gusto con que la quiero
930 576 1411 617 viva el rumbo y lo bonito,
934 625 1306 663 lo oscuro y recojiito
931 674 1482 713 como é la borda un sombrero.
930 722 1311 761 Ha concluio osté ya?
927 772 1367 813 porsupuesto ayá voy yo,
935 821 1274 858 yo nasí mu naturá,
928 869 1261 906 y tengo mas caliá
935 918 1383 957 que la máquina er vapó:
934 965 1314 1005 no me gusta fachaita,
927 1015 1384 1053 ni dirme por los matojos:
935 1063 1368 1102 quieo sabé cara é carita,
930 1112 1442 1151 que quiero de esa personita
927 1160 1376 1200 los rayitos de esos ojos.
934 1208 1349 1249 Po digamusté quien és,
936 1256 1394 1299 Antonio Cruces me yamo,
934 1304 1320 1343 criao y nacio en Jeré,
927 1353 1352 1392 moso con mucho poer,
935 1405 1393 1441 y que quiere ser su amo:
933 1453 1368 1491 y en diciéndome que sí,
940 1499 1339 1537 estreya de la mañana,
933 1548 1221 1587 matita de jajolí,
935 1596 1306 1633 dientesito de marfin,
931 1644 1318 1683 le doy mi via, jitana.
937 1693 1278 1733 Ayí moso, vivo yo,
940 1742 1482 1781 en la mesma casa é la esquina
941 1791 1355 1828 el señó Curro Perale...
936 1837 1418 1878 Jesú, me quemo Dios mio,
928 1888 1391 1925 haiga arrastá que se case
933 1936 1472 1975 y que quiera un compromiso?
932 1984 1347 2023 Esa chiquilla se tarda;
929 2033 1433 2071 si vendrá ó se habrá perdío?
932 2082 1382 2120 Pero aquí viene... mejó,
940 2133 1403 2171 pues se vá armá poco lio:
