1765 2512
381 185 421 220 2
243 232 667 271 ya me jilacho, Curriyo;
242 282 761 319 ¿pues acaso osté es delienso?
244 330 648 366 esta veláa me encanta,
247 376 636 417 digo pues, poquita ay
246 425 739 467 ahora mesmo en el paseo...
241 475 730 513 Curro, Curriyo, que ejesto?
248 523 650 558 esta es la gloria aliñáa
248 571 662 608 con tomate y pimiento.
241 620 727 658 ¿No vusté que vuya é jesa?
241 669 678 706 Cuanta mosa, que jaleo,
250 718 634 754 que jarana, que ruio,
250 765 694 803 que tronchito de cabeyo.
258 812 736 853 Vaya una mosa, me muero,
248 860 690 900 Vaya unos pié! tamañito,
241 912 732 949 jaciendo porbo en el suelo;
247 961 635 996 y sacando mosquetita
245 1009 842 1044 de los chinos que hay en medio.
244 1056 646 1095 On Camilo, creamosté,
239 1107 669 1143 yo soy andalú mu neto,
246 1155 678 1195 y por mi tierra, puñale,
247 1203 633 1239 jasta conmigo peleo:
252 1251 666 1287 toita la mugé que pase
246 1299 690 1335 se corta sin mas remedio
252 1347 780 1387 los dos piés y las dos manos.
250 1395 784 1433 ¡De bronqui jasta el pescueso!
240 1443 820 1483 Si boy á Ingalaterra ó á Francia,
250 1493 800 1532 cudiao que en esto no miento;
245 1543 642 1578 y saco mantiya é tira
248 1591 694 1630 en plaza calle ó paseo...
244 1640 723 1677 toa las mugere se esnucan,
244 1689 836 1726 y es que los hombres lo mesmo;
247 1738 783 1773 porque por yevarse un cacho
252 1784 674 1825 de aquel saleroso rueo,
244 1831 718 1871 se arma, y esta es la fija
243 1882 784 1924 atrompá un pronunciamiento,
243 1932 605 1968 y si rosio una caña
252 1980 752 2018 de mansaniya ó del puerto,
252 2027 760 2068 la berá osté en un momento
240 2077 650 2113 salí cantando playeras
242 2128 736 2165 y tonáa con mucho mérito.
955 235 1505 271 Curriyo, vite que mosa? La ví.
960 283 1344 319 La conose tú? Yo no:
960 331 1404 369 pues mardita sea un faró,
959 380 1399 418 ¿quién conose esa gachí?
956 430 1414 467 júi que mosa, mare mia,
956 477 1284 513 si ma dejao vaslú.
960 524 1372 560 Mira chacharí por Dios
960 573 1410 610 que es una mosa sembrá:
950 620 1338 657 Me pego dies puñalá
960 670 1344 706 ciay una mugé mejó.
953 719 1444 756 Chiquiyo, que está chaslao,
956 769 1456 807 ya lo veo que estoy perdío;
958 816 1424 853 si esa mosa me ha partio
953 865 1478 901 lo mesmo que un armendrao.
960 913 1342 950 No lo pueo remediá,
956 962 1368 998 Señores, como ha esé;
949 1010 1357 1049 yo he nacio pa queré
955 1060 1313 1096 y á luego pa peleá.
955 1108 1391 1143 Si una mosa me quisiera
956 1155 1422 1195 lo mesmo que quiero yo,
951 1204 1337 1239 la ponía junto ar sor
954 1252 1426 1287 pa que nadie la ofendiera.
958 1300 1442 1335 Y al hombre que la mirara
956 1348 1454 1387 pa que no la gorviera á vé,
952 1396 1341 1434 le ponia aquí la nue
959 1447 1414 1482 y en el pescueso la cara.
953 1495 1403 1530 Me ajogue si no es verdá
960 1544 1380 1579 si es una mugé María,
951 1592 1497 1629 la que quiero con mas trabajo
965 1642 1383 1678 que pasa un escarabajo
956 1689 1348 1727 con la pelota que lia.
956 1739 1442 1776 ¿Y si es un hombre? naita;
964 1788 1370 1823 de la primera guantáa
957 1835 1402 1872 le quito el móo de jablá,
956 1881 1394 1921 vaya un poé, fortunita.
949 1931 1426 1972 Si argun gaché la camela,
956 1982 1398 2019 aunque sea mu valiente,
955 2030 1402 2066 mas que sea una sirpinte
956 2078 1436 2116 le tengo de arriar candela.
950 2127 1415 2171 Tú no sabe quien soy yo,
