1765 2512
354 219 388 253 4
203 267 604 303 la logra si viene antes
207 316 625 352 y me vé con su marío.
211 364 542 399 Tengo pa mi salero
211 411 624 448 un cuarto lleno é inero
208 460 636 497 y un barco con puñalá:
209 508 638 547 está osté mosito güeno?
205 558 630 595 en jaciendo una chanáa
212 606 616 646 como no lo puea matá,
206 654 614 694 salero, le doy veneno.
206 702 613 741 Conque elija osté salao
205 754 653 791 por quererme va á moríl
208 801 556 838 con eso podrá desí
208 848 739 887 que er mundo quea escansao.
208 898 735 942 Tan malo es osté? quién, yo,
203 947 733 987 en náa me entro ni me sargo;
206 995 668 1034 soy el amo de andalucía,
213 1043 686 1084 tengo en mi hiero el poer,
206 1092 652 1131 y el que quiea conocer,
206 1140 648 1181 fortunita, no lo cuenta,
205 1190 737 1230 que me guervo una pimienta
207 1239 656 1275 en tocando á una mugé:
207 1287 694 1326 con que cuerpo vendecío,
208 1334 682 1375 tengo un trono para osté,
202 1384 554 1422 de piasito de oropé
936 269 1334 309 que se cayeron del só;
929 320 1385 357 y tengo pa osté una mina
938 367 1326 405 que si doy una patáa
926 415 1308 451 le pongo á osté rociá
927 464 1394 504 con oro y con piedra fina.
927 512 1338 551 Me quiere osté mareá?
934 560 1298 601 Si yo nací pa queré,
926 609 1294 647 así desia mi agüela.
927 658 1347 697 Po si tanto me camela
928 706 1296 746 mosito, vamo á vé.
932 754 1302 794 Tengo mas agaya yo
931 806 1329 841 que una torsia sin lú.
937 853 1322 889 Estoy quemao, Jesus!
931 901 1318 938 mardito sea el humó.
925 949 1563 989 Paca? qué. Ese arrastrao la siguió?
938 999 1416 1040 ya se enganchó, pare mio;
931 1049 1379 1085 yo tambien lo marisqué:
934 1097 1366 1135 soy un moso mu juncá,
933 1143 1412 1186 soy un moso mu completo,
934 1192 1440 1237 el que quiera que me siga,
926 1243 1412 1285 puñalá, que viva mi cielo,
926 1290 1324 1332 á ver á mi chula voy,
929 1338 1371 1379 viva lo valiente y güeno.
803 1677 1043 1830 Fin.
702 2107 1132 2154 CARMONA;—1866.
213 2163 1608 2212 Imp. y librería de D. José María Moreno, Madre de Dios, núm. 1.
