1765 2512
198 241 536 278 y sin poderse valer,
210 278 608 319 les quitó todas las armas:
200 319 600 356 hice acudir los soldados,
204 360 594 397 y con sogas los amarran ,
200 399 598 438 y antes que fuera de dia,
203 438 547 476 tomamos la caminata
204 477 558 517 de vuelta á Barcelona,
204 518 608 557 y un soldado se adelanta,
204 557 582 596 diciendo al gobernador;
196 597 655 636 desde que España es España,
193 637 702 676 no hubo hombre mas valiente,
199 676 616 715 ni de mas heróica hazaña;
191 714 662 755 él solo prendió los hombres,
195 756 604 793 sin que nadie le ayudara.
197 794 596 832 Victorioso con mi presa,
192 835 606 873 al conde se la entregaba,
193 874 554 911 en ocasion que venian
196 915 586 951 los soldados de la playa,
187 952 593 990 y á su escelencia dijeron:
189 992 536 1028 de turcos una fragata
190 1033 639 1071 á otra que era de cristianos
186 1071 546 1109 se la llevan apresada,
183 1108 542 1147 y aprisa pide socorro.
184 1150 601 1188 Muy suspenso se quedaba
180 1190 576 1228 al oirlo: y dijo entonces;
186 1231 698 1267 mande vuescencia que una barca
180 1270 620 1307 me fleten, y unos soldados,
177 1309 600 1347 y veran cortar mi espada
188 1349 568 1385 cabezas de los paganos,
180 1389 586 1425 si el cielo me dá ventaja
183 1428 522 1463 en poderles alcanzar;
177 1470 553 1502 y al punto se ejecutaba.
182 1507 573 1542 Con valor los marineros
174 1549 566 1583 y con cuidado remaban,
184 1586 546 1623 hasta llegar á abordar,
174 1629 564 1661 y saltando en la fragata,
172 1667 606 1701 cortando brazos y arneces
175 1706 530 1739 sus cabezas derribaba.
177 1744 550 1781 Veinte moros les maté,
165 1784 594 1822 sin que agravio me tocara;
174 1823 558 1860 y viéndose mal heridos,
173 1864 580 1901 todos soltaron las armas,
924 229 1346 291 diciendo noble cristiano,
924 275 1362 328 cese el rigor de tu espada.
924 312 1355 370 Desembarcamos en tierra,
921 354 1355 410 nos hicieron grande salva,
921 394 1319 447 y los cautivos cristianos
918 434 1368 487 por mi la victoria aclaman.
918 468 1283 524 Alegres los caballeros
915 514 1403 572 y el gobernador, me abrazan;
921 548 1298 604 y luego al siguiente dia
915 588 1266 643 se dispuso la jornada
913 630 1265 683 á la córte de Madrid
913 670 1288 723 á contarle las hazañas
915 704 1283 763 de mi valor invencible
904 747 1252 803 al Católico Monarca.
910 793 1433 845 Mandóme el Rey entrar dentro,
915 824 1318 880 y asi que llegué á la sala,
907 869 1311 922 hincándome de rodillas,
904 906 1386 962 me preguntó por mi patria.
907 946 1322 999 Soy de Morales del Rey,
913 983 1346 1039 y venero vuestras plantas.
910 1023 1306 1079 Generoso me responde:
913 1066 1348 1119 ya es Morales de Pedrajas,
910 1103 1335 1158 y marqués de Santa Cruz,
901 1143 1365 1198 conde insigne do la Habana,
904 1185 1275 1241 de Méjico gran Virey,
904 1222 1289 1278 y general de las armas,
901 1262 1285 1315 caballero comandante.
904 1299 1380 1355 Con doña alberta Constanza
904 1339 1323 1395 es mi gusto que os caseis:
898 1376 1351 1429 en breve los desposaban.
898 1422 1365 1477 Su magestad la dió un dote,
898 1459 1262 1511 el manto que cobijaba
901 1496 1260 1548 con él liberte los reos
901 1538 1342 1591 que tengan algunas causas.
898 1578 1326 1634 Puestos á los pies del Rey
895 1618 1339 1671 rinden las debidas gracias,
890 1652 1343 1711 viviendo los dos consortes
895 1695 1291 1748 con union y paz amada,
895 1735 1286 1790 dando envidias al valor,
898 1772 1294 1824 y asunto noble á la fama.
898 1817 1356 1867 Y aquí Juan Antonio Lopez
883 1854 1334 1910 pide perdon de sus faltas.
826 2074 904 2126 FIN.
665 2267 1058 2320 CARMONA:—1856.
232 2315 1490 2374 Imprenta de D. José M.a Moreno, calle Juan de la Cabra n.° 5.
