1765 2512
159 301 623 335 los que quedaron, huyeron,
165 341 615 375 que el miedo les acobarda;
159 380 592 415 y despaché así á Pelagio,
159 420 572 454 sin que nada le faltára.
168 460 584 493 Y caminando á Morales,
159 499 507 533 puse pública aduana
164 540 594 572 de tabaco, vino y carne,
163 579 577 612 de pólvora y de barajas.
164 617 596 653 A los presos los liberto,
158 657 626 690 y socorro al que me llama.
159 697 545 731 Dígalo la real Sevilla.
170 735 655 770 cuando un jueves de mañana
166 775 636 810 iban á ahorcar á un hombre,
163 815 541 850 y compasivas lloraban
163 855 618 888 dos mujeres en sus calles,
169 895 660 928 les pregunte: qué es la causa
163 933 638 968 de vuestra grande aflicción?
169 974 623 1007 Y al punto me replicaban:
165 1013 662 1048 hoy le dan muerte á mi padre,
167 1053 580 1087 quedamos desamparadas;
165 1093 681 1126 porque un hombre mató á otro,
169 1133 576 1166 el agresor se ausentaba,
175 1172 549 1205 y el escribano traidor
173 1213 578 1245 á mi padre se la carga;
171 1251 523 1284 les dije se retirasen,
167 1292 581 1327 y previniendo las armas,
171 1330 640 1364 al punto me fui á la cárcel,
172 1369 611 1404 donde el secretario estaba
179 1409 586 1444 para dar fé y testimonio
179 1449 616 1482 de sus letras mal fundadas;
179 1488 557 1523 y vide sacar al pobre,
175 1527 671 1562 que los padres le auxiliaban,
173 1567 656 1601 caminando hacia el suplicio,
176 1608 598 1640 y llegándome á la escala,
180 1647 534 1680 les hice allí detener,
175 1687 581 1722 y al escribano llamaba:
184 1726 608 1759 ven acá, hombre infeliz,,
181 1765 647 1799 condenado y de mal alma,
182 1803 577 1838 cómo por tu culpa dan
179 1842 689 1878 muerte al que no tiene causa?
184 1883 645 1918 Me respondió: del Consejo
185 1924 588 1958 que tal justicia se haga,
180 1963 538 1998 ha salido decretado.
185 2003 604 2036 Y desnudando la espada,
185 2042 507 2077 la cabeza le corté
190 2082 642 2116 dejando el cuerpo sin alma.
187 2122 525 2156 Pedian favor al Rey
184 2162 645 2196 los soldados de la guardia,
178 2200 582 2238 y brioso con mi acero
193 2242 561 2275 despejé toda la plaza,
192 2279 629 2316 donde hice doce muertes,
193 2319 661 2354 otros las piernas quebradas;
185 2358 705 2394 metí el reo en san Francisco,
188 2400 652 2435 sin que nadie lo estorvara.
888 293 1320 327 Y caminando á mi tierra,
887 333 1263 367 hallé mi casa cercada
887 373 1402 406 de un gran cordon de soldados,
887 412 1326 446 que con órden de la Sala
893 451 1281 484 venian para prenderme,
887 491 1403 525 vivo ó muerto me entregaran;
883 531 1293 567 y viéndome ya perdido,
893 571 1360 605 echando mano á las armas,
892 609 1310 643 los aventé como moscas,
888 650 1309 684 que salen desperdigadas.
884 688 1356 722 A este tiempo en Cataluña,
888 728 1314 762 en su eminente montaña,
887 767 1354 802 andaban cuarenta hombres,
892 808 1288 842 que robaban y mataban
891 847 1267 881 á todos los pasageros,
891 886 1362 919 y á muchos pueblos asaltan.
901 926 1272 960 Tenían órden del rey,
892 966 1370 1001 que aquel término cercaran,
895 1005 1351 1046 y prendiéndoles, en horcas
891 1046 1327 1080 pongan en públicas plazas;
900 1085 1286 1118 y el señor gobernador
896 1124 1314 1157 no pudo adelantar nada.
891 1163 1356 1198 porque los dichos ladrones
897 1204 1293 1237 alguna gente le matan.
898 1243 1287 1278 A la ciudad se volvió,
899 1281 1387 1317 y al punto escribió una carta,
895 1321 1367 1354 dando parte á don Rodulfo,
898 1361 1319 1394 diciéndole que esperaba,
904 1401 1272 1434 no se dilate en venir,
905 1440 1312 1474 que le dá firme palabra
901 1479 1359 1513 de ser su padrino en todo.
903 1519 1351 1552 Y sin temer mi desgracia,
904 1559 1266 1591 en un ligero caballo,
905 1598 1298 1632 cual águila que volaba,
905 1637 1398 1670 llegué á los montes de Berga,
903 1675 1375 1714 y el marqués de Huelva pasa
905 1717 1399 1750 con su esposa y sus dos hijas,
907 1757 1285 1789 mayordomo y criadas:
910 1796 1294 1830 salieron ocho ladrones,
909 1835 1301 1872 y á todos los maniatan:
907 1875 1363 1909 quieren violar la marquesa,
906 1914 1379 1949 y aquellas doncellas castas,
908 1953 1359 1988 en presencia del marqués:
918 1993 1378 2028 por socorro al cielo claman.
913 2031 1423 2066 Fui corriendo á estos lamentos:
911 2072 1377 2107 y antes que á ellos llegára,
907 2114 1230 2146 me salen á recibir
911 2153 1317 2186 con escopetas cargadas,
911 2191 1367 2225 diciendo: quien viene allá?
919 2231 1371 2265 Les dí la respuesta en balas;
917 2270 1372 2304 de los ocho maté á cinco,
915 2311 1350 2344 y los otros tres con álas,
921 2350 1305 2384 fiados en sus caballos,
911 2392 1309 2429 y con fuga apresurada,
