1737 2508
1374 293 1601 345 (Núm. 43.)
446 360 1437 433 DON RODULFO DE PEDRAJAS.
221 1269 1631 1364 NUEVA RELACION,
217 1353 1634 1440 en que se dá cuenta de los valerosos hechos y aventuras que le sucedieron
273 1399 1565 1485 á este caballero, y como S. M. lo premió por sus distinguidas hazañas.
259 1506 710 1568 Todo valiente se esconda,
208 1546 630 1608 no manifieste la charpa,
211 1585 607 1644 á vista de mis arrojos
211 1623 737 1688 tiemblen los guapos de España,
209 1662 609 1724 temple su ira Oliveros
208 1703 643 1765 vencedor de las batallas;
206 1744 666 1806 calle Bernardo del Carpió,
208 1784 686 1846 que entre cerros y cañadas
201 1821 666 1882 se quedó pidiendo guerra,
202 1861 695 1924 por yerro de su ignorancia.
199 1902 638 1965 No soy el Cid ni Sanson
199 1941 618 2003 que columnas derribaba
197 1977 674 2042 en venganza de su agravio,
199 2018 572 2082 cuyo valor publicaba,
197 2059 703 2125 que morir por Dios y el Rey,
197 2093 622 2160 es dar lauros á la fama.
200 2136 669 2203 Y porque sepan quien soy,
191 2175 623 2240 mi nacimiento y crianza,
193 2216 645 2283 nací en Morales del Rey,
191 2257 637 2319 yo, Rodulfo de Pedrajas,
190 2297 691 2364 que el astro de mi fortuna,
188 2336 648 2398 me señaló letras y armas.
939 1529 1464 1592 Llegué á cumplir veinte años,
939 1566 1443 1630 compré un caballo y charpa,
941 1606 1303 1666 y cargado de tabaco,
934 1650 1260 1704 á Zaragoza pasaba,
930 1684 1323 1743 en breve lo despaché,
937 1724 1390 1786 y volviéndome á mi casa,
932 1763 1397 1827 encontrando en el camino
934 1799 1396 1866 á Pelagio, que los guardas
930 1845 1322 1902 lo llevaban maniatado,
937 1883 1330 1943 y despojado de armas,
927 1919 1258 1976 así que los conocí,
923 1962 1376 2024 los aguardé que llegaran,
930 2003 1308 2060 y les dije: caballeros,
929 2042 1392 2104 aquese preso y las cargas,
925 2082 1291 2137 al punto lo soltareis,
927 2124 1412 2186 que don Rodulfo lo manda,
920 2160 1323 2221 aqui es preciso morir,
925 2198 1431 2262 que la muerte á todos llama,
922 2239 1429 2306 A un tiempo me dispararon,
921 2279 1352 2341 dándome carga cerrada,
921 2320 1325 2378 yo disparé mi trabuco,
921 2357 1371 2418 y les maté cinco guardas,
