<?xml version="1.0" encoding="UTF-8" standalone="yes"?>
<PcGts xmlns="http://schema.primaresearch.org/PAGE/gts/pagecontent/2013-07-15" xmlns:xsi="http://www.w3.org/2001/XMLSchema-instance" xsi:schemaLocation="http://schema.primaresearch.org/PAGE/gts/pagecontent/2013-07-15 http://schema.primaresearch.org/PAGE/gts/pagecontent/2013-07-15/pagecontent.xsd">
    <Metadata>
        <Creator>prov=University of Rostock/Institute of Mathematics/CITlab|PLANET AI GmbH/Gundram Leifert/gundram.leifert@planet-ai.de:name=Pliegos de Cordel (XIXe) - v3(htr_id=26984)::::v=2.6.7
prov=University of Rostock/Institute of Mathematics/CITlab|PLANET AI GmbH/Tobias Gruening/tobias.gruening@planet-ai.de:name=de.uros.citlab.module.baseline2polygon.B2PSeamMultiOriented:v=2.6.7
prov=University of Rostock/Institute of Mathematics/CITlab|PLANET AI GmbH/Tobias Gruening/tobias.gruening@planet-ai.de:name=/net_tf/LA73_249_0mod360.pb:de.uros.citlab.segmentation.CITlab_LA_ML:v=2.6.7
Transkribus</Creator>
        <Created>2020-10-22T17:41:02.905+02:00</Created>
        <LastChange>2020-11-27T15:58:55.087+01:00</LastChange>
        <TranskribusMetadata docId="523582" pageId="22274705" pageNr="37" tsid="49674108" status="DONE" userId="66244" imgUrl="https://files.transkribus.eu/Get?id=HNEBTRBRZHHQLWCZHOYLVNFB&amp;fileType=view" xmlUrl="https://files.transkribus.eu/Get?id=AAKBEEXWKREVLWBEQHFOFDOW" imageId="17350925"/>
    </Metadata>
    <Page imageFilename="Moreno_044_1.jpg" imageWidth="1648" imageHeight="2396">
        <ReadingOrder>
            <OrderedGroup id="ro_1606489615877" caption="Regions reading order">
                <RegionRefIndexed index="0" regionRef="r1"/>
            </OrderedGroup>
        </ReadingOrder>
        <TextRegion orientation="0.0" id="r1" custom="readingOrder {index:0;}">
            <Coords points="106,215 106,2321 1390,2321 1390,215"/>
            <TextLine id="r1l1" custom="readingOrder {index:0;}">
                <Coords points="1153,246 1180,247 1207,248 1234,248 1262,248 1289,247 1316,247 1343,248 1371,248 1371,217 1343,217 1316,216 1289,216 1262,217 1234,217 1207,217 1180,216 1153,215"/>
                <Baseline points="1153,236 1180,237 1207,238 1234,238 1262,238 1289,237 1316,237 1343,238 1371,238"/>
                <TextEquiv>
                    <Unicode>Núm. 50. </Unicode>
                </TextEquiv>
            </TextLine>
            <TextLine id="r1l2" custom="readingOrder {index:1;}">
                <Coords points="368,1061 413,1063 458,1065 504,1066 549,1067 595,1068 640,1069 685,1070 731,1070 776,1070 822,1071 867,1071 912,1071 958,1071 1003,1071 1049,1071 1094,1071 1139,1071 1185,1071 1230,1072 1276,1072 1276,1041 1230,1041 1185,1040 1139,1040 1094,1040 1049,1040 1003,1040 958,1040 912,1040 867,1040 822,1040 776,1039 731,1039 685,1039 640,1038 595,1037 549,1036 504,1035 458,1034 413,1032 368,1030"/>
                <Baseline points="368,1051 413,1053 458,1055 504,1056 549,1057 595,1058 640,1059 685,1060 731,1060 776,1060 822,1061 867,1061 912,1061 958,1061 1003,1061 1049,1061 1094,1061 1139,1061 1185,1061 1230,1062 1276,1062"/>
                <TextEquiv>
                    <Unicode>DECIMAS GLOSADAS</Unicode>
                </TextEquiv>
            </TextLine>
            <TextLine id="r1l3" custom="readingOrder {index:2;}">
                <Coords points="387,1158 431,1159 475,1161 519,1162 563,1163 607,1164 651,1164 695,1165 739,1165 783,1166 827,1166 871,1166 915,1167 959,1167 1003,1167 1047,1167 1091,1167 1135,1167 1179,1167 1223,1167 1267,1168 1267,1137 1223,1136 1179,1136 1135,1136 1091,1136 1047,1136 1003,1136 959,1136 915,1136 871,1135 827,1135 783,1135 739,1134 695,1134 651,1133 607,1133 563,1132 519,1131 475,1130 431,1128 387,1127"/>
                <Baseline points="387,1148 431,1149 475,1151 519,1152 563,1153 607,1154 651,1154 695,1155 739,1155 783,1156 827,1156 871,1156 915,1157 959,1157 1003,1157 1047,1157 1091,1157 1135,1157 1179,1157 1223,1157 1267,1158"/>
                <TextEquiv>
                    <Unicode>Y TROVOS PARA CANTAR LOS AFICIONADOS.</Unicode>
                </TextEquiv>
            </TextLine>
            <TextLine id="r1l5" custom="readingOrder {index:3;}">
                <Coords points="567,1302 594,1302 622,1302 650,1302 678,1302 706,1303 734,1303 761,1303 789,1304 817,1304 845,1305 873,1305 901,1306 929,1306 956,1307 984,1308 1012,1308 1040,1308 1068,1309 1096,1309 1124,1309 1124,1278 1096,1278 1068,1278 1040,1277 1012,1277 984,1277 956,1276 929,1275 901,1275 873,1274 845,1274 817,1273 789,1273 761,1272 734,1272 706,1272 678,1271 650,1271 622,1271 594,1271 567,1271"/>
                <Baseline points="567,1292 594,1292 622,1292 650,1292 678,1292 706,1293 734,1293 761,1293 789,1294 817,1294 845,1295 873,1295 901,1296 929,1296 956,1297 984,1298 1012,1298 1040,1298 1068,1299 1096,1299 1124,1299"/>
                <TextEquiv>
                    <Unicode>A la margen de una fuente, </Unicode>
                </TextEquiv>
            </TextLine>
            <TextLine id="r1l6" custom="readingOrder {index:4;}">
                <Coords points="522,1345 547,1346 572,1346 597,1346 622,1346 647,1346 672,1346 697,1346 722,1346 747,1347 772,1347 797,1347 822,1348 847,1348 872,1349 897,1349 922,1351 947,1352 947,1322 922,1321 897,1319 872,1319 847,1318 822,1318 797,1317 772,1317 747,1317 722,1316 697,1316 672,1316 647,1316 622,1316 597,1316 572,1316 547,1316 522,1315"/>
                <Baseline points="522,1335 547,1336 572,1336 597,1336 622,1336 647,1336 672,1336 697,1336 722,1336 747,1337 772,1337 797,1337 822,1338 847,1338 872,1339 897,1339 922,1341 947,1342"/>
                <TextEquiv>
                    <Unicode>solo, triste y retirado,</Unicode>
                </TextEquiv>
            </TextLine>
            <TextLine id="r1l7" custom="readingOrder {index:5;}">
                <Coords points="523,1388 548,1389 574,1389 599,1389 625,1389 650,1390 676,1390 702,1390 727,1390 753,1390 778,1390 804,1391 830,1391 855,1391 881,1391 906,1391 932,1392 958,1392 958,1362 932,1362 906,1361 881,1361 855,1361 830,1361 804,1361 778,1360 753,1360 727,1360 702,1360 676,1360 650,1360 625,1359 599,1359 574,1359 548,1359 523,1358"/>
                <Baseline points="523,1378 548,1379 574,1379 599,1379 625,1379 650,1380 676,1380 702,1380 727,1380 753,1380 778,1380 804,1381 830,1381 855,1381 881,1381 906,1381 932,1382 958,1382"/>
                <TextEquiv>
                    <Unicode>un amante enamorado</Unicode>
                </TextEquiv>
            </TextLine>
            <TextLine id="r1l8" custom="readingOrder {index:6;}">
                <Coords points="519,1432 544,1432 569,1433 595,1433 620,1433 646,1434 671,1434 696,1434 722,1434 747,1435 773,1435 798,1435 824,1435 849,1436 874,1436 900,1436 925,1437 951,1438 976,1438 1002,1439 1002,1408 976,1407 951,1407 925,1406 900,1405 874,1405 849,1405 824,1404 798,1404 773,1404 747,1404 722,1403 696,1403 671,1403 646,1403 620,1402 595,1402 569,1402 544,1401 519,1401"/>
                <Baseline points="519,1422 544,1422 569,1423 595,1423 620,1423 646,1424 671,1424 696,1424 722,1424 747,1425 773,1425 798,1425 824,1425 849,1426 874,1426 900,1426 925,1427 951,1428 976,1428 1002,1429"/>
                <TextEquiv>
                    <Unicode>lloraba su dueño ausente.</Unicode>
                </TextEquiv>
            </TextLine>
            <TextLine id="r1l9" custom="readingOrder {index:7;}">
                <Coords points="167,1472 193,1472 219,1472 246,1472 272,1472 298,1473 325,1473 351,1473 377,1474 404,1474 430,1475 456,1475 483,1475 509,1476 535,1476 562,1477 588,1478 615,1478 615,1447 588,1447 562,1446 535,1445 509,1445 483,1444 456,1444 430,1444 404,1443 377,1443 351,1442 325,1442 298,1442 272,1441 246,1441 219,1441 193,1441 167,1441"/>
                <Baseline points="167,1462 193,1462 219,1462 246,1462 272,1462 298,1463 325,1463 351,1463 377,1464 404,1464 430,1465 456,1465 483,1465 509,1466 535,1466 562,1467 588,1468 615,1468"/>
                <TextEquiv>
                    <Unicode>Con prisiones y cadenas</Unicode>
                </TextEquiv>
            </TextLine>
            <TextLine id="r1l11" custom="readingOrder {index:8;}">
                <Coords points="121,1516 146,1516 171,1516 197,1516 222,1516 248,1517 273,1517 299,1517 324,1518 350,1518 375,1519 400,1519 426,1520 451,1520 477,1521 502,1521 528,1521 553,1522 579,1522 579,1492 553,1492 528,1491 502,1491 477,1491 451,1490 426,1490 400,1489 375,1489 350,1488 324,1488 299,1487 273,1487 248,1487 222,1486 197,1486 171,1486 146,1486 121,1486"/>
                <Baseline points="121,1506 146,1506 171,1506 197,1506 222,1506 248,1507 273,1507 299,1507 324,1508 350,1508 375,1509 400,1509 426,1510 451,1510 477,1511 502,1511 528,1511 553,1512 579,1512"/>
                <TextEquiv>
                    <Unicode>triste un cautivo lloraba,</Unicode>
                </TextEquiv>
            </TextLine>
            <TextLine id="r1l13" custom="readingOrder {index:9;}">
                <Coords points="121,1558 150,1559 180,1560 209,1560 239,1561 268,1562 298,1562 327,1563 357,1563 386,1564 416,1564 445,1564 475,1565 504,1565 534,1565 563,1566 593,1566 622,1566 652,1566 681,1566 711,1566 711,1536 681,1536 652,1536 622,1536 593,1536 563,1536 534,1535 504,1535 475,1535 445,1534 416,1534 386,1534 357,1533 327,1533 298,1532 268,1532 239,1531 209,1530 180,1530 150,1529 121,1528"/>
                <Baseline points="121,1548 150,1549 180,1550 209,1550 239,1551 268,1552 298,1552 327,1553 357,1553 386,1554 416,1554 445,1554 475,1555 504,1555 534,1555 563,1556 593,1556 622,1556 652,1556 681,1556 711,1556"/>
                <TextEquiv>
                    <Unicode>porque en la prision no hallaba</Unicode>
                </TextEquiv>
            </TextLine>
            <TextLine id="r1l15" custom="readingOrder {index:10;}">
                <Coords points="122,1603 147,1603 173,1604 199,1604 224,1604 250,1604 276,1605 301,1605 327,1605 353,1605 378,1606 404,1606 430,1607 455,1607 481,1607 507,1609 532,1609 558,1610 584,1611 584,1581 558,1580 532,1579 507,1579 481,1577 455,1577 430,1577 404,1576 378,1576 353,1575 327,1575 301,1575 276,1575 250,1574 224,1574 199,1574 173,1574 147,1573 122,1573"/>
                <Baseline points="122,1593 147,1593 173,1594 199,1594 224,1594 250,1594 276,1595 301,1595 327,1595 353,1595 378,1596 404,1596 430,1597 455,1597 481,1597 507,1599 532,1599 558,1600 584,1601"/>
                <TextEquiv>
                    <Unicode>quien aliviara sus penas,</Unicode>
                </TextEquiv>
            </TextLine>
            <TextLine id="r1l17" custom="readingOrder {index:11;}">
                <Coords points="120,1647 146,1648 172,1649 198,1649 224,1649 250,1650 276,1650 302,1650 328,1650 354,1650 380,1650 406,1650 432,1651 458,1651 484,1652 510,1654 536,1655 536,1625 510,1624 484,1622 458,1621 432,1621 406,1620 380,1620 354,1620 328,1620 302,1620 276,1620 250,1620 224,1619 198,1619 172,1619 146,1618 120,1617"/>
                <Baseline points="120,1637 146,1638 172,1639 198,1639 224,1639 250,1640 276,1640 302,1640 328,1640 354,1640 380,1640 406,1640 432,1641 458,1641 484,1642 510,1644 536,1645"/>
                <TextEquiv>
                    <Unicode>sus esperanzas agenas;</Unicode>
                </TextEquiv>
            </TextLine>
            <TextLine id="r1l19" custom="readingOrder {index:12;}">
                <Coords points="113,1691 142,1691 171,1691 201,1691 230,1692 260,1692 289,1692 318,1693 348,1693 377,1694 407,1695 436,1695 466,1696 495,1697 524,1697 554,1697 583,1698 613,1698 642,1699 672,1699 672,1669 642,1669 613,1668 583,1668 554,1667 524,1667 495,1667 466,1666 436,1665 407,1665 377,1664 348,1663 318,1663 289,1662 260,1662 230,1662 201,1661 171,1661 142,1661 113,1661"/>
                <Baseline points="113,1681 142,1681 171,1681 201,1681 230,1682 260,1682 289,1682 318,1683 348,1683 377,1684 407,1685 436,1685 466,1686 495,1687 524,1687 554,1687 583,1688 613,1688 642,1689 672,1689"/>
                <TextEquiv>
                    <Unicode>no hay cosa que le contente;</Unicode>
                </TextEquiv>
            </TextLine>
            <TextLine id="r1l21" custom="readingOrder {index:13;}">
                <Coords points="120,1734 145,1735 171,1735 197,1736 223,1736 249,1736 275,1737 301,1737 327,1737 353,1737 379,1738 405,1738 431,1738 457,1739 483,1740 483,1709 457,1708 431,1707 405,1707 379,1707 353,1706 327,1706 301,1706 275,1706 249,1705 223,1705 197,1705 171,1704 145,1704 120,1703"/>
                <Baseline points="120,1724 145,1725 171,1725 197,1726 223,1726 249,1726 275,1727 301,1727 327,1727 353,1727 379,1728 405,1728 431,1728 457,1729 483,1730"/>
                <TextEquiv>
                    <Unicode>oyó tan suavemente</Unicode>
                </TextEquiv>
            </TextLine>
            <TextLine id="r1l23" custom="readingOrder {index:14;}">
                <Coords points="117,1778 143,1779 169,1779 196,1780 222,1780 249,1780 275,1781 301,1781 328,1781 354,1782 381,1782 407,1782 433,1783 460,1783 486,1784 513,1784 539,1785 565,1785 592,1786 618,1787 645,1788 645,1757 618,1756 592,1755 565,1754 539,1754 513,1753 486,1753 460,1752 433,1752 407,1751 381,1751 354,1751 328,1750 301,1750 275,1750 249,1749 222,1749 196,1749 169,1748 143,1748 117,1747"/>
                <Baseline points="117,1768 143,1769 169,1769 196,1770 222,1770 249,1770 275,1771 301,1771 328,1771 354,1772 381,1772 407,1772 433,1773 460,1773 486,1774 513,1774 539,1775 565,1775 592,1776 618,1777 645,1778"/>
                <TextEquiv>
                    <Unicode>que un instrumento tocaba,</Unicode>
                </TextEquiv>
            </TextLine>
            <TextLine id="r1l25" custom="readingOrder {index:15;}">
                <Coords points="112,1827 137,1825 162,1825 188,1824 213,1824 239,1824 264,1824 290,1825 315,1825 341,1825 366,1826 391,1826 417,1827 442,1827 468,1828 493,1828 519,1828 544,1828 570,1828 570,1798 544,1798 519,1798 493,1798 468,1798 442,1797 417,1797 391,1796 366,1796 341,1795 315,1795 290,1795 264,1794 239,1794 213,1794 188,1794 162,1795 137,1795 112,1797"/>
                <Baseline points="112,1817 137,1815 162,1815 188,1814 213,1814 239,1814 264,1814 290,1815 315,1815 341,1815 366,1816 391,1816 417,1817 442,1817 468,1818 493,1818 519,1818 544,1818 570,1818"/>
                <TextEquiv>
                    <Unicode>y que una mora cantaba</Unicode>
                </TextEquiv>
            </TextLine>
            <TextLine id="r1l27" custom="readingOrder {index:16;}">
                <Coords points="115,1866 140,1866 165,1867 190,1867 215,1867 241,1867 266,1868 291,1868 316,1868 341,1869 367,1869 392,1870 417,1870 442,1870 467,1871 493,1871 518,1872 543,1872 568,1873 593,1873 619,1874 619,1844 593,1843 568,1843 543,1842 518,1842 493,1841 467,1841 442,1840 417,1840 392,1840 367,1839 341,1839 316,1838 291,1838 266,1838 241,1837 215,1837 190,1837 165,1837 140,1836 115,1836"/>
                <Baseline points="115,1856 140,1856 165,1857 190,1857 215,1857 241,1857 266,1858 291,1858 316,1858 341,1859 367,1859 392,1860 417,1860 442,1860 467,1861 493,1861 518,1862 543,1862 568,1863 593,1863 619,1864"/>
                <TextEquiv>
                    <Unicode>á la margen de una fuente.</Unicode>
                </TextEquiv>
            </TextLine>
            <TextLine id="r1l29" custom="readingOrder {index:17;}">
                <Coords points="159,1910 184,1910 210,1911 236,1911 262,1912 288,1912 313,1912 339,1913 365,1913 391,1913 417,1914 442,1914 468,1914 494,1915 520,1916 546,1917 572,1918 572,1888 546,1887 520,1886 494,1885 468,1884 442,1884 417,1884 391,1883 365,1883 339,1883 313,1882 288,1882 262,1882 236,1881 210,1881 184,1880 159,1880"/>
                <Baseline points="159,1900 184,1900 210,1901 236,1901 262,1902 288,1902 313,1902 339,1903 365,1903 391,1903 417,1904 442,1904 468,1904 494,1905 520,1906 546,1907 572,1908"/>
                <TextEquiv>
                    <Unicode>Al olr voz tan sonora,</Unicode>
                </TextEquiv>
            </TextLine>
            <TextLine id="r1l31" custom="readingOrder {index:18;}">
                <Coords points="108,1953 134,1954 160,1954 186,1955 212,1955 239,1956 265,1956 291,1957 317,1957 343,1957 370,1957 396,1958 422,1958 448,1958 474,1958 501,1959 527,1959 553,1959 579,1960 606,1960 606,1930 579,1930 553,1929 527,1929 501,1929 474,1928 448,1928 422,1928 396,1928 370,1927 343,1927 317,1927 291,1927 265,1926 239,1926 212,1925 186,1925 160,1924 134,1924 108,1923"/>
                <Baseline points="108,1943 134,1944 160,1944 186,1945 212,1945 239,1946 265,1946 291,1947 317,1947 343,1947 370,1947 396,1948 422,1948 448,1948 474,1948 501,1949 527,1949 553,1949 579,1950 606,1950"/>
                <TextEquiv>
                    <Unicode>fué el cautivo paso á paso,</Unicode>
                </TextEquiv>
            </TextLine>
            <TextLine id="r1l33" custom="readingOrder {index:19;}">
                <Coords points="116,1997 141,1998 167,1998 193,1999 219,2000 244,2000 270,2001 296,2001 322,2002 347,2002 373,2002 399,2003 425,2003 450,2003 476,2004 502,2004 528,2004 553,2004 579,2005 605,2005 631,2005 631,1974 605,1974 579,1974 553,1973 528,1973 502,1973 476,1973 450,1972 425,1972 399,1972 373,1971 347,1971 322,1971 296,1970 270,1970 244,1969 219,1969 193,1968 167,1967 141,1967 116,1966"/>
                <Baseline points="116,1987 141,1988 167,1988 193,1989 219,1990 244,1990 270,1991 296,1991 322,1992 347,1992 373,1992 399,1993 425,1993 450,1993 476,1994 502,1994 528,1994 553,1994 579,1995 605,1995 631,1995"/>
                <TextEquiv>
                    <Unicode>se echó la cadena al brazo</Unicode>
                </TextEquiv>
            </TextLine>
            <TextLine id="r1l35" custom="readingOrder {index:20;}">
                <Coords points="108,2043 134,2042 160,2042 186,2042 212,2042 238,2043 264,2043 290,2044 316,2044 342,2045 368,2046 394,2046 420,2047 446,2048 472,2048 498,2049 524,2049 550,2049 577,2049 577,2019 550,2019 524,2019 498,2019 472,2018 446,2018 420,2017 394,2016 368,2016 342,2015 316,2014 290,2014 264,2013 238,2013 212,2012 186,2012 160,2012 134,2012 108,2013"/>
                <Baseline points="108,2033 134,2032 160,2032 186,2032 212,2032 238,2033 264,2033 290,2034 316,2034 342,2035 368,2036 394,2036 420,2037 446,2038 472,2038 498,2039 524,2039 550,2039 577,2039"/>
                <TextEquiv>
                    <Unicode>sin que lo oyera la mora</Unicode>
                </TextEquiv>
            </TextLine>
            <TextLine id="r1l37" custom="readingOrder {index:21;}">
                <Coords points="112,2085 137,2086 163,2087 189,2087 215,2088 240,2088 266,2088 292,2089 318,2089 343,2089 369,2089 395,2090 421,2090 446,2090 472,2091 498,2091 524,2092 550,2093 550,2063 524,2062 498,2061 472,2061 446,2060 421,2060 395,2060 369,2059 343,2059 318,2059 292,2059 266,2058 240,2058 215,2058 189,2057 163,2057 137,2056 112,2055"/>
                <Baseline points="112,2075 137,2076 163,2077 189,2077 215,2078 240,2078 266,2078 292,2079 318,2079 343,2079 369,2079 395,2080 421,2080 446,2080 472,2081 498,2081 524,2082 550,2083"/>
                <TextEquiv>
                    <Unicode>viendo tan bella señora,</Unicode>
                </TextEquiv>
            </TextLine>
            <TextLine id="r1l39" custom="readingOrder {index:22;}">
                <Coords points="112,2129 138,2130 164,2131 190,2131 216,2132 242,2132 268,2132 294,2132 320,2132 347,2133 373,2133 399,2133 425,2133 451,2134 477,2134 503,2135 529,2135 555,2136 582,2137 582,2106 555,2105 529,2104 503,2104 477,2103 451,2103 425,2102 399,2102 373,2102 347,2102 320,2101 294,2101 268,2101 242,2101 216,2101 190,2100 164,2100 138,2099 112,2098"/>
                <Baseline points="112,2119 138,2120 164,2121 190,2121 216,2122 242,2122 268,2122 294,2122 320,2122 347,2123 373,2123 399,2123 425,2123 451,2124 477,2124 503,2125 529,2125 555,2126 582,2127"/>
                <TextEquiv>
                    <Unicode>quedó atónito y turbado:</Unicode>
                </TextEquiv>
            </TextLine>
            <TextLine id="r1l41" custom="readingOrder {index:23;}">
                <Coords points="116,2173 142,2174 169,2174 196,2175 223,2175 250,2176 276,2176 303,2177 330,2177 357,2177 384,2178 410,2178 437,2179 464,2179 491,2179 518,2180 544,2180 571,2180 598,2180 625,2180 652,2180 652,2149 625,2149 598,2149 571,2149 544,2149 518,2149 491,2148 464,2148 437,2148 410,2147 384,2147 357,2146 330,2146 303,2146 276,2145 250,2145 223,2144 196,2144 169,2143 142,2143 116,2142"/>
                <Baseline points="116,2163 142,2164 169,2164 196,2165 223,2165 250,2166 276,2166 303,2167 330,2167 357,2167 384,2168 410,2168 437,2169 464,2169 491,2169 518,2170 544,2170 571,2170 598,2170 625,2170 652,2170"/>
                <TextEquiv>
                    <Unicode>a hablarla no se ha acercado</Unicode>
                </TextEquiv>
            </TextLine>
            <TextLine id="r1l43" custom="readingOrder {index:24;}">
                <Coords points="106,2217 135,2218 164,2218 194,2219 223,2219 253,2220 282,2220 311,2220 341,2221 370,2221 400,2222 429,2222 458,2223 488,2223 517,2224 547,2225 576,2226 605,2226 635,2227 664,2228 694,2229 694,2198 664,2197 635,2196 605,2195 576,2195 547,2194 517,2193 488,2192 458,2192 429,2191 400,2191 370,2190 341,2190 311,2189 282,2189 253,2189 223,2188 194,2188 164,2187 135,2187 106,2186"/>
                <Baseline points="106,2207 135,2208 164,2208 194,2209 223,2209 253,2210 282,2210 311,2210 341,2211 370,2211 400,2212 429,2212 458,2213 488,2213 517,2214 547,2215 576,2216 605,2216 635,2217 664,2218 694,2219"/>
                <TextEquiv>
                    <Unicode>y en un fresco fresño se sienta,</Unicode>
                </TextEquiv>
            </TextLine>
            <TextLine id="r1l45" custom="readingOrder {index:25;}">
                <Coords points="112,2260 138,2261 164,2262 190,2263 216,2264 242,2264 269,2265 295,2265 321,2266 347,2266 373,2267 399,2267 426,2267 452,2268 478,2268 504,2269 530,2270 556,2271 583,2272 583,2241 556,2240 530,2239 504,2238 478,2237 452,2237 426,2236 399,2236 373,2236 347,2235 321,2235 295,2234 269,2234 242,2233 216,2233 190,2232 164,2231 138,2230 112,2229"/>
                <Baseline points="112,2250 138,2251 164,2252 190,2253 216,2254 242,2254 269,2255 295,2255 321,2256 347,2256 373,2257 399,2257 426,2257 452,2258 478,2258 504,2259 530,2260 556,2261 583,2262"/>
                <TextEquiv>
                    <Unicode>donde llora y se lamenta</Unicode>
                </TextEquiv>
            </TextLine>
            <TextLine id="r1l47" custom="readingOrder {index:26;}">
                <Coords points="108,2306 134,2307 160,2309 186,2310 212,2310 238,2311 264,2311 290,2311 317,2312 343,2312 369,2312 395,2312 421,2312 447,2313 473,2314 499,2315 526,2316 526,2285 499,2284 473,2283 447,2282 421,2281 395,2281 369,2281 343,2281 317,2281 290,2280 264,2280 238,2280 212,2279 186,2279 160,2278 134,2276 108,2275"/>
                <Baseline points="108,2296 134,2297 160,2299 186,2300 212,2300 238,2301 264,2301 290,2301 317,2302 343,2302 369,2302 395,2302 421,2302 447,2303 473,2304 499,2305 526,2306"/>
                <TextEquiv>
                    <Unicode>solo, triste y retirado.</Unicode>
                </TextEquiv>
            </TextLine>
            <TextLine id="r1l10" custom="readingOrder {index:27;}">
                <Coords points="895,1480 920,1481 946,1481 972,1481 997,1481 1023,1482 1049,1482 1075,1482 1100,1483 1126,1483 1152,1483 1178,1483 1203,1483 1229,1484 1255,1484 1281,1484 1281,1453 1255,1453 1229,1453 1203,1452 1178,1452 1152,1452 1126,1452 1100,1452 1075,1451 1049,1451 1023,1451 997,1450 972,1450 946,1450 920,1450 895,1449"/>
                <Baseline points="895,1470 920,1471 946,1471 972,1471 997,1471 1023,1472 1049,1472 1075,1472 1100,1473 1126,1473 1152,1473 1178,1473 1203,1473 1229,1474 1255,1474 1281,1474"/>
                <TextEquiv>
                    <Unicode>Pensativa y pesarosa</Unicode>
                </TextEquiv>
            </TextLine>
            <TextLine id="r1l12" custom="readingOrder {index:28;}">
                <Coords points="849,1524 874,1524 900,1525 926,1525 952,1525 978,1526 1004,1526 1030,1526 1056,1526 1082,1526 1108,1527 1133,1527 1159,1527 1185,1527 1211,1528 1237,1528 1263,1529 1289,1529 1315,1530 1341,1531 1367,1532 1367,1501 1341,1500 1315,1499 1289,1498 1263,1498 1237,1497 1211,1497 1185,1496 1159,1496 1133,1496 1108,1496 1082,1495 1056,1495 1030,1495 1004,1495 978,1495 952,1494 926,1494 900,1494 874,1493 849,1493"/>
                <Baseline points="849,1514 874,1514 900,1515 926,1515 952,1515 978,1516 1004,1516 1030,1516 1056,1516 1082,1516 1108,1517 1133,1517 1159,1517 1185,1517 1211,1518 1237,1518 1263,1519 1289,1519 1315,1520 1341,1521 1367,1522"/>
                <TextEquiv>
                    <Unicode>de lo que el amor le fragua,</Unicode>
                </TextEquiv>
            </TextLine>
            <TextLine id="r1l14" custom="readingOrder {index:29;}">
                <Coords points="853,1570 878,1569 903,1569 928,1569 954,1569 979,1570 1004,1570 1030,1570 1055,1571 1080,1571 1105,1571 1131,1572 1156,1572 1181,1572 1207,1572 1232,1572 1257,1572 1283,1572 1283,1542 1257,1542 1232,1542 1207,1542 1181,1542 1156,1542 1131,1542 1105,1541 1080,1541 1055,1541 1030,1540 1004,1540 979,1540 954,1539 928,1539 903,1539 878,1539 853,1540"/>
                <Baseline points="853,1560 878,1559 903,1559 928,1559 954,1559 979,1560 1004,1560 1030,1560 1055,1561 1080,1561 1105,1561 1131,1562 1156,1562 1181,1562 1207,1562 1232,1562 1257,1562 1283,1562"/>
                <TextEquiv>
                    <Unicode>mirando correr el agua</Unicode>
                </TextEquiv>
            </TextLine>
            <TextLine id="r1l16" custom="readingOrder {index:30;}">
                <Coords points="850,1611 875,1612 900,1612 926,1613 951,1613 977,1613 1002,1614 1028,1614 1053,1614 1079,1614 1104,1614 1129,1615 1155,1615 1180,1615 1206,1615 1231,1616 1257,1616 1282,1617 1308,1618 1333,1619 1359,1620 1359,1590 1333,1589 1308,1588 1282,1587 1257,1586 1231,1586 1206,1585 1180,1585 1155,1585 1129,1585 1104,1584 1079,1584 1053,1584 1028,1584 1002,1584 977,1583 951,1583 926,1583 900,1582 875,1582 850,1581"/>
                <Baseline points="850,1601 875,1602 900,1602 926,1603 951,1603 977,1603 1002,1604 1028,1604 1053,1604 1079,1604 1104,1604 1129,1605 1155,1605 1180,1605 1206,1605 1231,1606 1257,1606 1282,1607 1308,1608 1333,1609 1359,1610"/>
                <TextEquiv>
                    <Unicode>se quedó la dama hermosa;</Unicode>
                </TextEquiv>
            </TextLine>
            <TextLine id="r1l18" custom="readingOrder {index:31;}">
                <Coords points="854,1651 879,1653 904,1655 929,1656 954,1657 979,1658 1004,1658 1029,1658 1054,1658 1079,1658 1104,1658 1129,1658 1154,1657 1179,1657 1204,1657 1229,1658 1255,1658 1255,1628 1229,1628 1204,1627 1179,1627 1154,1627 1129,1628 1104,1628 1079,1628 1054,1628 1029,1628 1004,1628 979,1628 954,1627 929,1626 904,1625 879,1623 854,1621"/>
                <Baseline points="854,1641 879,1643 904,1645 929,1646 954,1647 979,1648 1004,1648 1029,1648 1054,1648 1079,1648 1104,1648 1129,1648 1154,1647 1179,1647 1204,1647 1229,1648 1255,1648"/>
                <TextEquiv>
                    <Unicode>y viéndola tan quejosa</Unicode>
                </TextEquiv>
            </TextLine>
            <TextLine id="r1l20" custom="readingOrder {index:32;}">
                <Coords points="842,1697 868,1698 894,1699 920,1700 946,1700 973,1701 999,1701 1025,1701 1051,1701 1077,1701 1104,1701 1130,1701 1156,1702 1182,1702 1208,1702 1235,1703 1261,1703 1287,1704 1313,1706 1340,1707 1340,1676 1313,1675 1287,1673 1261,1672 1235,1672 1208,1671 1182,1671 1156,1671 1130,1670 1104,1670 1077,1670 1051,1670 1025,1670 999,1670 973,1670 946,1669 920,1669 894,1668 868,1667 842,1666"/>
                <Baseline points="842,1687 868,1688 894,1689 920,1690 946,1690 973,1691 999,1691 1025,1691 1051,1691 1077,1691 1104,1691 1130,1691 1156,1692 1182,1692 1208,1692 1235,1693 1261,1693 1287,1694 1313,1696 1340,1697"/>
                <TextEquiv>
                    <Unicode>fué el cautivo con agrado,</Unicode>
                </TextEquiv>
            </TextLine>
            <TextLine id="r1l22" custom="readingOrder {index:33;}">
                <Coords points="852,1743 878,1744 904,1745 930,1745 956,1745 982,1746 1008,1746 1034,1746 1060,1746 1086,1746 1112,1746 1138,1746 1164,1746 1190,1746 1216,1747 1242,1747 1268,1748 1294,1749 1320,1750 1320,1720 1294,1719 1268,1718 1242,1717 1216,1717 1190,1716 1164,1716 1138,1716 1112,1716 1086,1716 1060,1716 1034,1716 1008,1716 982,1716 956,1715 930,1715 904,1715 878,1714 852,1713"/>
                <Baseline points="852,1733 878,1734 904,1735 930,1735 956,1735 982,1736 1008,1736 1034,1736 1060,1736 1086,1736 1112,1736 1138,1736 1164,1736 1190,1736 1216,1737 1242,1737 1268,1738 1294,1739 1320,1740"/>
                <TextEquiv>
                    <Unicode>á la dama ha preguntado,</Unicode>
                </TextEquiv>
            </TextLine>
            <TextLine id="r1l24" custom="readingOrder {index:34;}">
                <Coords points="850,1787 876,1787 903,1788 929,1788 956,1789 982,1789 1009,1789 1035,1789 1062,1789 1088,1789 1115,1789 1141,1789 1168,1789 1194,1789 1221,1789 1248,1789 1248,1759 1221,1759 1194,1759 1168,1759 1141,1759 1115,1759 1088,1759 1062,1759 1035,1759 1009,1759 982,1759 956,1759 929,1758 903,1758 876,1757 850,1757"/>
                <Baseline points="850,1777 876,1777 903,1778 929,1778 956,1779 982,1779 1009,1779 1035,1779 1062,1779 1088,1779 1115,1779 1141,1779 1168,1779 1194,1779 1221,1779 1248,1779"/>
                <TextEquiv>
                    <Unicode>y ella triste rospondió</Unicode>
                </TextEquiv>
            </TextLine>
            <TextLine id="r1l26" custom="readingOrder {index:35;}">
                <Coords points="860,1830 886,1831 912,1831 939,1832 965,1832 991,1832 1018,1833 1044,1833 1070,1833 1097,1833 1123,1834 1149,1834 1176,1834 1202,1834 1228,1834 1255,1834 1281,1833 1308,1833 1308,1802 1281,1802 1255,1803 1228,1803 1202,1803 1176,1803 1149,1803 1123,1803 1097,1802 1070,1802 1044,1802 1018,1802 991,1801 965,1801 939,1801 912,1800 886,1800 860,1799"/>
                <Baseline points="860,1820 886,1821 912,1821 939,1822 965,1822 991,1822 1018,1823 1044,1823 1070,1823 1097,1823 1123,1824 1149,1824 1176,1824 1202,1824 1228,1824 1255,1824 1281,1823 1308,1823"/>
                <TextEquiv>
                    <Unicode>hay de mí! que me dejó</Unicode>
                </TextEquiv>
            </TextLine>
            <TextLine id="r1l28" custom="readingOrder {index:36;}">
                <Coords points="841,1875 867,1875 893,1875 920,1876 946,1876 973,1876 999,1876 1026,1877 1052,1877 1078,1877 1105,1877 1131,1877 1158,1877 1184,1878 1211,1878 1237,1878 1264,1877 1264,1846 1237,1847 1211,1847 1184,1847 1158,1846 1131,1846 1105,1846 1078,1846 1052,1846 1026,1846 999,1845 973,1845 946,1845 920,1845 893,1844 867,1844 841,1844"/>
                <Baseline points="841,1865 867,1865 893,1865 920,1866 946,1866 973,1866 999,1866 1026,1867 1052,1867 1078,1867 1105,1867 1131,1867 1158,1867 1184,1868 1211,1868 1237,1868 1264,1867"/>
                <TextEquiv>
                    <Unicode>un amante enamorado.</Unicode>
                </TextEquiv>
            </TextLine>
            <TextLine id="r1l30" custom="readingOrder {index:37;}">
                <Coords points="881,1918 906,1919 931,1920 956,1920 981,1921 1006,1921 1031,1921 1056,1921 1081,1921 1106,1921 1131,1921 1156,1921 1181,1921 1206,1921 1231,1922 1256,1922 1281,1922 1306,1923 1331,1924 1331,1893 1306,1892 1281,1891 1256,1891 1231,1891 1206,1890 1181,1890 1156,1890 1131,1890 1106,1890 1081,1890 1056,1890 1031,1890 1006,1890 981,1890 956,1889 931,1889 906,1888 881,1887"/>
                <Baseline points="881,1908 906,1909 931,1910 956,1910 981,1911 1006,1911 1031,1911 1056,1911 1081,1911 1106,1911 1131,1911 1156,1911 1181,1911 1206,1911 1231,1912 1256,1912 1281,1912 1306,1913 1331,1914"/>
                <TextEquiv>
                    <Unicode>En fin con tanto primor</Unicode>
                </TextEquiv>
            </TextLine>
            <TextLine id="r1l32" custom="readingOrder {index:38;}">
                <Coords points="840,1962 865,1963 890,1963 915,1964 941,1964 966,1964 991,1964 1017,1964 1042,1964 1067,1965 1093,1965 1118,1965 1143,1965 1168,1965 1194,1966 1219,1966 1244,1966 1270,1967 1295,1967 1320,1968 1346,1969 1346,1938 1320,1937 1295,1936 1270,1936 1244,1935 1219,1935 1194,1935 1168,1934 1143,1934 1118,1934 1093,1934 1067,1934 1042,1933 1017,1933 991,1933 966,1933 941,1933 915,1933 890,1932 865,1932 840,1931"/>
                <Baseline points="840,1952 865,1953 890,1953 915,1954 941,1954 966,1954 991,1954 1017,1954 1042,1954 1067,1955 1093,1955 1118,1955 1143,1955 1168,1955 1194,1956 1219,1956 1244,1956 1270,1957 1295,1957 1320,1958 1346,1959"/>
                <TextEquiv>
                    <Unicode>la venció y con tal esmero,</Unicode>
                </TextEquiv>
            </TextLine>
            <TextLine id="r1l34" custom="readingOrder {index:39;}">
                <Coords points="840,2005 865,2006 890,2007 915,2007 940,2008 965,2008 990,2008 1015,2008 1040,2009 1065,2009 1091,2009 1116,2009 1141,2009 1166,2009 1191,2009 1216,2010 1241,2010 1266,2011 1291,2011 1316,2012 1342,2013 1342,1982 1316,1981 1291,1980 1266,1980 1241,1979 1216,1979 1191,1978 1166,1978 1141,1978 1116,1978 1091,1978 1065,1978 1040,1978 1015,1977 990,1977 965,1977 940,1977 915,1976 890,1976 865,1975 840,1974"/>
                <Baseline points="840,1995 865,1996 890,1997 915,1997 940,1998 965,1998 990,1998 1015,1998 1040,1999 1065,1999 1091,1999 1116,1999 1141,1999 1166,1999 1191,1999 1216,2000 1241,2000 1266,2001 1291,2001 1316,2002 1342,2003"/>
                <TextEquiv>
                    <Unicode>que el se quedó prisionero,</Unicode>
                </TextEquiv>
            </TextLine>
            <TextLine id="r1l36" custom="readingOrder {index:40;}">
                <Coords points="846,2049 871,2050 897,2051 922,2052 948,2052 974,2053 999,2053 1025,2053 1051,2053 1076,2053 1102,2053 1128,2053 1153,2053 1179,2054 1205,2054 1230,2054 1256,2055 1282,2055 1282,2024 1256,2024 1230,2023 1205,2023 1179,2023 1153,2022 1128,2022 1102,2022 1076,2022 1051,2022 1025,2022 999,2022 974,2022 948,2021 922,2021 897,2020 871,2019 846,2018"/>
                <Baseline points="846,2039 871,2040 897,2041 922,2042 948,2042 974,2043 999,2043 1025,2043 1051,2043 1076,2043 1102,2043 1128,2043 1153,2043 1179,2044 1205,2044 1230,2044 1256,2045 1282,2045"/>
                <TextEquiv>
                    <Unicode>y ella cautiva de amor;</Unicode>
                </TextEquiv>
            </TextLine>
            <TextLine id="r1l38" custom="readingOrder {index:41;}">
                <Coords points="848,2095 874,2095 900,2096 926,2096 952,2096 979,2096 1005,2097 1031,2097 1057,2097 1084,2097 1110,2097 1136,2097 1162,2098 1189,2098 1215,2098 1241,2098 1267,2098 1294,2098 1294,2067 1267,2067 1241,2067 1215,2067 1189,2067 1162,2067 1136,2066 1110,2066 1084,2066 1057,2066 1031,2066 1005,2066 979,2065 952,2065 926,2065 900,2065 874,2064 848,2064"/>
                <Baseline points="848,2085 874,2085 900,2086 926,2086 952,2086 979,2086 1005,2087 1031,2087 1057,2087 1084,2087 1110,2087 1136,2087 1162,2088 1189,2088 1215,2088 1241,2088 1267,2088 1294,2088"/>
                <TextEquiv>
                    <Unicode>ué tan grande su fervor</Unicode>
                </TextEquiv>
            </TextLine>
            <TextLine id="r1l40" custom="readingOrder {index:42;}">
                <Coords points="842,2137 869,2138 896,2139 924,2139 951,2140 979,2140 1006,2141 1033,2141 1061,2141 1088,2141 1116,2141 1143,2141 1170,2141 1198,2142 1225,2142 1253,2142 1280,2143 1307,2144 1335,2145 1362,2146 1390,2148 1390,2117 1362,2115 1335,2114 1307,2113 1280,2112 1253,2111 1225,2111 1198,2111 1170,2110 1143,2110 1116,2110 1088,2110 1061,2110 1033,2110 1006,2110 979,2109 951,2109 924,2108 896,2108 869,2107 842,2106"/>
                <Baseline points="842,2127 869,2128 896,2129 924,2129 951,2130 979,2130 1006,2131 1033,2131 1061,2131 1088,2131 1116,2131 1143,2131 1170,2131 1198,2132 1225,2132 1253,2132 1280,2133 1307,2134 1335,2135 1362,2136 1390,2138"/>
                <TextEquiv>
                    <Unicode>que allí mismo se arrepiente,</Unicode>
                </TextEquiv>
            </TextLine>
            <TextLine id="r1l42" custom="readingOrder {index:43;}">
                <Coords points="842,2182 868,2183 894,2183 920,2184 946,2184 972,2184 998,2184 1024,2185 1050,2185 1076,2185 1102,2185 1128,2185 1154,2185 1180,2186 1206,2186 1232,2186 1258,2186 1284,2187 1310,2188 1336,2188 1336,2157 1310,2157 1284,2156 1258,2155 1232,2155 1206,2155 1180,2155 1154,2154 1128,2154 1102,2154 1076,2154 1050,2154 1024,2154 998,2153 972,2153 946,2153 920,2153 894,2152 868,2152 842,2151"/>
                <Baseline points="842,2172 868,2173 894,2173 920,2174 946,2174 972,2174 998,2174 1024,2175 1050,2175 1076,2175 1102,2175 1128,2175 1154,2175 1180,2176 1206,2176 1232,2176 1258,2176 1284,2177 1310,2178 1336,2178"/>
                <TextEquiv>
                    <Unicode>y en aquella misma fuente</Unicode>
                </TextEquiv>
            </TextLine>
            <TextLine id="r1l44" custom="readingOrder {index:44;}">
                <Coords points="837,2226 862,2227 887,2227 912,2227 938,2227 963,2228 988,2228 1014,2228 1039,2228 1064,2228 1090,2229 1115,2229 1140,2229 1166,2229 1191,2230 1216,2230 1242,2230 1267,2231 1292,2231 1318,2232 1318,2201 1292,2200 1267,2200 1242,2199 1216,2199 1191,2199 1166,2198 1140,2198 1115,2198 1090,2198 1064,2197 1039,2197 1014,2197 988,2197 963,2197 938,2196 912,2196 887,2196 862,2196 837,2195"/>
                <Baseline points="837,2216 862,2217 887,2217 912,2217 938,2217 963,2218 988,2218 1014,2218 1039,2218 1064,2218 1090,2219 1115,2219 1140,2219 1166,2219 1191,2220 1216,2220 1242,2220 1267,2221 1292,2221 1318,2222"/>
                <TextEquiv>
                    <Unicode>recibió el santo bautismo;</Unicode>
                </TextEquiv>
            </TextLine>
            <TextLine id="r1l46" custom="readingOrder {index:45;}">
                <Coords points="843,2269 868,2270 893,2271 918,2272 943,2272 968,2272 993,2273 1018,2273 1043,2273 1068,2273 1093,2273 1118,2273 1143,2273 1168,2273 1193,2273 1219,2274 1219,2243 1193,2242 1168,2242 1143,2242 1118,2242 1093,2242 1068,2242 1043,2242 1018,2242 993,2242 968,2241 943,2241 918,2241 893,2240 868,2239 843,2238"/>
                <Baseline points="843,2259 868,2260 893,2261 918,2262 943,2262 968,2262 993,2263 1018,2263 1043,2263 1068,2263 1093,2263 1118,2263 1143,2263 1168,2263 1193,2263 1219,2264"/>
                <TextEquiv>
                    <Unicode>y del regocijo mismo</Unicode>
                </TextEquiv>
            </TextLine>
            <TextLine id="r1l48" custom="readingOrder {index:46;}">
                <Coords points="840,2314 865,2315 890,2316 916,2317 941,2318 967,2319 992,2319 1018,2319 1043,2319 1069,2319 1094,2320 1120,2320 1145,2320 1171,2320 1196,2320 1222,2320 1247,2320 1273,2321 1298,2321 1324,2321 1324,2290 1298,2290 1273,2290 1247,2289 1222,2289 1196,2289 1171,2289 1145,2289 1120,2289 1094,2289 1069,2288 1043,2288 1018,2288 992,2288 967,2288 941,2287 916,2286 890,2285 865,2284 840,2283"/>
                <Baseline points="840,2304 865,2305 890,2306 916,2307 941,2308 967,2309 992,2309 1018,2309 1043,2309 1069,2309 1094,2310 1120,2310 1145,2310 1171,2310 1196,2310 1222,2310 1247,2310 1273,2311 1298,2311 1324,2311"/>
                <TextEquiv>
                    <Unicode>lloraba su dueño ausente.</Unicode>
                </TextEquiv>
            </TextLine>
            <TextEquiv>
                <Unicode>Núm. 50. 
DECIMAS GLOSADAS
Y TROVOS PARA CANTAR LOS AFICIONADOS.
A la margen de una fuente, 
solo, triste y retirado,
un amante enamorado
lloraba su dueño ausente.
Con prisiones y cadenas
triste un cautivo lloraba,
porque en la prision no hallaba
quien aliviara sus penas,
sus esperanzas agenas;
no hay cosa que le contente;
oyó tan suavemente
que un instrumento tocaba,
y que una mora cantaba
á la margen de una fuente.
Al olr voz tan sonora,
fué el cautivo paso á paso,
se echó la cadena al brazo
sin que lo oyera la mora
viendo tan bella señora,
quedó atónito y turbado:
a hablarla no se ha acercado
y en un fresco fresño se sienta,
donde llora y se lamenta
solo, triste y retirado.
Pensativa y pesarosa
de lo que el amor le fragua,
mirando correr el agua
se quedó la dama hermosa;
y viéndola tan quejosa
fué el cautivo con agrado,
á la dama ha preguntado,
y ella triste rospondió
hay de mí! que me dejó
un amante enamorado.
En fin con tanto primor
la venció y con tal esmero,
que el se quedó prisionero,
y ella cautiva de amor;
ué tan grande su fervor
que allí mismo se arrepiente,
y en aquella misma fuente
recibió el santo bautismo;
y del regocijo mismo
lloraba su dueño ausente.</Unicode>
            </TextEquiv>
        </TextRegion>
        <GraphicRegion id="Graphic_1606489122369_729" custom="readingOrder {index:1;}">
            <Coords points="161,963 474,963 474,383 161,383"/>
        </GraphicRegion>
        <GraphicRegion id="Graphic_1606489127940_733" custom="readingOrder {index:2;}">
            <Coords points="565,953 943,953 943,277 565,277"/>
        </GraphicRegion>
        <GraphicRegion id="Graphic_1606489133205_737" custom="readingOrder {index:3;}">
            <Coords points="963,943 1483,943 1483,282 963,282"/>
        </GraphicRegion>
    </Page>
</PcGts>
