1737 2508
630 269 1094 304 Estas lágrimas que tloro
587 314 901 347 pongo delante de Dios,
591 358 887 391 y en el tribunal divino
585 403 897 434 darás cuenta por los dos
228 446 643 482 Mi honra y estimacion
185 491 687 526 marchitastes en perderme,
192 536 682 571 y yo infeliz llegué á verme
184 579 671 615 pensando no eres traidor;
187 623 560 658 cojiste la mejor flor
189 668 669 702 de mi jardin, ¡que tesoro!
186 711 608 745 hoy me veo sin decoro,
192 755 706 790 por consentir entu intento,
191 799 629 834 y te sirvan de tormento
192 844 645 878 estas lágrimas que lloro.
226 887 722 922 Porque si fuese ó no fuese
196 931 670 966 no se lo dije á mi madre,
185 978 669 1012 y ahora aunque sea tarde,
190 1021 652 1054 ya que mi afrenta crece,
192 1064 628 1096 es justo de que supiese
187 1109 628 1141 mi conducta tan atróz;
184 1152 600 1185 yo me vengaré de vos
187 1196 650 1228 con suspiros y clamores,
186 1239 727 1274 pues mis lágrimas y errores
192 1285 619 1318 pongo delante de Dios.
963 444 1403 476 Con un falso juramento
923 487 1315 520 lograste violentarme,
919 533 1414 564 dándome para engañarme,
913 575 1344 610 palabra de casamiento:
921 621 1398 652 yo consentí en tu intento
917 663 1399 695 rindiéndote mi amor fino,
916 706 1368 740 y es un grande desatino
920 751 1290 784 si quieres escusarlo,
915 795 1424 828 que tendrás de ser juzgado,
915 838 1357 873 y en el tribunal divino.
957 883 1436 915 Bien lo sabe Dios eterno,
923 926 1498 960 que es nuestro mas fiel testigo,
928 967 1421 1004 cuando estubistes conmigo
915 1015 1486 1047 tres veces tembló el infierno;
919 1059 1387 1091 y que seguí tu gobierno
920 1104 1321 1136 con un engaño veloz,
924 1146 1430 1179 me perdiste á mí con Dios
921 1191 1486 1224 que es cuanto hay que perder,
924 1234 1398 1268 por tí lo llegué á ofender,
929 1280 1400 1312 darás cuenta por los dos.
642 1325 909 1360 Es falsa tu imputacion
594 1368 916 1404 que aunque en tu jardin entré,
599 1411 1091 1447 la flor que desperdiciastes
599 1457 1001 1490 de otro jardinero fue.
236 1503 757 1537 Cuando en tú jardin entré
198 1549 602 1584 pensé cortar una flor,
193 1592 584 1624 yo no resulto traidor
204 1637 641 1670 porque cortada la hallé:
195 1680 758 1718 ¿Por qué hablas sabiendo que
200 1723 606 1760 otro logró la ocasion,
195 1767 695 1801 y tu con dañada intencion
196 1810 705 1848 a mí me haces delincuente?
202 1855 710 1892 pues digo de consiguiente:
204 1898 627 1936 es falsa tu imputacion.
242 1942 763 1978 Es cierto qué yo no he sido
202 1986 619 2024 el que tu flor marchitó,
202 2030 641 2068 ni el que palabra te dió
199 2075 690 2111 de ser tu esposo ó marido,
202 2119 713 2156 como ves tu honor perdido,
203 2163 627 2199 tú lloras sabiendo que
204 2209 599 2244 otro tu perdicion fué,
199 2252 667 2288 y conmigo estás quejosa,
201 2295 616 2331 yo no marchité la rosa
199 2341 704 2376 aunque en tu jardin entré.
968 1497 1366 1538 ¿Qué sacas de porfiar
927 1543 1435 1577 y meter mas leña al fuego?
922 1585 1331 1618 si te digo desde luego
934 1630 1444 1664 que en vano será el hablar;
931 1674 1400 1707 que atrevida y sin pensar
928 1718 1400 1751 á otro tu amor inclinaste,
930 1762 1386 1795 de aquel debias quejarte
935 1806 1328 1838 que la dicha mereció;
933 1850 1391 1882 pues no es ley que pague yo
925 1894 1422 1926 la flor que desperdiciaste.
973 1938 1404 1970 Delante de un crucifijo
928 1984 1306 2016 me atreveria á jurar,
936 2027 1384 2058 no tengo cuenta que dar
931 2071 1368 2102 ante el tribunal divino,
930 2114 1520 2147 que el honor que tu has perdido
925 2160 1358 2191 el como y cuando lo sé,
927 2201 1339 2235 y siempre lo afirmaré,
929 2246 1498 2278 tú ya sabes que esto es cierto,
936 2290 1475 2324 que el pié que pisó tu huerto
931 2337 1342 2369 de otro jardinero fué.
