1765 2512
629 295 1065 333 Dentro de la sepultara
596 341 1075 380 al punto de darme tierra,
591 382 1089 423 no podrá la misma muerte
585 430 941 467 privarme de que te quiera.
236 478 719 516 Nadie en él mundo podrá
199 525 679 560 de tu amor desapartarme,
198 569 651 606 ni uña pasion entibiarme
197 614 631 647 todo el orbe arcanzara;
195 657 545 692 antes todo acabará
203 701 758 739 que yo olvide tu hermosura,
199 745 701 781 pues de mi amor la locura
195 789 623 823 si yo llegara á espirar,
199 833 605 868 aun te tenia de amar
202 876 629 912 dentro de la sepultura.
239 918 713 954 Si con castigos violentos
200 965 690 999 me mandáran te olvidara,
205 1007 631 1046 yo al punto contéstara
208 1050 637 1088 con esforzados alientos:
210 1093 711 1132 que previnieran tormentos
207 1137 761 1173 y armaran contra mi guerra;
208 1181 789 1218 cuanto mal el mundo encierra,
200 1228 682 1261 tu amor núnca olvidaré,
207 1270 641 1307 aunque yo difunto esté
207 1313 689 1351 al punto de darme tierra.
973 466 1464 502 Ya pueden prevenir penas,
923 510 1424 553 ya pueden inventar males,
935 554 1348 590 entre fatigas mortales
938 598 1429 637 cargarme con mil cadenas:
936 642 1394 678 todo esto á voces llenas
939 686 1323 722 y con espíritu fuerte,
941 729 1435 767 les diré de aquesta suerte;
937 772 1429 810 es mi amor de tal manera,
944 815 1503 854 què el hacer que no te quiera
938 860 1443 899 no podrá la misma muerte.
979 907 1383 941 Es tan fina mi pasion,
933 950 1410 984 y te amo en tal estremo,
940 992 1448 1030 que ni á la muerte la temo
943 1036 1425 1075 ni al mas sangriento leon:
944 1080 1371 1118 grabada en mi corazon
945 1125 1373 1162 te tengo de tal manera,
941 1166 1425 1206 que si alguno pretendiera
947 1213 1481 1249 que de tu amor me apartara,
945 1254 1437 1293 todo el mundo no lograra
938 1301 1451 1336 privarme de que te quiera.
647 1352 897 1388 Recibe, reina y señora
607 1396 869 1433 esta carla que te escribo,
608 1438 1139 1478 que es de un infeliz cautivo,
610 1481 1155 1522 que entre prisiones le adora.
252 1534 657 1572 Cuando los ojos abrí
214 1581 592 1616 á la luz de la razon,
211 1624 605 1660 con todo mi corazon,
214 1667 605 1704 alma y vida te ofrecí:
211 1711 591 1748 todo amor usé en tí,
215 1755 629 1790 bellísima encantadora,
215 1797 715 1835 estrella que el alma adora,
223 1842 649 1878 bella azucena fragante,
212 1884 732 1923 al que espera ser tu amante
216 1929 620 1966 recibe reina y señora.
259 1972 671 2010 Aquel que en grandes lamentos
221 2017 669 2053 vive en continuo peñar,
226 2060 681 2098 porque no pudo alcanza!
225 2104 777 2141 la estension del pensamiento;
228 2149 666 2187 pero si me estás atento
225 2194 673 2229 escucha lo que te digo;
226 2237 675 2274 de piedad uses conmigo,
224 2281 667 2318 que si en tí veo aficion,
233 2325 601 2361 te abrirá mi corazon
231 2367 713 2406 esta carla que te escribo.
987 1520 1464 1556 Yo quisiera muy de veras
947 1566 1361 1601 el ablarte cara á cara,
947 1609 1459 1651 y que tu luz me alumbrara
951 1655 1319 1692 para dejar de penar;
949 1699 1331 1733 pero si me das lugar
949 1738 1505 1777 no muestres tu genio esquivo
954 1786 1399 1823 con este infeliz rendido,
951 1830 1447 1865 que así pena por tu amor,
953 1873 1331 1909 recibe este borrador
952 1914 1487 1955 que es de un infeliz cautivo.
1000 1959 1488 1996 En fin yo vivo aguardando
957 2004 1389 2041 de tus labios esquisitos,
961 2045 1457 2086 que con grandes requisitos
953 2090 1475 2129 respuestas me vayas dando:
960 2134 1504 2174 que me digas donde y cuando
968 2181 1432 2215 podré verte bella aurora,
959 2225 1381 2261 cuando llegará la hóra
966 2267 1450 2304 de unir tu rostro hermoso
959 2311 1391 2349 con este infeliz dichoso
957 2354 1503 2397 que entre prisiones te adora.
