1668 2360
277 268 1369 304 TROVOS NUEVOS
371 360 1302 400 PARA CANTAR LOS GALANES A LAS DAMAS.
175 452 700 486 Los hombres en este mundo.
135 497 594 532 todos tratan de engañar,
139 541 563 574 y á veces el mas amigo
127 586 583 620 mas bien la suele pegar.
180 629 682 665 Cuando con amor profundo
138 673 517 708 debian todos amarse,
136 718 611 752 contra la razon que fundo
133 761 620 797 no paran de atormentarse
135 805 630 841 los hombres en este mundo
169 849 558 884 Hemos de considerar
137 895 560 928 que gentiles y paganos
138 939 666 978 cuantos hay por conquistar,
132 982 592 1018 moros, judios, cristianos,
137 1026 592 1061 todos tratan de engañar.
179 1070 633 1107 ¿Cuantas veces al abrigo
132 1114 612 1151 de una aparente amistad,
132 1157 572 1192 se ocultará tu enemigo:
130 1202 640 1239 pero al fin traicion te hará
133 1246 565 1283 y á veces el mas amigo.
173 1290 642 1325 No por eso has de privar
130 1333 654 1372 á tu esposa el comun trato,
132 1378 620 1411 sino que te debes guardar
131 1422 760 1460 de aquel, que haciendo el beato,
123 1467 571 1500 mas bien la suele pegar.
178 1554 601 1588 Niña casada con viejo
128 1598 594 1632 si observa la ley divina,
133 1642 541 1674 de doce meses del año
132 1687 538 1719 once come de vigilia.
175 1730 546 1763 Tiene de hombre un pellejo
126 1774 524 1807 todo lleno de manias;
125 1818 579 1853 en vez de carne abadejo
135 1861 610 1898 come los mas de los dias,
129 1906 540 1940 niña casada con viejo.
176 1950 684 1984 Si es virtuosa, y se inclina
120 1994 550 2028 á guardar su pundonor,
124 2039 584 2072 no disfrutará en su vida
870 457 1362 490 de varon mas que el olor,
868 501 1310 532 si obserba la ley divina.
918 544 1420 576 Que se queje no es estraño,
863 589 1355 621 y en el contar si es astuta,
867 632 1346 663 verá que tarde y con daño
861 676 1335 708 un mes de placer disfruta
870 718 1288 752 de doce meses del año.
908 763 1396 797 Aunque su suerte maldiga
868 807 1388 842 tendrá razon muchas veces;
864 851 1367 886 pues á ayunar no la obliga,
860 895 1346 931 y al fin de los doce meses,
867 940 1269 973 once come de vigilia.
911 1028 1454 1063 Un fraile me dió un cantazo,
860 1073 1316 1106 me pegó en la papelera,
865 1116 1265 1148 si me pega mas abajo
865 1159 1285 1193 me rompe la vidriera.
898 1205 1394 1238 Al principio no hice caso,
862 1247 1390 1282 mas al quererme estrechar,
868 1291 1386 1327 se vino a darme un abrazo;
861 1334 1291 1370 y por que quise chillar
868 1380 1419 1414 un fraile me dió un cantazo.
900 1423 1280 1455 Como la defensa era
867 1468 1280 1501 tan precisa y natural,
860 1511 1322 1544 luchaba como una fiera,
863 1556 1355 1590 y por guardar yo el cristal
860 1599 1314 1632 me pegó en la papelera.
896 1643 1276 1676 Allí sucede un trabajo
862 1687 1264 1720 si llega á manchar mi honor,
863 1730 1269 1764 por la ventana le encajo
860 1774 1336 1809 á la calle á aquel traidor,
864 1820 1276 1852 si me pega mas apajo.
895 1862 1271 1895 Si mi pobre friolera
858 1907 1294 1940 no defiendo con teson,
862 1951 1324 1985 luchando como una fiera,
857 1996 1203 2028 el pícaro motilon
851 2040 1270 2073 me rompe la vidriera.
673 2133 960 2168 FIN.
636 2224 1021 2258 CARMONA:—1854.
294 2279 1359 2319 Imprenta de D. José M, Moreno, Descalzas núm. 1.
