1619 2273
122 177 162 213 8
73 222 581 262 que le sirvieron de mulos
71 275 604 309 los que escribieron la carta,
69 323 509 360 El Gobernador absorto
71 375 652 418 mandó, que al amo llamaran,
73 426 613 464 y que en presencia de todos
73 477 603 523 para que no se escusara,.
74 527 484 566 la carta fuese leida,
73 582 548 615 la cual de oirla lloraban:
80 632 529 671 y á Naballa le pagaron
81 683 548 718 todo su dinero en plata:
78 732 566 771 y el amo de pesadumbre
86 784 558 822 malo cayó en una cama,
79 835 525 873 y así que se vido sano
81 886 601 924 en un convento se entraba
82 937 530 974 de religiosos descalzos
85 987 587 1026 del Santo Cristo de Gracia
83 1041 533 1077 para acabar justamente
82 1091 590 1132 la vida que le quedaba....
86 1143 612 1178 Esto es lo que ha sucedido
86 1192 596 1230 para ejemplo y enseñanza,
86 1242 659 1280 de aquellos que á sus criados
84 1293 625 1333 lo que es justo no le pagan.
90 1345 532 1384 Nadie diga bien estoy,
85 1397 602 1432 porque las torres mas altas
87 1445 584 1486 si caen dan mayor golpe,
97 1496 597 1535 que aquellas que estan mas
90 1545 610 1586 Dios abate á los soberbios,
89 1594 612 1637 y á los humildes ensalza;
742 215 1215 257 fé. esperanza y caridad
748 269 1313 308 son las que al hombre lo salva.
750 321 1184 359 que representa la vela
752 372 1220 408 todas tres acompañadas.
748 423 1176 464 Es la caridad la cera,
745 474 1194 516 el pavilo la esperanza,
749 524 1196 566 la luz es la fé de Dios,
752 577 1320 615 que los cristianos la guardan,
750 626 1230 667 y no puede arder la vela
749 677 1152 716 si acaso la cera falta,
753 729 1184 767 que solo luz y pavilo
754 779 1230 819 arderá muy poco ó nada.
757 829 1178 868 Conserven la caridad,
756 881 1308 919 que así San Pablo lo encarga,
766 932 1242 970 que por ser caridad Dios
761 983 1272 1023 quiso vestir carne humana,
750 1034 1196 1073 San Gerónimo lo dice,
798 1085 1228 1124 y por cierto lo declara,
762 1140 1198 1172 que un alma caritativa
764 1192 1260 1225 espera de Dios ser salva,
751 1240 1264 1278 y el mismo Espíritu Santo
761 1290 1230 1329 les asiste con su gracia
757 1342 1224 1381 á los que son caridosos,
764 1394 1408 1448 que á Dios y al prójimo aman..
766 1445 1260 1482 Y ahora el autor rendido
763 1498 1411 1560 dándole fin á esta plana
761 1548 1182 1587 á los oyentes suplica,
761 1598 1296 1638 que le perdonen las faltas.
660 1760 837 1861 FIN.
214 2006 1274 2070 CARMONA: 1858.—Imp. de D. José M.a Moreno.
