<?xml version="1.0" encoding="UTF-8" standalone="yes"?>
<PcGts xmlns="http://schema.primaresearch.org/PAGE/gts/pagecontent/2013-07-15" xmlns:xsi="http://www.w3.org/2001/XMLSchema-instance" xsi:schemaLocation="http://schema.primaresearch.org/PAGE/gts/pagecontent/2013-07-15 http://schema.primaresearch.org/PAGE/gts/pagecontent/2013-07-15/pagecontent.xsd">
    <Metadata>
        <Creator>prov=University of Rostock/Institute of Mathematics/CITlab|PLANET AI GmbH/Gundram Leifert/gundram.leifert@planet-ai.de:name=Pliegos de Cordel (XIXe) - v3(htr_id=26984)::::v=2.6.7
prov=University of Rostock/Institute of Mathematics/CITlab|PLANET AI GmbH/Tobias Gruening/tobias.gruening@planet-ai.de:name=de.uros.citlab.module.baseline2polygon.B2PSeamMultiOriented:v=2.6.7
prov=University of Rostock/Institute of Mathematics/CITlab|PLANET AI GmbH/Tobias Gruening/tobias.gruening@planet-ai.de:name=/net_tf/LA73_249_0mod360.pb:de.uros.citlab.segmentation.CITlab_LA_ML:v=2.6.7
Transkribus</Creator>
        <Created>2020-10-22T17:41:02.608+02:00</Created>
        <LastChange>2020-10-23T16:20:38.975+02:00</LastChange>
        <TranskribusMetadata docId="523582" pageId="22274696" pageNr="28" tsid="46648658" status="DONE" userId="66244" imgUrl="https://files.transkribus.eu/Get?id=VLMBEXARUYDXRESMYSGJGQTD&amp;fileType=view" xmlUrl="https://files.transkribus.eu/Get?id=PBKGDUBQEZBLRKUZDBJPLWZD" imageId="17350916"/>
    </Metadata>
    <Page imageFilename="Moreno_040_4.jpeg" imageWidth="1541" imageHeight="2244">
        <ReadingOrder>
            <OrderedGroup id="ro_1606489615211" caption="Regions reading order">
                <RegionRefIndexed index="0" regionRef="r1"/>
                <RegionRefIndexed index="1" regionRef="r3"/>
            </OrderedGroup>
        </ReadingOrder>
        <TextRegion orientation="0.0" id="r1" custom="readingOrder {index:0;}">
            <Coords points="177,228 177,2199 781,2199 781,228"/>
            <TextLine id="r1l1" custom="readingOrder {index:0;}">
                <Coords points="223,258 248,259 274,260 299,262 325,263 350,264 376,265 402,265 427,265 453,265 478,264 504,261 530,259 530,229 504,231 478,234 453,235 427,235 402,235 376,235 350,234 325,233 299,232 274,230 248,229 223,228"/>
                <Baseline points="223,248 248,249 274,250 299,252 325,253 350,254 376,255 402,255 427,255 453,255 478,254 504,251 530,249"/>
                <TextEquiv>
                    <Unicode>4</Unicode>
                </TextEquiv>
            </TextLine>
            <TextLine id="r1l3" custom="readingOrder {index:1;}">
                <Coords points="177,304 202,304 227,305 252,305 277,305 302,305 327,305 352,305 377,305 402,305 428,305 453,305 478,305 503,305 528,305 553,305 578,305 603,306 628,306 654,307 654,277 628,276 603,276 578,275 553,275 528,275 503,275 478,275 453,275 428,275 402,275 377,275 352,275 327,275 302,275 277,275 252,275 227,275 202,274 177,274"/>
                <Baseline points="177,294 202,294 227,295 252,295 277,295 302,295 327,295 352,295 377,295 402,295 428,295 453,295 478,295 503,295 528,295 553,295 578,295 603,296 628,296 654,297"/>
                <TextEquiv>
                    <Unicode>y mira que vengas presto,</Unicode>
                </TextEquiv>
            </TextLine>
            <TextLine id="r1l4" custom="readingOrder {index:2;}">
                <Coords points="180,350 205,350 231,350 256,350 282,350 307,350 333,350 358,350 384,350 409,350 435,350 460,350 486,350 511,350 537,350 562,350 588,350 614,350 614,319 588,319 562,319 537,319 511,319 486,319 460,319 435,319 409,319 384,319 358,319 333,319 307,319 282,319 256,319 231,319 205,319 180,319"/>
                <Baseline points="180,340 205,340 231,340 256,340 282,340 307,340 333,340 358,340 384,340 409,340 435,340 460,340 486,340 511,340 537,340 562,340 588,340 614,340"/>
                <TextEquiv>
                    <Unicode>que no te dilates nada:</Unicode>
                </TextEquiv>
            </TextLine>
            <TextLine id="r1l6" custom="readingOrder {index:3;}">
                <Coords points="177,394 203,394 229,394 255,394 281,394 307,394 333,394 359,394 385,393 411,393 437,393 463,393 489,393 515,393 541,394 567,394 593,394 619,395 646,396 646,366 619,365 593,364 567,364 541,364 515,363 489,363 463,363 437,363 411,363 385,363 359,364 333,364 307,364 281,364 255,364 229,364 203,364 177,364"/>
                <Baseline points="177,384 203,384 229,384 255,384 281,384 307,384 333,384 359,384 385,383 411,383 437,383 463,383 489,383 515,383 541,384 567,384 593,384 619,385 646,386"/>
                <TextEquiv>
                    <Unicode>mira que en este Palacio,</Unicode>
                </TextEquiv>
            </TextLine>
            <TextLine id="r1l7" custom="readingOrder {index:4;}">
                <Coords points="182,437 207,438 232,438 258,438 283,438 309,438 334,437 360,437 385,437 410,437 436,437 461,438 487,438 512,438 538,439 563,439 589,440 589,409 563,408 538,408 512,407 487,407 461,407 436,406 410,406 385,406 360,406 334,406 309,407 283,407 258,407 232,407 207,407 182,406"/>
                <Baseline points="182,427 207,428 232,428 258,428 283,428 309,428 334,427 360,427 385,427 410,427 436,427 461,428 487,428 512,428 538,429 563,429 589,430"/>
                <TextEquiv>
                    <Unicode>el que liberal no anda</Unicode>
                </TextEquiv>
            </TextLine>
            <TextLine id="r1l8" custom="readingOrder {index:5;}">
                <Coords points="183,482 209,483 235,483 261,483 287,483 313,483 339,483 365,483 391,482 417,482 443,482 469,482 495,482 521,482 547,483 573,483 599,484 625,486 625,455 599,453 573,452 547,452 521,451 495,451 469,451 443,451 417,451 391,451 365,452 339,452 313,452 287,452 261,452 235,452 209,452 183,451"/>
                <Baseline points="183,472 209,473 235,473 261,473 287,473 313,473 339,473 365,473 391,472 417,472 443,472 469,472 495,472 521,472 547,473 573,473 599,474 625,476"/>
                <TextEquiv>
                    <Unicode>se le castiga de muerte,</Unicode>
                </TextEquiv>
            </TextLine>
            <TextLine id="r1l10" custom="readingOrder {index:6;}">
                <Coords points="179,524 204,525 230,527 255,528 281,528 306,528 332,528 357,528 383,527 409,527 434,527 460,526 485,526 511,526 536,526 562,527 587,528 613,529 639,531 639,500 613,498 587,497 562,496 536,495 511,495 485,495 460,495 434,496 409,496 383,496 357,497 332,497 306,497 281,497 255,497 230,496 204,494 179,493"/>
                <Baseline points="179,514 204,515 230,517 255,518 281,518 306,518 332,518 357,518 383,517 409,517 434,517 460,516 485,516 511,516 536,516 562,517 587,518 613,519 639,521"/>
                <TextEquiv>
                    <Unicode>y se le confunde el alma.</Unicode>
                </TextEquiv>
            </TextLine>
            <TextLine id="r1l12" custom="readingOrder {index:7;}">
                <Coords points="185,573 210,573 236,573 261,573 287,572 312,572 338,572 363,572 389,572 414,572 440,572 465,572 491,572 516,573 542,573 567,574 593,574 618,575 644,576 644,545 618,544 593,543 567,543 542,542 516,542 491,541 465,541 440,541 414,541 389,541 363,541 338,541 312,541 287,541 261,542 236,542 210,542 185,542"/>
                <Baseline points="185,563 210,563 236,563 261,563 287,562 312,562 338,562 363,562 389,562 414,562 440,562 465,562 491,562 516,563 542,563 567,564 593,564 618,565 644,566"/>
                <TextEquiv>
                    <Unicode>Tomó Naballa los mulos.</Unicode>
                </TextEquiv>
            </TextLine>
            <TextLine id="r1l15" custom="readingOrder {index:8;}">
                <Coords points="180,618 207,618 234,618 261,618 289,618 316,618 343,618 370,618 398,618 425,617 452,617 479,617 507,617 534,618 561,618 588,618 616,619 643,620 670,621 697,622 725,624 725,594 697,592 670,591 643,590 616,589 588,588 561,588 534,588 507,587 479,587 452,587 425,587 398,588 370,588 343,588 316,588 289,588 261,588 234,588 207,588 180,588"/>
                <Baseline points="180,608 207,608 234,608 261,608 289,608 316,608 343,608 370,608 398,608 425,607 452,607 479,607 507,607 534,608 561,608 588,608 616,609 643,610 670,611 697,612 725,614"/>
                <TextEquiv>
                    <Unicode>y llegando á la montaña, a.</Unicode>
                </TextEquiv>
            </TextLine>
            <TextLine id="r1l16" custom="readingOrder {index:9;}">
                <Coords points="179,658 204,659 229,661 255,662 280,662 306,662 331,662 357,662 382,662 408,661 433,661 459,661 484,661 510,660 535,661 561,661 586,662 612,663 612,633 586,632 561,631 535,631 510,630 484,631 459,631 433,631 408,631 382,632 357,632 331,632 306,632 280,632 255,632 229,631 204,629 179,628"/>
                <Baseline points="179,648 204,649 229,651 255,652 280,652 306,652 331,652 357,652 382,652 408,651 433,651 459,651 484,651 510,650 535,651 561,651 586,652 612,653"/>
                <TextEquiv>
                    <Unicode>vido que toda la tierra</Unicode>
                </TextEquiv>
            </TextLine>
            <TextLine id="r1l17" custom="readingOrder {index:10;}">
                <Coords points="183,708 209,708 235,708 261,708 287,708 313,708 339,708 366,708 392,708 418,707 444,707 470,707 496,707 523,707 549,707 575,707 601,707 627,708 653,708 680,709 680,678 653,677 627,677 601,676 575,676 549,676 523,676 496,676 470,676 444,676 418,676 392,677 366,677 339,677 313,677 287,677 261,677 235,677 209,677 183,677"/>
                <Baseline points="183,698 209,698 235,698 261,698 287,698 313,698 339,698 366,698 392,698 418,697 444,697 470,697 496,697 523,697 549,697 575,697 601,697 627,698 653,698 680,699"/>
                <TextEquiv>
                    <Unicode>negro carbon hecha estaba;</Unicode>
                </TextEquiv>
            </TextLine>
            <TextLine id="r1l18" custom="readingOrder {index:11;}">
                <Coords points="188,751 213,752 239,752 265,752 291,752 316,752 342,752 368,752 394,752 419,752 445,752 471,752 497,752 522,752 548,753 574,754 600,755 626,755 626,725 600,725 574,724 548,723 522,722 497,722 471,722 445,722 419,722 394,722 368,722 342,722 316,722 291,722 265,722 239,722 213,722 188,721"/>
                <Baseline points="188,741 213,742 239,742 265,742 291,742 316,742 342,742 368,742 394,742 419,742 445,742 471,742 497,742 522,742 548,743 574,744 600,745 626,745"/>
                <TextEquiv>
                    <Unicode>cargó las cargas aprisa,</Unicode>
                </TextEquiv>
            </TextLine>
            <TextLine id="r1l21" custom="readingOrder {index:12;}">
                <Coords points="187,793 212,794 238,796 264,797 290,797 316,798 342,798 368,798 394,798 419,797 445,797 471,797 497,797 523,797 549,798 575,798 601,800 601,770 575,768 549,768 523,767 497,767 471,767 445,767 419,767 394,768 368,768 342,768 316,768 290,767 264,767 238,766 212,764 187,763"/>
                <Baseline points="187,783 212,784 238,786 264,787 290,787 316,788 342,788 368,788 394,788 419,787 445,787 471,787 497,787 523,787 549,788 575,788 601,790"/>
                <TextEquiv>
                    <Unicode>y volvió con vijuancia,</Unicode>
                </TextEquiv>
            </TextLine>
            <TextLine id="r1l23" custom="readingOrder {index:13;}">
                <Coords points="188,840 214,842 240,843 267,843 293,843 319,843 346,843 372,843 398,843 425,842 451,842 477,842 504,841 530,841 556,842 583,842 609,843 636,844 636,814 609,813 583,812 556,812 530,811 504,811 477,812 451,812 425,812 398,813 372,813 346,813 319,813 293,813 267,813 240,813 214,812 188,810"/>
                <Baseline points="188,830 214,832 240,833 267,833 293,833 319,833 346,833 372,833 398,833 425,832 451,832 477,832 504,831 530,831 556,832 583,832 609,833 636,834"/>
                <TextEquiv>
                    <Unicode>el que salió á recibirlos,</Unicode>
                </TextEquiv>
            </TextLine>
            <TextLine id="r1l25" custom="readingOrder {index:14;}">
                <Coords points="191,887 216,887 242,888 268,888 294,888 320,888 346,888 371,888 397,887 423,887 449,887 475,887 501,886 527,886 552,886 578,886 604,887 630,887 656,887 682,888 708,889 708,858 682,857 656,856 630,856 604,856 578,855 552,855 527,855 501,855 475,856 449,856 423,856 397,856 371,857 346,857 320,857 294,857 268,857 242,857 216,856 191,856"/>
                <Baseline points="191,877 216,877 242,878 268,878 294,878 320,878 346,878 371,878 397,877 423,877 449,877 475,877 501,876 527,876 552,876 578,876 604,877 630,877 656,877 682,878 708,879"/>
                <TextEquiv>
                    <Unicode>porque él adentro no estaba,</Unicode>
                </TextEquiv>
            </TextLine>
            <TextLine id="r1l26" custom="readingOrder {index:15;}">
                <Coords points="192,931 217,932 243,933 269,933 295,933 321,933 347,933 373,933 399,932 425,932 451,931 477,931 503,931 529,931 555,931 581,932 607,933 633,934 633,903 607,902 581,901 555,900 529,900 503,900 477,900 451,900 425,901 399,901 373,902 347,902 321,902 295,902 269,902 243,902 217,901 192,900"/>
                <Baseline points="192,921 217,922 243,923 269,923 295,923 321,923 347,923 373,923 399,922 425,922 451,921 477,921 503,921 529,921 555,921 581,922 607,923 633,924"/>
                <TextEquiv>
                    <Unicode>le dijo al mulo primero.</Unicode>
                </TextEquiv>
            </TextLine>
            <TextLine id="r1l27" custom="readingOrder {index:16;}">
                <Coords points="196,975 221,976 247,977 272,978 298,978 323,978 349,978 375,978 400,978 426,978 451,978 477,977 502,977 528,977 554,977 579,977 605,977 630,978 656,979 682,979 682,948 656,948 630,947 605,946 579,946 554,946 528,946 502,946 477,946 451,947 426,947 400,947 375,947 349,947 323,947 298,947 272,947 247,946 221,945 196,944"/>
                <Baseline points="196,965 221,966 247,967 272,968 298,968 323,968 349,968 375,968 400,968 426,968 451,968 477,967 502,967 528,967 554,967 579,967 605,967 630,968 656,969 682,969"/>
                <TextEquiv>
                    <Unicode>Vén acá, perro, no andas,</Unicode>
                </TextEquiv>
            </TextLine>
            <TextLine id="r1l29" custom="readingOrder {index:17;}">
                <Coords points="191,1020 217,1021 243,1021 270,1022 296,1022 323,1022 349,1022 375,1022 402,1022 428,1022 455,1022 481,1022 507,1022 534,1022 560,1022 587,1022 613,1022 640,1023 640,992 613,991 587,991 560,991 534,991 507,991 481,991 455,991 428,991 402,991 375,991 349,991 323,991 296,991 270,991 243,990 217,990 191,989"/>
                <Baseline points="191,1010 217,1011 243,1011 270,1012 296,1012 323,1012 349,1012 375,1012 402,1012 428,1012 455,1012 481,1012 507,1012 534,1012 560,1012 587,1012 613,1012 640,1013"/>
                <TextEquiv>
                    <Unicode>desconmulgado malditoz</Unicode>
                </TextEquiv>
            </TextLine>
            <TextLine id="r1l31" custom="readingOrder {index:18;}">
                <Coords points="196,1067 221,1067 247,1068 273,1068 299,1068 325,1068 351,1068 377,1067 403,1067 429,1067 455,1067 481,1066 507,1067 533,1067 559,1067 585,1068 611,1069 637,1071 663,1073 689,1075 689,1044 663,1042 637,1040 611,1038 585,1037 559,1036 533,1036 507,1036 481,1035 455,1036 429,1036 403,1036 377,1036 351,1037 325,1037 299,1037 273,1037 247,1037 221,1036 196,1036"/>
                <Baseline points="196,1057 221,1057 247,1058 273,1058 299,1058 325,1058 351,1058 377,1057 403,1057 429,1057 455,1057 481,1056 507,1057 533,1057 559,1057 585,1058 611,1059 637,1061 663,1063 689,1065"/>
                <TextEquiv>
                    <Unicode>Y con una fuerte maza a..</Unicode>
                </TextEquiv>
            </TextLine>
            <TextLine id="r1l33" custom="readingOrder {index:19;}">
                <Coords points="185,1112 211,1112 237,1112 263,1112 289,1112 315,1112 341,1112 367,1111 393,1111 419,1111 446,1111 472,1111 498,1111 524,1111 550,1112 576,1112 602,1113 628,1114 654,1116 680,1117 707,1119 707,1088 680,1086 654,1085 628,1083 602,1082 576,1081 550,1081 524,1080 498,1080 472,1080 446,1080 419,1080 393,1080 367,1080 341,1081 315,1081 289,1081 263,1081 237,1081 211,1081 185,1081"/>
                <Baseline points="185,1102 211,1102 237,1102 263,1102 289,1102 315,1102 341,1102 367,1101 393,1101 419,1101 446,1101 472,1101 498,1101 524,1101 550,1102 576,1102 602,1103 628,1104 654,1106 680,1107 707,1109"/>
                <TextEquiv>
                    <Unicode>le descargó en la cabeza,:</Unicode>
                </TextEquiv>
            </TextLine>
            <TextLine id="r1l34" custom="readingOrder {index:20;}">
                <Coords points="197,1156 223,1156 250,1157 277,1157 304,1158 331,1158 357,1157 384,1157 411,1157 438,1157 465,1157 491,1156 518,1156 545,1157 572,1157 599,1157 625,1158 652,1159 679,1160 706,1162 733,1164 733,1133 706,1131 679,1129 652,1128 625,1127 599,1126 572,1126 545,1126 518,1125 491,1125 465,1126 438,1126 411,1126 384,1126 357,1126 331,1127 304,1127 277,1126 250,1126 223,1125 197,1125"/>
                <Baseline points="197,1146 223,1146 250,1147 277,1147 304,1148 331,1148 357,1147 384,1147 411,1147 438,1147 465,1147 491,1146 518,1146 545,1147 572,1147 599,1147 625,1148 652,1149 679,1150 706,1152 733,1154"/>
                <TextEquiv>
                    <Unicode>que en tierra lo derribabaa;.</Unicode>
                </TextEquiv>
            </TextLine>
            <TextLine id="r1l35" custom="readingOrder {index:21;}">
                <Coords points="193,1202 219,1202 246,1203 273,1203 300,1203 326,1202 353,1202 380,1202 407,1201 433,1201 460,1201 487,1201 514,1201 540,1201 567,1201 594,1202 621,1202 647,1203 674,1205 701,1207 728,1209 728,1178 701,1176 674,1174 647,1172 621,1171 594,1171 567,1170 540,1170 514,1170 487,1170 460,1170 433,1170 407,1170 380,1171 353,1171 326,1171 300,1172 273,1172 246,1172 219,1171 193,1171"/>
                <Baseline points="193,1192 219,1192 246,1193 273,1193 300,1193 326,1192 353,1192 380,1192 407,1191 433,1191 460,1191 487,1191 514,1191 540,1191 567,1191 594,1192 621,1192 647,1193 674,1195 701,1197 728,1199"/>
                <TextEquiv>
                    <Unicode>con el otro hizo lo mismo,</Unicode>
                </TextEquiv>
            </TextLine>
            <TextLine id="r1l36" custom="readingOrder {index:22;}">
                <Coords points="189,1245 215,1245 241,1246 268,1246 294,1246 320,1246 347,1246 373,1246 399,1246 426,1246 452,1246 478,1246 505,1246 531,1247 557,1247 584,1248 610,1248 636,1249 663,1251 663,1220 636,1218 610,1217 584,1217 557,1216 531,1216 505,1215 478,1215 452,1215 426,1215 399,1215 373,1215 347,1215 320,1215 294,1215 268,1215 241,1215 215,1214 189,1214"/>
                <Baseline points="189,1235 215,1235 241,1236 268,1236 294,1236 320,1236 347,1236 373,1236 399,1236 426,1236 452,1236 478,1236 505,1236 531,1237 557,1237 584,1238 610,1238 636,1239 663,1241"/>
                <TextEquiv>
                    <Unicode>y luego con otra maza</Unicode>
                </TextEquiv>
            </TextLine>
            <TextLine id="r1l39" custom="readingOrder {index:23;}">
                <Coords points="199,1293 224,1292 249,1292 274,1292 299,1291 324,1291 349,1291 374,1291 399,1291 424,1291 449,1291 474,1291 499,1292 524,1292 549,1292 574,1292 599,1292 625,1292 625,1261 599,1261 574,1261 549,1261 524,1261 499,1261 474,1260 449,1260 424,1260 399,1260 374,1260 349,1260 324,1260 299,1260 274,1261 249,1261 224,1261 199,1262"/>
                <Baseline points="199,1283 224,1282 249,1282 274,1282 299,1281 324,1281 349,1281 374,1281 399,1281 424,1281 449,1281 474,1281 499,1282 524,1282 549,1282 574,1282 599,1282 625,1282"/>
                <TextEquiv>
                    <Unicode>de hierro, que era mas grande, </Unicode>
                </TextEquiv>
            </TextLine>
            <TextLine id="r1l40" custom="readingOrder {index:24;}">
                <Coords points="195,1337 221,1337 247,1337 273,1337 299,1337 325,1336 351,1336 377,1336 403,1336 429,1336 455,1336 481,1336 507,1336 533,1336 559,1336 585,1336 611,1337 637,1338 663,1339 690,1340 690,1309 663,1308 637,1307 611,1306 585,1305 559,1305 533,1305 507,1305 481,1305 455,1305 429,1305 403,1305 377,1305 351,1305 325,1305 299,1306 273,1306 247,1306 221,1306 195,1306"/>
                <Baseline points="195,1327 221,1327 247,1327 273,1327 299,1327 325,1326 351,1326 377,1326 403,1326 429,1326 455,1326 481,1326 507,1326 533,1326 559,1326 585,1326 611,1327 637,1328 663,1329 690,1330"/>
                <TextEquiv>
                    <Unicode>muy fuertemente les daba,</Unicode>
                </TextEquiv>
            </TextLine>
            <TextLine id="r1l41" custom="readingOrder {index:25;}">
                <Coords points="195,1382 220,1382 246,1381 271,1381 297,1381 323,1381 348,1381 374,1381 399,1381 425,1381 451,1381 476,1381 502,1381 527,1381 553,1382 579,1382 604,1382 630,1381 656,1381 656,1350 630,1350 604,1351 579,1351 553,1351 527,1350 502,1350 476,1350 451,1350 425,1350 399,1350 374,1350 348,1350 323,1350 297,1350 271,1350 246,1350 220,1351 195,1351"/>
                <Baseline points="195,1372 220,1372 246,1371 271,1371 297,1371 323,1371 348,1371 374,1371 399,1371 425,1371 451,1371 476,1371 502,1371 527,1371 553,1372 579,1372 604,1372 630,1371 656,1371"/>
                <TextEquiv>
                    <Unicode>hasta que dando alaridos</Unicode>
                </TextEquiv>
            </TextLine>
            <TextLine id="r1l43" custom="readingOrder {index:26;}">
                <Coords points="193,1426 219,1426 245,1427 271,1427 297,1427 323,1426 349,1426 375,1426 401,1426 428,1426 454,1426 480,1426 506,1426 532,1426 558,1426 584,1426 610,1427 637,1428 637,1397 610,1396 584,1395 558,1395 532,1395 506,1395 480,1395 454,1395 428,1395 401,1395 375,1395 349,1395 323,1395 297,1396 271,1396 245,1396 219,1395 193,1395"/>
                <Baseline points="193,1416 219,1416 245,1417 271,1417 297,1417 323,1416 349,1416 375,1416 401,1416 428,1416 454,1416 480,1416 506,1416 532,1416 558,1416 584,1416 610,1417 637,1418"/>
                <TextEquiv>
                    <Unicode>hizo que se levantaran,</Unicode>
                </TextEquiv>
            </TextLine>
            <TextLine id="r1l44" custom="readingOrder {index:27;}">
                <Coords points="197,1468 223,1469 250,1471 277,1471 304,1471 331,1472 358,1472 385,1471 412,1471 439,1470 466,1470 492,1470 519,1470 546,1469 573,1470 600,1470 627,1471 654,1472 681,1473 708,1475 735,1478 735,1448 708,1445 681,1443 654,1442 627,1441 600,1440 573,1440 546,1439 519,1440 492,1440 466,1440 439,1440 412,1441 385,1441 358,1442 331,1442 304,1441 277,1441 250,1441 223,1439 197,1438"/>
                <Baseline points="197,1458 223,1459 250,1461 277,1461 304,1461 331,1462 358,1462 385,1461 412,1461 439,1460 466,1460 492,1460 519,1460 546,1459 573,1460 600,1460 627,1461 654,1462 681,1463 708,1465 735,1468"/>
                <TextEquiv>
                    <Unicode>y con estruendo y tropel .</Unicode>
                </TextEquiv>
            </TextLine>
            <TextLine id="r1l45" custom="readingOrder {index:28;}">
                <Coords points="192,1515 217,1516 243,1516 269,1516 295,1516 321,1516 346,1516 372,1516 398,1516 424,1516 450,1515 475,1515 501,1515 527,1515 553,1515 579,1515 604,1515 630,1516 656,1516 682,1516 708,1516 708,1486 682,1486 656,1486 630,1486 604,1485 579,1485 553,1485 527,1485 501,1485 475,1485 450,1485 424,1486 398,1486 372,1486 346,1486 321,1486 295,1486 269,1486 243,1486 217,1486 192,1485"/>
                <Baseline points="192,1505 217,1506 243,1506 269,1506 295,1506 321,1506 346,1506 372,1506 398,1506 424,1506 450,1505 475,1505 501,1505 527,1505 553,1505 579,1505 604,1505 630,1506 656,1506 682,1506 708,1506"/>
                <TextEquiv>
                    <Unicode>adentro corriendo entraban, </Unicode>
                </TextEquiv>
            </TextLine>
            <TextLine id="r1l46" custom="readingOrder {index:29;}">
                <Coords points="191,1561 217,1561 243,1561 269,1561 295,1561 322,1561 348,1561 374,1561 400,1561 426,1560 453,1560 479,1560 505,1560 531,1560 557,1560 584,1560 610,1560 636,1560 662,1561 688,1562 715,1562 715,1531 688,1531 662,1530 636,1529 610,1529 584,1529 557,1529 531,1529 505,1529 479,1529 453,1529 426,1529 400,1530 374,1530 348,1530 322,1530 295,1530 269,1530 243,1530 217,1530 191,1530"/>
                <Baseline points="191,1551 217,1551 243,1551 269,1551 295,1551 322,1551 348,1551 374,1551 400,1551 426,1550 453,1550 479,1550 505,1550 531,1550 557,1550 584,1550 610,1550 636,1550 662,1551 688,1552 715,1552"/>
                <TextEquiv>
                    <Unicode>y en un instante volvieron,</Unicode>
                </TextEquiv>
            </TextLine>
            <TextLine id="r1l47" custom="readingOrder {index:30;}">
                <Coords points="195,1605 220,1605 246,1605 272,1605 297,1605 323,1605 349,1605 374,1605 400,1605 426,1604 451,1604 477,1604 503,1604 528,1604 554,1604 580,1604 605,1604 631,1605 657,1605 683,1606 683,1575 657,1574 631,1574 605,1573 580,1573 554,1573 528,1573 503,1573 477,1573 451,1573 426,1573 400,1574 374,1574 349,1574 323,1574 297,1574 272,1574 246,1574 220,1574 195,1574"/>
                <Baseline points="195,1595 220,1595 246,1595 272,1595 297,1595 323,1595 349,1595 374,1595 400,1595 426,1594 451,1594 477,1594 503,1594 528,1594 554,1594 580,1594 605,1594 631,1595 657,1595 683,1596"/>
                <TextEquiv>
                    <Unicode>y antes que los entregaran</Unicode>
                </TextEquiv>
            </TextLine>
            <TextLine id="r1l48" custom="readingOrder {index:31;}">
                <Coords points="201,1648 227,1649 253,1649 279,1649 305,1650 331,1650 357,1650 383,1650 409,1649 435,1649 461,1649 487,1649 513,1649 539,1650 565,1650 591,1651 617,1652 643,1653 669,1655 695,1657 695,1627 669,1625 643,1623 617,1622 591,1621 565,1620 539,1620 513,1619 487,1619 461,1619 435,1619 409,1619 383,1620 357,1620 331,1620 305,1620 279,1619 253,1619 227,1619 201,1618"/>
                <Baseline points="201,1638 227,1639 253,1639 279,1639 305,1640 331,1640 357,1640 383,1640 409,1639 435,1639 461,1639 487,1639 513,1639 539,1640 565,1640 591,1641 617,1642 643,1643 669,1645 695,1647"/>
                <TextEquiv>
                    <Unicode>volvieron á cartigarlos,..</Unicode>
                </TextEquiv>
            </TextLine>
            <TextLine id="r1l49" custom="readingOrder {index:32;}">
                <Coords points="199,1693 224,1693 250,1693 276,1694 301,1694 327,1694 353,1694 378,1694 404,1694 430,1694 456,1694 481,1694 507,1694 533,1694 558,1694 584,1694 610,1694 635,1694 661,1695 687,1695 713,1696 713,1666 687,1665 661,1665 635,1664 610,1664 584,1664 558,1664 533,1664 507,1664 481,1664 456,1664 430,1664 404,1664 378,1664 353,1664 327,1664 301,1664 276,1664 250,1663 224,1663 199,1663"/>
                <Baseline points="199,1683 224,1683 250,1683 276,1684 301,1684 327,1684 353,1684 378,1684 404,1684 430,1684 456,1684 481,1684 507,1684 533,1684 558,1684 584,1684 610,1684 635,1684 661,1685 687,1685 713,1686"/>
                <TextEquiv>
                    <Unicode>dándoles con las dos mazas</Unicode>
                </TextEquiv>
            </TextLine>
            <TextLine id="r1l50" custom="readingOrder {index:33;}">
                <Coords points="202,1737 230,1738 258,1739 286,1739 314,1739 342,1740 370,1740 398,1739 426,1739 454,1739 482,1739 510,1739 538,1739 566,1739 594,1739 622,1739 650,1739 678,1739 706,1740 734,1741 762,1742 762,1711 734,1710 706,1709 678,1708 650,1708 622,1708 594,1708 566,1708 538,1708 510,1708 482,1708 454,1708 426,1708 398,1708 370,1709 342,1709 314,1708 286,1708 258,1708 230,1707 202,1706"/>
                <Baseline points="202,1727 230,1728 258,1729 286,1729 314,1729 342,1730 370,1730 398,1729 426,1729 454,1729 482,1729 510,1729 538,1729 566,1729 594,1729 622,1729 650,1729 678,1729 706,1730 734,1731 762,1732"/>
                <TextEquiv>
                    <Unicode>tanto, que echar les hicieron</Unicode>
                </TextEquiv>
            </TextLine>
            <TextLine id="r1l51" custom="readingOrder {index:34;}">
                <Coords points="203,1782 228,1783 253,1784 279,1784 304,1785 330,1785 355,1785 381,1785 406,1784 432,1784 457,1784 483,1784 508,1783 534,1783 559,1783 585,1784 610,1785 636,1785 661,1786 687,1788 687,1757 661,1755 636,1754 610,1754 585,1753 559,1752 534,1752 508,1752 483,1753 457,1753 432,1753 406,1753 381,1754 355,1754 330,1754 304,1754 279,1753 253,1753 228,1752 203,1751"/>
                <Baseline points="203,1772 228,1773 253,1774 279,1774 304,1775 330,1775 355,1775 381,1775 406,1774 432,1774 457,1774 483,1774 508,1773 534,1773 559,1773 585,1774 610,1775 636,1775 661,1776 687,1778"/>
                <TextEquiv>
                    <Unicode>por la boca las entrañas,</Unicode>
                </TextEquiv>
            </TextLine>
            <TextLine id="r1l52" custom="readingOrder {index:35;}">
                <Coords points="199,1826 226,1827 253,1827 280,1828 307,1828 334,1828 361,1828 388,1828 415,1828 442,1828 470,1828 497,1828 524,1828 551,1829 578,1829 605,1830 632,1831 659,1832 686,1834 713,1835 741,1838 741,1808 713,1805 686,1804 659,1802 632,1801 605,1800 578,1799 551,1799 524,1798 497,1798 470,1798 442,1798 415,1798 388,1798 361,1798 334,1798 307,1798 280,1798 253,1797 226,1797 199,1796"/>
                <Baseline points="199,1816 226,1817 253,1817 280,1818 307,1818 334,1818 361,1818 388,1818 415,1818 442,1818 470,1818 497,1818 524,1818 551,1819 578,1819 605,1820 632,1821 659,1822 686,1824 713,1825 741,1828"/>
                <TextEquiv>
                    <Unicode>y luego les señalaron11.</Unicode>
                </TextEquiv>
            </TextLine>
            <TextLine id="r1l53" custom="readingOrder {index:36;}">
                <Coords points="195,1876 220,1875 245,1875 271,1875 296,1875 322,1874 347,1874 372,1874 398,1874 423,1874 449,1874 474,1874 499,1874 525,1874 550,1875 576,1875 601,1876 626,1877 652,1878 677,1879 703,1880 703,1850 677,1849 652,1848 626,1847 601,1846 576,1845 550,1845 525,1844 499,1844 474,1844 449,1844 423,1844 398,1844 372,1844 347,1844 322,1844 296,1845 271,1845 245,1845 220,1845 195,1846"/>
                <Baseline points="195,1866 220,1865 245,1865 271,1865 296,1865 322,1864 347,1864 372,1864 398,1864 423,1864 449,1864 474,1864 499,1864 525,1864 550,1865 576,1865 601,1866 626,1867 652,1868 677,1869 703,1870"/>
                <TextEquiv>
                    <Unicode>una vereda escusada,a</Unicode>
                </TextEquiv>
            </TextLine>
            <TextLine id="r1l55" custom="readingOrder {index:37;}">
                <Coords points="201,1918 226,1918 251,1919 277,1919 302,1919 328,1919 353,1919 378,1919 404,1919 429,1919 455,1919 480,1919 505,1919 531,1919 556,1920 582,1920 607,1921 632,1922 658,1924 683,1925 709,1927 709,1897 683,1895 658,1894 632,1892 607,1891 582,1890 556,1890 531,1889 505,1889 480,1889 455,1889 429,1889 404,1889 378,1889 353,1889 328,1889 302,1889 277,1889 251,1889 226,1888 201,1888"/>
                <Baseline points="201,1908 226,1908 251,1909 277,1909 302,1909 328,1909 353,1909 378,1909 404,1909 429,1909 455,1909 480,1909 505,1909 531,1909 556,1910 582,1910 607,1911 632,1912 658,1914 683,1915 709,1917"/>
                <TextEquiv>
                    <Unicode>diciéndole: por allí eny 4!</Unicode>
                </TextEquiv>
            </TextLine>
            <TextLine id="r1l57" custom="readingOrder {index:38;}">
                <Coords points="199,1964 224,1964 250,1964 275,1965 301,1965 326,1965 352,1965 378,1965 403,1964 429,1964 454,1964 480,1964 506,1964 531,1965 557,1965 582,1966 608,1967 634,1967 634,1936 608,1936 582,1935 557,1934 531,1934 506,1933 480,1933 454,1933 429,1933 403,1933 378,1934 352,1934 326,1934 301,1934 275,1934 250,1933 224,1933 199,1933"/>
                <Baseline points="199,1954 224,1954 250,1954 275,1955 301,1955 326,1955 352,1955 378,1955 403,1954 429,1954 454,1954 480,1954 506,1954 531,1955 557,1955 582,1956 608,1957 634,1957"/>
                <TextEquiv>
                    <Unicode>hallarás otra montaña,</Unicode>
                </TextEquiv>
            </TextLine>
            <TextLine id="r1l60" custom="readingOrder {index:39;}">
                <Coords points="207,2010 235,2010 263,2010 292,2010 320,2010 348,2010 377,2010 405,2010 433,2011 462,2011 490,2011 519,2011 547,2011 575,2011 604,2011 632,2011 660,2012 689,2012 717,2012 746,2013 746,1982 717,1981 689,1981 660,1981 632,1980 604,1980 575,1980 547,1980 519,1980 490,1980 462,1980 433,1980 405,1979 377,1979 348,1979 320,1979 292,1979 263,1979 235,1979 207,1979"/>
                <Baseline points="207,2000 235,2000 263,2000 292,2000 320,2000 348,2000 377,2000 405,2000 433,2001 462,2001 490,2001 519,2001 547,2001 575,2001 604,2001 632,2001 660,2002 689,2002 717,2002 746,2003"/>
                <TextEquiv>
                    <Unicode>que es toda de piedra azufre,</Unicode>
                </TextEquiv>
            </TextLine>
            <TextLine id="r1l61" custom="readingOrder {index:40;}">
                <Coords points="205,2057 231,2057 257,2057 284,2057 310,2056 337,2056 363,2056 390,2056 416,2056 443,2056 469,2056 495,2056 522,2056 548,2056 575,2056 601,2056 628,2056 654,2056 681,2057 707,2058 734,2058 734,2028 707,2028 681,2027 654,2026 628,2026 601,2026 575,2026 548,2026 522,2026 495,2026 469,2026 443,2026 416,2026 390,2026 363,2026 337,2026 310,2026 284,2027 257,2027 231,2027 205,2027"/>
                <Baseline points="205,2047 231,2047 257,2047 284,2047 310,2046 337,2046 363,2046 390,2046 416,2046 443,2046 469,2046 495,2046 522,2046 548,2046 575,2046 601,2046 628,2046 654,2046 681,2047 707,2048 734,2048"/>
                <TextEquiv>
                    <Unicode>y de allí traerás dos cargas,</Unicode>
                </TextEquiv>
            </TextLine>
            <TextLine id="r1l63" custom="readingOrder {index:41;}">
                <Coords points="203,2102 228,2102 254,2103 280,2103 305,2104 331,2104 357,2104 383,2104 408,2104 434,2104 460,2103 486,2103 511,2103 537,2103 563,2103 589,2103 614,2104 640,2104 666,2104 692,2105 692,2074 666,2073 640,2073 614,2073 589,2072 563,2072 537,2072 511,2072 486,2072 460,2072 434,2073 408,2073 383,2073 357,2073 331,2073 305,2073 280,2072 254,2072 228,2071 203,2071"/>
                <Baseline points="203,2092 228,2092 254,2093 280,2093 305,2094 331,2094 357,2094 383,2094 408,2094 434,2094 460,2093 486,2093 511,2093 537,2093 563,2093 589,2093 614,2094 640,2094 666,2094 692,2095"/>
                <TextEquiv>
                    <Unicode>y mira de que te encargo,</Unicode>
                </TextEquiv>
            </TextLine>
            <TextLine id="r1l64" custom="readingOrder {index:42;}">
                <Coords points="207,2149 235,2149 263,2149 291,2150 320,2150 348,2150 376,2150 405,2150 433,2150 461,2150 490,2150 518,2149 546,2149 574,2149 603,2149 631,2149 659,2149 688,2149 716,2149 744,2149 773,2150 773,2119 744,2118 716,2118 688,2118 659,2118 631,2118 603,2118 574,2118 546,2118 518,2118 490,2119 461,2119 433,2119 405,2119 376,2119 348,2119 320,2119 291,2119 263,2118 235,2118 207,2118"/>
                <Baseline points="207,2139 235,2139 263,2139 291,2140 320,2140 348,2140 376,2140 405,2140 433,2140 461,2140 490,2140 518,2139 546,2139 574,2139 603,2139 631,2139 659,2139 688,2139 716,2139 744,2139 773,2140"/>
                <TextEquiv>
                    <Unicode>que aquí vuelvas sin tardanza;</Unicode>
                </TextEquiv>
            </TextLine>
            <TextLine id="r1l65" custom="readingOrder {index:43;}">
                <Coords points="200,2195 226,2196 252,2197 278,2198 304,2198 330,2199 356,2199 382,2199 408,2199 434,2199 460,2199 486,2199 512,2199 538,2198 564,2197 590,2197 616,2196 642,2195 669,2194 669,2163 642,2164 616,2165 590,2166 564,2166 538,2167 512,2168 486,2168 460,2168 434,2168 408,2168 382,2168 356,2168 330,2168 304,2167 278,2167 252,2166 226,2165 200,2164"/>
                <Baseline points="200,2185 226,2186 252,2187 278,2188 304,2188 330,2189 356,2189 382,2189 408,2189 434,2189 460,2189 486,2189 512,2189 538,2188 564,2187 590,2187 616,2186 642,2185 669,2184"/>
                <TextEquiv>
                    <Unicode>mira que en este palacio</Unicode>
                </TextEquiv>
            </TextLine>
            <TextEquiv>
                <Unicode>4
y mira que vengas presto,
que no te dilates nada:
mira que en este Palacio,
el que liberal no anda
se le castiga de muerte,
y se le confunde el alma.
Tomó Naballa los mulos.
y llegando á la montaña, a.
vido que toda la tierra
negro carbon hecha estaba;
cargó las cargas aprisa,
y volvió con vijuancia,
el que salió á recibirlos,
porque él adentro no estaba,
le dijo al mulo primero.
Vén acá, perro, no andas,
desconmulgado malditoz
Y con una fuerte maza a..
le descargó en la cabeza,:
que en tierra lo derribabaa;.
con el otro hizo lo mismo,
y luego con otra maza
de hierro, que era mas grande, 
muy fuertemente les daba,
hasta que dando alaridos
hizo que se levantaran,
y con estruendo y tropel .
adentro corriendo entraban, 
y en un instante volvieron,
y antes que los entregaran
volvieron á cartigarlos,..
dándoles con las dos mazas
tanto, que echar les hicieron
por la boca las entrañas,
y luego les señalaron11.
una vereda escusada,a
diciéndole: por allí eny 4!
hallarás otra montaña,
que es toda de piedra azufre,
y de allí traerás dos cargas,
y mira de que te encargo,
que aquí vuelvas sin tardanza;
mira que en este palacio</Unicode>
            </TextEquiv>
        </TextRegion>
        <TextRegion orientation="0.0" id="r3" custom="readingOrder {index:1;}">
            <Coords points="839,270 839,2190 1439,2190 1439,270"/>
            <TextLine id="r3l1" custom="readingOrder {index:0;}">
                <Coords points="841,301 866,301 892,302 918,302 944,302 969,302 995,302 1021,302 1047,302 1073,302 1098,302 1124,302 1150,302 1176,302 1202,302 1227,302 1253,302 1279,302 1305,302 1331,303 1331,272 1305,271 1279,271 1253,271 1227,271 1202,271 1176,271 1150,271 1124,271 1098,271 1073,271 1047,271 1021,271 995,271 969,271 944,271 918,271 892,271 866,270 841,270"/>
                <Baseline points="841,291 866,291 892,292 918,292 944,292 969,292 995,292 1021,292 1047,292 1073,292 1098,292 1124,292 1150,292 1176,292 1202,292 1227,292 1253,292 1279,292 1305,292 1331,293"/>
                <TextEquiv>
                    <Unicode>el que un instante se pára</Unicode>
                </TextEquiv>
            </TextLine>
            <TextLine id="r3l2" custom="readingOrder {index:1;}">
                <Coords points="843,346 868,346 893,347 918,347 943,347 968,347 993,347 1018,347 1043,347 1068,347 1093,347 1118,347 1143,347 1168,347 1193,347 1218,347 1244,347 1244,316 1218,316 1193,316 1168,316 1143,316 1118,316 1093,316 1068,316 1043,316 1018,316 993,316 968,316 943,316 918,316 893,316 868,315 843,315"/>
                <Baseline points="843,336 868,336 893,337 918,337 943,337 968,337 993,337 1018,337 1043,337 1068,337 1093,337 1118,337 1143,337 1168,337 1193,337 1218,337 1244,337"/>
                <TextEquiv>
                    <Unicode>á mazazos se le hace</Unicode>
                </TextEquiv>
            </TextLine>
            <TextLine id="r3l3" custom="readingOrder {index:2;}">
                <Coords points="842,389 870,390 898,390 927,391 955,391 984,391 1012,392 1040,392 1069,392 1097,392 1126,392 1154,391 1182,391 1211,391 1239,391 1268,391 1296,392 1324,392 1353,392 1381,392 1410,393 1410,362 1381,361 1353,361 1324,361 1296,361 1268,360 1239,360 1211,360 1182,360 1154,360 1126,361 1097,361 1069,361 1040,361 1012,361 984,360 955,360 927,360 898,359 870,359 842,358"/>
                <Baseline points="842,379 870,380 898,380 927,381 955,381 984,381 1012,382 1040,382 1069,382 1097,382 1126,382 1154,381 1182,381 1211,381 1239,381 1268,381 1296,382 1324,382 1353,382 1381,382 1410,383"/>
                <TextEquiv>
                    <Unicode>que entienda lo que le mandan,</Unicode>
                </TextEquiv>
            </TextLine>
            <TextLine id="r3l4" custom="readingOrder {index:3;}">
                <Coords points="839,436 864,437 890,437 916,437 942,437 968,437 994,437 1020,437 1046,437 1072,437 1098,436 1124,436 1150,436 1176,436 1202,436 1202,406 1176,406 1150,406 1124,406 1098,406 1072,407 1046,407 1020,407 994,407 968,407 942,407 916,407 890,407 864,407 839,406"/>
                <Baseline points="839,426 864,427 890,427 916,427 942,427 968,427 994,427 1020,427 1046,427 1072,427 1098,426 1124,426 1150,426 1176,426 1202,426"/>
                <TextEquiv>
                    <Unicode>Así Naballa lo hizo,</Unicode>
                </TextEquiv>
            </TextLine>
            <TextLine id="r3l6" custom="readingOrder {index:4;}">
                <Coords points="839,477 864,479 890,480 915,481 941,481 966,482 992,482 1017,482 1043,482 1069,482 1094,481 1120,481 1145,481 1171,481 1196,481 1222,481 1247,481 1273,482 1299,482 1299,452 1273,452 1247,451 1222,451 1196,451 1171,451 1145,451 1120,451 1094,451 1069,452 1043,452 1017,452 992,452 966,452 941,451 915,451 890,450 864,449 839,447"/>
                <Baseline points="839,467 864,469 890,470 915,471 941,471 966,472 992,472 1017,472 1043,472 1069,472 1094,471 1120,471 1145,471 1171,471 1196,471 1222,471 1247,471 1273,472 1299,472"/>
                <TextEquiv>
                    <Unicode>y con las acostumbradas</Unicode>
                </TextEquiv>
            </TextLine>
            <TextLine id="r3l8" custom="readingOrder {index:5;}">
                <Coords points="850,525 876,525 902,525 929,525 955,525 982,525 1008,525 1034,525 1061,525 1087,526 1114,526 1140,526 1166,526 1193,527 1219,527 1246,527 1272,528 1299,528 1299,497 1272,497 1246,496 1219,496 1193,496 1166,495 1140,495 1114,495 1087,495 1061,494 1034,494 1008,494 982,494 955,494 929,494 902,494 876,494 850,494"/>
                <Baseline points="850,515 876,515 902,515 929,515 955,515 982,515 1008,515 1034,515 1061,515 1087,516 1114,516 1140,516 1166,516 1193,517 1219,517 1246,517 1272,518 1299,518"/>
                <TextEquiv>
                    <Unicode>circunstancias referidas;</Unicode>
                </TextEquiv>
            </TextLine>
            <TextLine id="r3l10" custom="readingOrder {index:6;}">
                <Coords points="845,570 870,570 895,570 921,570 946,571 972,571 997,571 1023,571 1048,571 1074,571 1099,571 1124,571 1150,571 1175,571 1201,571 1226,571 1252,571 1277,571 1303,571 1328,571 1354,571 1354,540 1328,540 1303,540 1277,540 1252,540 1226,540 1201,540 1175,540 1150,540 1124,540 1099,540 1074,540 1048,540 1023,540 997,540 972,540 946,540 921,539 895,539 870,539 845,539"/>
                <Baseline points="845,560 870,560 895,560 921,560 946,561 972,561 997,561 1023,561 1048,561 1074,561 1099,561 1124,561 1150,561 1175,561 1201,561 1226,561 1252,561 1277,561 1303,561 1328,561 1354,561"/>
                <TextEquiv>
                    <Unicode>sin que otra novedad haya, </Unicode>
                </TextEquiv>
            </TextLine>
            <TextLine id="r3l11" custom="readingOrder {index:7;}">
                <Coords points="845,614 870,614 895,614 920,614 945,614 971,614 996,614 1021,614 1046,614 1071,614 1097,614 1122,615 1147,615 1172,615 1197,615 1223,616 1248,616 1273,617 1298,617 1324,618 1324,587 1298,586 1273,586 1248,585 1223,585 1197,584 1172,584 1147,584 1122,584 1097,583 1071,583 1046,583 1021,583 996,583 971,583 945,583 920,583 895,583 870,583 845,583"/>
                <Baseline points="845,604 870,604 895,604 920,604 945,604 971,604 996,604 1021,604 1046,604 1071,604 1097,604 1122,605 1147,605 1172,605 1197,605 1223,606 1248,606 1273,607 1298,607 1324,608"/>
                <TextEquiv>
                    <Unicode>allí estuvo cuatro meses,</Unicode>
                </TextEquiv>
            </TextLine>
            <TextLine id="r3l12" custom="readingOrder {index:8;}">
                <Coords points="847,659 872,659 897,659 922,659 947,660 972,660 997,660 1023,660 1048,659 1073,659 1098,659 1123,659 1148,659 1173,659 1199,659 1224,659 1249,660 1274,660 1299,660 1324,661 1350,661 1350,630 1324,630 1299,629 1274,629 1249,629 1224,628 1199,628 1173,628 1148,628 1123,628 1098,628 1073,628 1048,628 1023,629 997,629 972,629 947,629 922,628 897,628 872,628 847,628"/>
                <Baseline points="847,649 872,649 897,649 922,649 947,650 972,650 997,650 1023,650 1048,649 1073,649 1098,649 1123,649 1148,649 1173,649 1199,649 1224,649 1249,650 1274,650 1299,650 1324,651 1350,651"/>
                <TextEquiv>
                    <Unicode>sin que oyéra mas palabra, </Unicode>
                </TextEquiv>
            </TextLine>
            <TextLine id="r3l14" custom="readingOrder {index:9;}">
                <Coords points="839,705 865,705 891,706 918,706 944,706 970,706 997,706 1023,706 1049,706 1076,706 1102,706 1128,706 1155,706 1181,706 1207,706 1234,706 1260,706 1286,706 1313,706 1339,707 1366,707 1366,676 1339,676 1313,675 1286,675 1260,675 1234,675 1207,675 1181,675 1155,675 1128,675 1102,675 1076,675 1049,675 1023,675 997,675 970,675 944,675 918,675 891,675 865,674 839,674"/>
                <Baseline points="839,695 865,695 891,696 918,696 944,696 970,696 997,696 1023,696 1049,696 1076,696 1102,696 1128,696 1155,696 1181,696 1207,696 1234,696 1260,696 1286,696 1313,696 1339,697 1366,697"/>
                <TextEquiv>
                    <Unicode>que eran puras maldiciones,</Unicode>
                </TextEquiv>
            </TextLine>
            <TextLine id="r3l15" custom="readingOrder {index:10;}">
                <Coords points="847,750 873,750 899,750 926,750 952,750 978,750 1005,750 1031,750 1057,750 1084,750 1110,750 1136,750 1163,750 1189,750 1215,750 1242,750 1268,751 1294,751 1321,752 1347,752 1374,753 1374,722 1347,721 1321,721 1294,720 1268,720 1242,719 1215,719 1189,719 1163,719 1136,719 1110,719 1084,719 1057,719 1031,719 1005,719 978,719 952,719 926,719 899,719 873,719 847,719"/>
                <Baseline points="847,740 873,740 899,740 926,740 952,740 978,740 1005,740 1031,740 1057,740 1084,740 1110,740 1136,740 1163,740 1189,740 1215,740 1242,740 1268,741 1294,741 1321,742 1347,742 1374,743"/>
                <TextEquiv>
                    <Unicode>blasfemias, votos é infamias,</Unicode>
                </TextEquiv>
            </TextLine>
            <TextLine id="r3l16" custom="readingOrder {index:11;}">
                <Coords points="847,794 872,794 897,794 922,794 947,794 972,794 998,795 1023,795 1048,795 1073,795 1098,796 1124,796 1149,796 1174,796 1199,796 1224,795 1250,795 1250,764 1224,764 1199,765 1174,765 1149,765 1124,765 1098,765 1073,764 1048,764 1023,764 998,764 972,763 947,763 922,763 897,763 872,763 847,763"/>
                <Baseline points="847,784 872,784 897,784 922,784 947,784 972,784 998,785 1023,785 1048,785 1073,785 1098,786 1124,786 1149,786 1174,786 1199,786 1224,785 1250,785"/>
                <TextEquiv>
                    <Unicode>desesperaciones, iras,</Unicode>
                </TextEquiv>
            </TextLine>
            <TextLine id="r3l17" custom="readingOrder {index:12;}">
                <Coords points="849,838 875,838 901,839 928,839 954,840 980,840 1007,840 1033,841 1059,841 1086,841 1112,841 1138,841 1165,841 1191,841 1217,841 1244,841 1270,841 1296,841 1323,841 1349,841 1376,841 1376,810 1349,810 1323,810 1296,810 1270,810 1244,810 1217,810 1191,810 1165,810 1138,810 1112,810 1086,810 1059,810 1033,810 1007,809 980,809 954,809 928,808 901,808 875,807 849,807"/>
                <Baseline points="849,828 875,828 901,829 928,829 954,830 980,830 1007,830 1033,831 1059,831 1086,831 1112,831 1138,831 1165,831 1191,831 1217,831 1244,831 1270,831 1296,831 1323,831 1349,831 1376,831"/>
                <TextEquiv>
                    <Unicode>tormentos, fatigás y ansias,</Unicode>
                </TextEquiv>
            </TextLine>
            <TextLine id="r3l18" custom="readingOrder {index:13;}">
                <Coords points="848,881 876,883 904,885 932,886 960,886 988,887 1016,886 1044,886 1072,886 1100,885 1128,885 1156,884 1184,884 1212,885 1240,885 1268,886 1296,888 1324,890 1352,893 1380,896 1408,901 1408,870 1380,865 1352,862 1324,859 1296,857 1268,855 1240,854 1212,854 1184,853 1156,853 1128,854 1100,854 1072,855 1044,855 1016,855 988,856 960,855 932,855 904,854 876,852 848,850"/>
                <Baseline points="848,871 876,873 904,875 932,876 960,876 988,877 1016,876 1044,876 1072,876 1100,875 1128,875 1156,874 1184,874 1212,875 1240,875 1268,876 1296,878 1324,880 1352,883 1380,886 1408,891"/>
                <TextEquiv>
                    <Unicode>aullidos, gemidos, quejas,,.</Unicode>
                </TextEquiv>
            </TextLine>
            <TextLine id="r3l19" custom="readingOrder {index:14;}">
                <Coords points="847,929 872,929 897,929 923,929 948,929 974,929 999,929 1025,930 1050,930 1076,930 1101,930 1127,930 1152,930 1178,931 1203,931 1229,931 1254,931 1280,932 1280,901 1254,900 1229,900 1203,900 1178,900 1152,899 1127,899 1101,899 1076,899 1050,899 1025,899 999,898 974,898 948,898 923,898 897,898 872,898 847,898"/>
                <Baseline points="847,919 872,919 897,919 923,919 948,919 974,919 999,919 1025,920 1050,920 1076,920 1101,920 1127,920 1152,920 1178,921 1203,921 1229,921 1254,921 1280,922"/>
                <TextEquiv>
                    <Unicode>alboroto, grita y rabia,</Unicode>
                </TextEquiv>
            </TextLine>
            <TextLine id="r3l22" custom="readingOrder {index:15;}">
                <Coords points="849,974 875,973 901,973 928,973 954,973 981,974 1007,974 1033,974 1060,974 1086,974 1113,975 1139,975 1165,975 1192,976 1218,976 1245,976 1271,977 1298,977 1298,947 1271,947 1245,946 1218,946 1192,946 1165,945 1139,945 1113,945 1086,944 1060,944 1033,944 1007,944 981,944 954,943 928,943 901,943 875,943 849,944"/>
                <Baseline points="849,964 875,963 901,963 928,963 954,963 981,964 1007,964 1033,964 1060,964 1086,964 1113,965 1139,965 1165,965 1192,966 1218,966 1245,966 1271,967 1298,967"/>
                <TextEquiv>
                    <Unicode>como si llovieran rayos,</Unicode>
                </TextEquiv>
            </TextLine>
            <TextLine id="r3l24" custom="readingOrder {index:16;}">
                <Coords points="853,1016 880,1017 908,1018 935,1019 963,1019 990,1020 1018,1020 1045,1020 1073,1020 1100,1020 1128,1020 1156,1020 1183,1020 1211,1020 1238,1020 1266,1020 1293,1020 1321,1020 1348,1020 1376,1021 1404,1021 1404,991 1376,991 1348,990 1321,990 1293,990 1266,990 1238,990 1211,990 1183,990 1156,990 1128,990 1100,990 1073,990 1045,990 1018,990 990,990 963,989 935,989 908,988 880,987 853,986"/>
                <Baseline points="853,1006 880,1007 908,1008 935,1009 963,1009 990,1010 1018,1010 1045,1010 1073,1010 1100,1010 1128,1010 1156,1010 1183,1010 1211,1010 1238,1010 1266,1010 1293,1010 1321,1010 1348,1010 1376,1011 1404,1011"/>
                <TextEquiv>
                    <Unicode>y se hundieran muchas casas</Unicode>
                </TextEquiv>
            </TextLine>
            <TextLine id="r3l25" custom="readingOrder {index:17;}">
                <Coords points="851,1061 879,1062 907,1063 936,1064 964,1064 992,1064 1021,1065 1049,1065 1077,1065 1106,1065 1134,1065 1163,1065 1191,1065 1219,1065 1248,1065 1276,1065 1304,1065 1333,1065 1361,1066 1390,1066 1390,1035 1361,1035 1333,1034 1304,1034 1276,1034 1248,1034 1219,1034 1191,1034 1163,1034 1134,1034 1106,1034 1077,1034 1049,1034 1021,1034 992,1033 964,1033 936,1033 907,1032 879,1031 851,1030"/>
                <Baseline points="851,1051 879,1052 907,1053 936,1054 964,1054 992,1054 1021,1055 1049,1055 1077,1055 1106,1055 1134,1055 1163,1055 1191,1055 1219,1055 1248,1055 1276,1055 1304,1055 1333,1055 1361,1056 1390,1056"/>
                <TextEquiv>
                    <Unicode>Y al cabo de mucho tiempo,</Unicode>
                </TextEquiv>
            </TextLine>
            <TextLine id="r3l26" custom="readingOrder {index:18;}">
                <Coords points="855,1108 882,1108 910,1108 937,1109 965,1109 992,1109 1020,1109 1047,1109 1075,1109 1102,1109 1130,1109 1158,1109 1185,1109 1213,1109 1240,1109 1268,1110 1295,1110 1323,1111 1350,1112 1378,1113 1406,1114 1406,1083 1378,1082 1350,1081 1323,1080 1295,1079 1268,1079 1240,1078 1213,1078 1185,1078 1158,1078 1130,1078 1102,1078 1075,1078 1047,1078 1020,1078 992,1078 965,1078 937,1078 910,1077 882,1077 855,1077"/>
                <Baseline points="855,1098 882,1098 910,1098 937,1099 965,1099 992,1099 1020,1099 1047,1099 1075,1099 1102,1099 1130,1099 1158,1099 1185,1099 1213,1099 1240,1099 1268,1100 1295,1100 1323,1101 1350,1102 1378,1103 1406,1104"/>
                <TextEquiv>
                    <Unicode>que el trato cumplido estaba,</Unicode>
                </TextEquiv>
            </TextLine>
            <TextLine id="r3l27" custom="readingOrder {index:19;}">
                <Coords points="849,1153 875,1153 901,1153 927,1153 953,1154 979,1154 1005,1154 1031,1154 1057,1154 1084,1154 1110,1154 1136,1155 1162,1155 1188,1155 1214,1155 1240,1155 1266,1154 1293,1154 1293,1123 1266,1123 1240,1124 1214,1124 1188,1124 1162,1124 1136,1124 1110,1123 1084,1123 1057,1123 1031,1123 1005,1123 979,1123 953,1123 927,1122 901,1122 875,1122 849,1122"/>
                <Baseline points="849,1143 875,1143 901,1143 927,1143 953,1144 979,1144 1005,1144 1031,1144 1057,1144 1084,1144 1110,1144 1136,1145 1162,1145 1188,1145 1214,1145 1240,1145 1266,1144 1293,1144"/>
                <TextEquiv>
                    <Unicode>á la puerta del palacio</Unicode>
                </TextEquiv>
            </TextLine>
            <TextLine id="r3l28" custom="readingOrder {index:20;}">
                <Coords points="857,1198 882,1198 907,1198 933,1198 958,1198 984,1198 1009,1198 1035,1198 1060,1198 1086,1198 1111,1198 1136,1198 1162,1199 1187,1199 1213,1199 1238,1199 1264,1199 1289,1200 1315,1200 1340,1200 1366,1201 1366,1170 1340,1169 1315,1169 1289,1169 1264,1168 1238,1168 1213,1168 1187,1168 1162,1168 1136,1167 1111,1167 1086,1167 1060,1167 1035,1167 1009,1167 984,1167 958,1167 933,1167 907,1167 882,1167 857,1167"/>
                <Baseline points="857,1188 882,1188 907,1188 933,1188 958,1188 984,1188 1009,1188 1035,1188 1060,1188 1086,1188 1111,1188 1136,1188 1162,1189 1187,1189 1213,1189 1238,1189 1264,1189 1289,1190 1315,1190 1340,1190 1366,1191"/>
                <TextEquiv>
                    <Unicode>cuatro soldados de guardia</Unicode>
                </TextEquiv>
            </TextLine>
            <TextLine id="r3l29" custom="readingOrder {index:21;}">
                <Coords points="851,1243 876,1243 902,1243 928,1244 954,1244 980,1244 1005,1244 1031,1244 1057,1244 1083,1244 1109,1244 1134,1244 1160,1244 1186,1244 1212,1244 1238,1244 1264,1244 1264,1213 1238,1213 1212,1213 1186,1213 1160,1213 1134,1213 1109,1213 1083,1213 1057,1213 1031,1213 1005,1213 980,1213 954,1213 928,1213 902,1212 876,1212 851,1212"/>
                <Baseline points="851,1233 876,1233 902,1233 928,1234 954,1234 980,1234 1005,1234 1031,1234 1057,1234 1083,1234 1109,1234 1134,1234 1160,1234 1186,1234 1212,1234 1238,1234 1264,1234"/>
                <TextEquiv>
                    <Unicode>pusieron, y se asomó</Unicode>
                </TextEquiv>
            </TextLine>
            <TextLine id="r3l31" custom="readingOrder {index:22;}">
                <Coords points="857,1289 883,1289 909,1288 935,1288 962,1287 988,1287 1014,1287 1041,1287 1067,1288 1093,1288 1119,1288 1146,1289 1172,1289 1198,1289 1225,1289 1251,1289 1277,1289 1304,1289 1304,1258 1277,1258 1251,1258 1225,1258 1198,1258 1172,1258 1146,1258 1119,1257 1093,1257 1067,1257 1041,1256 1014,1256 988,1256 962,1256 935,1257 909,1257 883,1258 857,1258"/>
                <Baseline points="857,1279 883,1279 909,1278 935,1278 962,1277 988,1277 1014,1277 1041,1277 1067,1278 1093,1278 1119,1278 1146,1279 1172,1279 1198,1279 1225,1279 1251,1279 1277,1279 1304,1279"/>
                <TextEquiv>
                    <Unicode>arrojando vivas llamas</Unicode>
                </TextEquiv>
            </TextLine>
            <TextLine id="r3l33" custom="readingOrder {index:23;}">
                <Coords points="851,1332 877,1333 903,1333 929,1333 955,1333 981,1333 1007,1333 1033,1333 1059,1333 1085,1333 1111,1333 1137,1333 1163,1333 1189,1333 1215,1333 1241,1334 1267,1334 1294,1335 1294,1305 1267,1304 1241,1304 1215,1303 1189,1303 1163,1303 1137,1303 1111,1303 1085,1303 1059,1303 1033,1303 1007,1303 981,1303 955,1303 929,1303 903,1303 877,1303 851,1302"/>
                <Baseline points="851,1322 877,1323 903,1323 929,1323 955,1323 981,1323 1007,1323 1033,1323 1059,1323 1085,1323 1111,1323 1137,1323 1163,1323 1189,1323 1215,1323 1241,1324 1267,1324 1294,1325"/>
                <TextEquiv>
                    <Unicode>un horroroso demonio,</Unicode>
                </TextEquiv>
            </TextLine>
            <TextLine id="r3l35" custom="readingOrder {index:24;}">
                <Coords points="851,1374 876,1375 901,1376 926,1377 951,1377 977,1378 1002,1378 1027,1378 1052,1378 1077,1378 1103,1378 1128,1378 1153,1378 1178,1378 1203,1378 1229,1378 1254,1378 1279,1378 1304,1379 1330,1379 1330,1349 1304,1349 1279,1348 1254,1348 1229,1348 1203,1348 1178,1348 1153,1348 1128,1348 1103,1348 1077,1348 1052,1348 1027,1348 1002,1348 977,1348 951,1347 926,1347 901,1346 876,1345 851,1344"/>
                <Baseline points="851,1364 876,1365 901,1366 926,1367 951,1367 977,1368 1002,1368 1027,1368 1052,1368 1077,1368 1103,1368 1128,1368 1153,1368 1178,1368 1203,1368 1229,1368 1254,1368 1279,1368 1304,1369 1330,1369"/>
                <TextEquiv>
                    <Unicode>y así dijo estas palabras:,</Unicode>
                </TextEquiv>
            </TextLine>
            <TextLine id="r3l37" custom="readingOrder {index:25;}">
                <Coords points="856,1421 881,1422 906,1422 931,1422 956,1423 982,1423 1007,1423 1032,1423 1057,1423 1082,1422 1108,1422 1133,1422 1158,1422 1183,1422 1208,1422 1234,1422 1259,1422 1284,1422 1309,1423 1335,1424 1335,1393 1309,1392 1284,1391 1259,1391 1234,1391 1208,1391 1183,1391 1158,1391 1133,1391 1108,1391 1082,1391 1057,1392 1032,1392 1007,1392 982,1392 956,1392 931,1391 906,1391 881,1391 856,1390"/>
                <Baseline points="856,1411 881,1412 906,1412 931,1412 956,1413 982,1413 1007,1413 1032,1413 1057,1413 1082,1412 1108,1412 1133,1412 1158,1412 1183,1412 1208,1412 1234,1412 1259,1412 1284,1412 1309,1413 1335,1414"/>
                <TextEquiv>
                    <Unicode>Naballa, no me conoces?</Unicode>
                </TextEquiv>
            </TextLine>
            <TextLine id="r3l39" custom="readingOrder {index:26;}">
                <Coords points="859,1467 884,1466 910,1466 936,1466 962,1466 988,1466 1014,1466 1039,1466 1065,1467 1091,1467 1117,1467 1143,1467 1169,1467 1194,1467 1220,1468 1246,1468 1272,1468 1298,1468 1324,1468 1324,1437 1298,1437 1272,1437 1246,1437 1220,1437 1194,1436 1169,1436 1143,1436 1117,1436 1091,1436 1065,1436 1039,1435 1014,1435 988,1435 962,1435 936,1435 910,1435 884,1435 859,1436"/>
                <Baseline points="859,1457 884,1456 910,1456 936,1456 962,1456 988,1456 1014,1456 1039,1456 1065,1457 1091,1457 1117,1457 1143,1457 1169,1457 1194,1457 1220,1458 1246,1458 1272,1458 1298,1458 1324,1458"/>
                <TextEquiv>
                    <Unicode>Huye de mi furia y saña,</Unicode>
                </TextEquiv>
            </TextLine>
            <TextLine id="r3l40" custom="readingOrder {index:27;}">
                <Coords points="853,1510 882,1510 911,1511 940,1511 970,1511 999,1512 1028,1512 1058,1512 1087,1512 1116,1512 1146,1512 1175,1512 1204,1512 1233,1512 1263,1512 1292,1512 1321,1512 1351,1513 1380,1513 1409,1513 1439,1513 1439,1482 1409,1482 1380,1482 1351,1482 1321,1481 1292,1481 1263,1481 1233,1481 1204,1481 1175,1481 1146,1481 1116,1481 1087,1481 1058,1481 1028,1481 999,1481 970,1480 940,1480 911,1480 882,1479 853,1479"/>
                <Baseline points="853,1500 882,1500 911,1501 940,1501 970,1501 999,1502 1028,1502 1058,1502 1087,1502 1116,1502 1146,1502 1175,1502 1204,1502 1233,1502 1263,1502 1292,1502 1321,1502 1351,1503 1380,1503 1409,1503 1439,1503"/>
                <TextEquiv>
                    <Unicode>que soy quien puede abrasarte</Unicode>
                </TextEquiv>
            </TextLine>
            <TextLine id="r3l41" custom="readingOrder {index:28;}">
                <Coords points="859,1556 884,1556 909,1556 934,1557 959,1557 985,1557 1010,1557 1035,1557 1060,1557 1085,1557 1111,1557 1136,1557 1161,1557 1186,1557 1211,1558 1237,1558 1237,1527 1211,1527 1186,1526 1161,1526 1136,1526 1111,1526 1085,1526 1060,1526 1035,1526 1010,1526 985,1526 959,1526 934,1526 909,1525 884,1525 859,1525"/>
                <Baseline points="859,1546 884,1546 909,1546 934,1547 959,1547 985,1547 1010,1547 1035,1547 1060,1547 1085,1547 1111,1547 1136,1547 1161,1547 1186,1547 1211,1548 1237,1548"/>
                <TextEquiv>
                    <Unicode>solo con una mirada.</Unicode>
                </TextEquiv>
            </TextLine>
            <TextLine id="r3l43" custom="readingOrder {index:29;}">
                <Coords points="851,1602 876,1602 901,1601 926,1601 951,1601 977,1601 1002,1602 1027,1602 1052,1602 1077,1602 1103,1602 1128,1602 1153,1602 1178,1603 1203,1603 1229,1603 1254,1603 1279,1603 1304,1603 1330,1603 1330,1572 1304,1572 1279,1572 1254,1572 1229,1572 1203,1572 1178,1572 1153,1571 1128,1571 1103,1571 1077,1571 1052,1571 1027,1571 1002,1571 977,1570 951,1570 926,1570 901,1570 876,1571 851,1571"/>
                <Baseline points="851,1592 876,1592 901,1591 926,1591 951,1591 977,1591 1002,1592 1027,1592 1052,1592 1077,1592 1103,1592 1128,1592 1153,1592 1178,1593 1203,1593 1229,1593 1254,1593 1279,1593 1304,1593 1330,1593"/>
                <TextEquiv>
                    <Unicode>Desvíate y no te arrimes,</Unicode>
                </TextEquiv>
            </TextLine>
            <TextLine id="r3l45" custom="readingOrder {index:30;}">
                <Coords points="863,1646 889,1647 916,1647 942,1647 969,1648 995,1648 1022,1648 1048,1647 1075,1647 1101,1647 1128,1647 1155,1647 1181,1647 1208,1647 1234,1647 1261,1647 1287,1647 1314,1648 1340,1648 1367,1650 1394,1651 1394,1620 1367,1619 1340,1617 1314,1617 1287,1616 1261,1616 1234,1616 1208,1616 1181,1616 1155,1616 1128,1616 1101,1616 1075,1616 1048,1616 1022,1617 995,1617 969,1617 942,1616 916,1616 889,1616 863,1615"/>
                <Baseline points="863,1636 889,1637 916,1637 942,1637 969,1638 995,1638 1022,1638 1048,1637 1075,1637 1101,1637 1128,1637 1155,1637 1181,1637 1208,1637 1234,1637 1261,1637 1287,1637 1314,1638 1340,1638 1367,1640 1394,1641"/>
                <TextEquiv>
                    <Unicode>que soy, le dijo en sumaria,</Unicode>
                </TextEquiv>
            </TextLine>
            <TextLine id="r3l46" custom="readingOrder {index:31;}">
                <Coords points="865,1690 890,1691 915,1691 940,1691 966,1691 991,1691 1016,1692 1041,1692 1067,1692 1092,1692 1117,1692 1142,1692 1168,1692 1193,1692 1218,1692 1243,1692 1269,1692 1294,1692 1319,1692 1344,1692 1370,1693 1370,1662 1344,1661 1319,1661 1294,1661 1269,1661 1243,1661 1218,1661 1193,1661 1168,1661 1142,1661 1117,1661 1092,1661 1067,1661 1041,1661 1016,1661 991,1660 966,1660 940,1660 915,1660 890,1660 865,1659"/>
                <Baseline points="865,1680 890,1681 915,1681 940,1681 966,1681 991,1681 1016,1682 1041,1682 1067,1682 1092,1682 1117,1682 1142,1682 1168,1682 1193,1682 1218,1682 1243,1682 1269,1682 1294,1682 1319,1682 1344,1682 1370,1683"/>
                <TextEquiv>
                    <Unicode>el amo, á quien has servido</Unicode>
                </TextEquiv>
            </TextLine>
            <TextLine id="r3l47" custom="readingOrder {index:32;}">
                <Coords points="863,1736 888,1736 914,1736 939,1736 965,1736 990,1736 1016,1736 1041,1736 1067,1736 1093,1736 1118,1736 1144,1736 1169,1736 1195,1736 1220,1737 1246,1737 1271,1738 1297,1739 1323,1740 1323,1709 1297,1708 1271,1707 1246,1706 1220,1706 1195,1705 1169,1705 1144,1705 1118,1705 1093,1705 1067,1705 1041,1705 1016,1705 990,1705 965,1705 939,1705 914,1705 888,1705 863,1705"/>
                <Baseline points="863,1726 888,1726 914,1726 939,1726 965,1726 990,1726 1016,1726 1041,1726 1067,1726 1093,1726 1118,1726 1144,1726 1169,1726 1195,1726 1220,1727 1246,1727 1271,1728 1297,1729 1323,1730"/>
                <TextEquiv>
                    <Unicode>con cuidado y vigilancia,</Unicode>
                </TextEquiv>
            </TextLine>
            <TextLine id="r3l48" custom="readingOrder {index:33;}">
                <Coords points="860,1782 887,1783 914,1783 942,1783 969,1783 997,1782 1024,1782 1051,1782 1079,1781 1106,1781 1134,1781 1161,1781 1188,1781 1216,1781 1243,1782 1271,1783 1298,1784 1325,1786 1353,1788 1380,1791 1408,1794 1408,1764 1380,1761 1353,1758 1325,1756 1298,1754 1271,1753 1243,1752 1216,1751 1188,1751 1161,1751 1134,1751 1106,1751 1079,1751 1051,1752 1024,1752 997,1752 969,1753 942,1753 914,1753 887,1753 860,1752"/>
                <Baseline points="860,1772 887,1773 914,1773 942,1773 969,1773 997,1772 1024,1772 1051,1772 1079,1771 1106,1771 1134,1771 1161,1771 1188,1771 1216,1771 1243,1772 1271,1773 1298,1774 1325,1776 1353,1778 1380,1781 1408,1784"/>
                <TextEquiv>
                    <Unicode>y es justo que se te pague</Unicode>
                </TextEquiv>
            </TextLine>
            <TextLine id="r3l49" custom="readingOrder {index:34;}">
                <Coords points="859,1821 885,1823 911,1824 938,1826 964,1826 990,1827 1017,1827 1043,1827 1069,1827 1096,1827 1122,1827 1148,1827 1175,1826 1201,1826 1227,1827 1254,1827 1280,1828 1306,1829 1333,1830 1333,1800 1306,1799 1280,1798 1254,1797 1227,1797 1201,1796 1175,1796 1148,1797 1122,1797 1096,1797 1069,1797 1043,1797 1017,1797 990,1797 964,1796 938,1796 911,1794 885,1793 859,1791"/>
                <Baseline points="859,1811 885,1813 911,1814 938,1816 964,1816 990,1817 1017,1817 1043,1817 1069,1817 1096,1817 1122,1817 1148,1817 1175,1816 1201,1816 1227,1817 1254,1817 1280,1818 1306,1819 1333,1820"/>
                <TextEquiv>
                    <Unicode>y que se te dé una carta</Unicode>
                </TextEquiv>
            </TextLine>
            <TextLine id="r3l51" custom="readingOrder {index:35;}">
                <Coords points="865,1872 892,1872 919,1872 946,1872 973,1872 1000,1872 1027,1872 1054,1871 1081,1871 1108,1871 1135,1871 1162,1871 1189,1871 1216,1871 1243,1872 1270,1872 1297,1872 1324,1872 1351,1872 1378,1873 1406,1873 1406,1843 1378,1843 1351,1842 1324,1842 1297,1842 1270,1842 1243,1842 1216,1841 1189,1841 1162,1841 1135,1841 1108,1841 1081,1841 1054,1841 1027,1842 1000,1842 973,1842 946,1842 919,1842 892,1842 865,1842"/>
                <Baseline points="865,1862 892,1862 919,1862 946,1862 973,1862 1000,1862 1027,1862 1054,1861 1081,1861 1108,1861 1135,1861 1162,1861 1189,1861 1216,1861 1243,1862 1270,1862 1297,1862 1324,1862 1351,1862 1378,1863 1406,1863"/>
                <TextEquiv>
                    <Unicode>para el traidor de tu amo:.</Unicode>
                </TextEquiv>
            </TextLine>
            <TextLine id="r3l52" custom="readingOrder {index:36;}">
                <Coords points="865,1913 890,1914 915,1915 941,1915 966,1916 992,1916 1017,1916 1042,1916 1068,1916 1093,1916 1119,1916 1144,1916 1169,1916 1195,1916 1220,1916 1246,1917 1271,1917 1296,1917 1322,1918 1347,1919 1373,1920 1373,1890 1347,1889 1322,1888 1296,1887 1271,1887 1246,1887 1220,1886 1195,1886 1169,1886 1144,1886 1119,1886 1093,1886 1068,1886 1042,1886 1017,1886 992,1886 966,1886 941,1885 915,1885 890,1884 865,1883"/>
                <Baseline points="865,1903 890,1904 915,1905 941,1905 966,1906 992,1906 1017,1906 1042,1906 1068,1906 1093,1906 1119,1906 1144,1906 1169,1906 1195,1906 1220,1906 1246,1907 1271,1907 1296,1907 1322,1908 1347,1909 1373,1910"/>
                <TextEquiv>
                    <Unicode>y agradece á las estampas,</Unicode>
                </TextEquiv>
            </TextLine>
            <TextLine id="r3l53" custom="readingOrder {index:37;}">
                <Coords points="861,1956 888,1958 916,1960 943,1961 971,1961 998,1962 1026,1962 1053,1962 1081,1961 1108,1961 1136,1961 1164,1960 1191,1960 1219,1961 1246,1961 1274,1962 1301,1963 1329,1965 1356,1967 1384,1970 1412,1974 1412,1943 1384,1939 1356,1936 1329,1934 1301,1932 1274,1931 1246,1930 1219,1930 1191,1929 1164,1929 1136,1930 1108,1930 1081,1930 1053,1931 1026,1931 998,1931 971,1930 943,1930 916,1929 888,1927 861,1925"/>
                <Baseline points="861,1946 888,1948 916,1950 943,1951 971,1951 998,1952 1026,1952 1053,1952 1081,1951 1108,1951 1136,1951 1164,1950 1191,1950 1219,1951 1246,1951 1274,1952 1301,1953 1329,1955 1356,1957 1384,1960 1412,1964"/>
                <TextEquiv>
                    <Unicode>y esos papeles que tienes..</Unicode>
                </TextEquiv>
            </TextLine>
            <TextLine id="r3l54" custom="readingOrder {index:38;}">
                <Coords points="867,2004 892,2005 917,2005 942,2005 968,2006 993,2006 1018,2005 1044,2005 1069,2005 1094,2005 1120,2005 1145,2005 1170,2005 1196,2005 1221,2005 1246,2005 1272,2006 1297,2007 1322,2009 1348,2010 1348,1979 1322,1978 1297,1976 1272,1975 1246,1974 1221,1974 1196,1974 1170,1974 1145,1974 1120,1974 1094,1974 1069,1974 1044,1974 1018,1974 993,1975 968,1975 942,1974 917,1974 892,1974 867,1973"/>
                <Baseline points="867,1994 892,1995 917,1995 942,1995 968,1996 993,1996 1018,1995 1044,1995 1069,1995 1094,1995 1120,1995 1145,1995 1170,1995 1196,1995 1221,1995 1246,1995 1272,1996 1297,1997 1322,1999 1348,2000"/>
                <TextEquiv>
                    <Unicode>en tu defensa y compaña,</Unicode>
                </TextEquiv>
            </TextLine>
            <TextLine id="r3l56" custom="readingOrder {index:39;}">
                <Coords points="871,2049 896,2050 922,2051 948,2051 974,2051 1000,2052 1026,2052 1052,2052 1078,2051 1103,2051 1129,2051 1155,2051 1181,2051 1207,2051 1233,2051 1259,2052 1285,2052 1285,2021 1259,2021 1233,2020 1207,2020 1181,2020 1155,2020 1129,2020 1103,2020 1078,2020 1052,2021 1026,2021 1000,2021 974,2020 948,2020 922,2020 896,2019 871,2018"/>
                <Baseline points="871,2039 896,2040 922,2041 948,2041 974,2041 1000,2042 1026,2042 1052,2042 1078,2041 1103,2041 1129,2041 1155,2041 1181,2041 1207,2041 1233,2041 1259,2042 1285,2042"/>
                <TextEquiv>
                    <Unicode>que si no, pudiera ser</Unicode>
                </TextEquiv>
            </TextLine>
            <TextLine id="r3l58" custom="readingOrder {index:40;}">
                <Coords points="873,2096 898,2096 923,2096 948,2096 973,2096 999,2096 1024,2096 1049,2096 1074,2096 1099,2096 1125,2095 1150,2095 1175,2095 1200,2095 1225,2095 1251,2095 1276,2095 1301,2095 1326,2095 1351,2096 1377,2096 1377,2066 1351,2066 1326,2065 1301,2065 1276,2065 1251,2065 1225,2065 1200,2065 1175,2065 1150,2065 1125,2065 1099,2066 1074,2066 1049,2066 1024,2066 999,2066 973,2066 948,2066 923,2066 898,2066 873,2066"/>
                <Baseline points="873,2086 898,2086 923,2086 948,2086 973,2086 999,2086 1024,2086 1049,2086 1074,2086 1099,2086 1125,2085 1150,2085 1175,2085 1200,2085 1225,2085 1251,2085 1276,2085 1301,2085 1326,2085 1351,2086 1377,2086"/>
                <TextEquiv>
                    <Unicode>que acá dentro te quedáras</Unicode>
                </TextEquiv>
            </TextLine>
            <TextLine id="r3l59" custom="readingOrder {index:41;}">
                <Coords points="871,2142 896,2143 921,2143 946,2143 971,2143 996,2143 1021,2143 1046,2143 1071,2142 1096,2142 1121,2142 1146,2141 1171,2141 1196,2140 1221,2140 1246,2140 1271,2140 1296,2141 1322,2141 1322,2110 1296,2110 1271,2109 1246,2109 1221,2109 1196,2109 1171,2110 1146,2110 1121,2111 1096,2111 1071,2111 1046,2112 1021,2112 996,2112 971,2112 946,2112 921,2112 896,2112 871,2111"/>
                <Baseline points="871,2132 896,2133 921,2133 946,2133 971,2133 996,2133 1021,2133 1046,2133 1071,2132 1096,2132 1121,2132 1146,2131 1171,2131 1196,2130 1221,2130 1246,2130 1271,2130 1296,2131 1322,2131"/>
                <TextEquiv>
                    <Unicode>á padecer para siempre</Unicode>
                </TextEquiv>
            </TextLine>
            <TextLine id="r3l60" custom="readingOrder {index:42;}">
                <Coords points="865,2189 893,2189 921,2189 950,2189 978,2189 1006,2190 1035,2189 1063,2189 1091,2189 1120,2189 1148,2189 1177,2188 1205,2188 1233,2187 1262,2187 1290,2186 1318,2186 1347,2185 1375,2184 1404,2184 1404,2153 1375,2153 1347,2154 1318,2155 1290,2155 1262,2156 1233,2156 1205,2157 1177,2157 1148,2158 1120,2158 1091,2158 1063,2158 1035,2158 1006,2159 978,2158 950,2158 921,2158 893,2158 865,2158"/>
                <Baseline points="865,2179 893,2179 921,2179 950,2179 978,2179 1006,2180 1035,2179 1063,2179 1091,2179 1120,2179 1148,2179 1177,2178 1205,2178 1233,2177 1262,2177 1290,2176 1318,2176 1347,2175 1375,2174 1404,2174"/>
                <TextEquiv>
                    <Unicode>las penas que aquí se pasan.</Unicode>
                </TextEquiv>
            </TextLine>
            <TextEquiv>
                <Unicode>el que un instante se pára
á mazazos se le hace
que entienda lo que le mandan,
Así Naballa lo hizo,
y con las acostumbradas
circunstancias referidas;
sin que otra novedad haya, 
allí estuvo cuatro meses,
sin que oyéra mas palabra, 
que eran puras maldiciones,
blasfemias, votos é infamias,
desesperaciones, iras,
tormentos, fatigás y ansias,
aullidos, gemidos, quejas,,.
alboroto, grita y rabia,
como si llovieran rayos,
y se hundieran muchas casas
Y al cabo de mucho tiempo,
que el trato cumplido estaba,
á la puerta del palacio
cuatro soldados de guardia
pusieron, y se asomó
arrojando vivas llamas
un horroroso demonio,
y así dijo estas palabras:,
Naballa, no me conoces?
Huye de mi furia y saña,
que soy quien puede abrasarte
solo con una mirada.
Desvíate y no te arrimes,
que soy, le dijo en sumaria,
el amo, á quien has servido
con cuidado y vigilancia,
y es justo que se te pague
y que se te dé una carta
para el traidor de tu amo:.
y agradece á las estampas,
y esos papeles que tienes..
en tu defensa y compaña,
que si no, pudiera ser
que acá dentro te quedáras
á padecer para siempre
las penas que aquí se pasan.</Unicode>
            </TextEquiv>
        </TextRegion>
    </Page>
</PcGts>
