1571 2256
165 246 640 283 de allí se salió afligido,
165 291 630 326 y al gobernador buscaba
168 338 658 372 para que le haga justicia,
166 381 613 415 y el diñero le cobrára:
166 429 658 461 Respondió el gobernador.
170 471 645 506 diciéndole: que le traiga
169 517 654 551 testigos que lo declaren,
163 563 635 597 y que la verdad juraran;
171 608 661 643 y como no halló testigos
170 653 636 684 muy afligido se andaba.
171 696 615 728 Y estando en el campo solo
173 741 650 775 arrimado á una murralla;
170 786 608 819 vió que hácia él venia
170 831 650 863 un caballero, y le habla;
169 876 629 911 preguntóle por su amo,
177 920 671 954 y él dijo: que ya no estaba
178 964 702 999 con él, porque de diez años
180 1011 576 1042 el salario le negaba.
175 1054 653 1087 Dijolé: pues yo te traigo
178 1099 667 1136 una conveniencia hidalga,
177 1144 560 1179 que como seas leal,
176 1191 645 1223 y me sirvas, doy palabra
177 1234 594 1267 de cobrarte tu dinero
178 1281 718 1311 sin que pierdas una blanca.
174 1323 664 1358 En fin, aceptó el partido,
169 1369 722 1404 sin saber con quien trataba.
175 1414 610 1446 Era el dicho caballero
181 1460 738 1493 el demonio en forma humana;
183 1504 678 1537 el cual le dijo: por donde
178 1548 724 1583 fuére yo, sigueme y marcha,
169 1593 596 1627 ásete de este baston,
177 1640 734 1672 por ser cosa que me agrada,
176 1683 717 1716 y en un instante se hallaron
181 1727 630 1760 delante de una portada
184 1772 626 1806 de un suntuoso palacio,
173 1819 691 1850 que de verlo se admiraba.
177 1861 618 1894 Y con bastante recelo
179 1909 677 1940 preguntó Juan de Naballa:
177 1952 712 1984 Señor, qué palacío es este?
178 1996 738 2028 Dijo el diablo: esta es la casa
175 2039 702 2076 donde pagan los que deben,
174 2087 668 2117 sin quedar á deber nada,
173 2129 681 2167 y en este cuarto de afuera
1386 207 1410 238 3
838 249 1346 285 has de tener tu habitanza
833 294 1355 326 aquí tendrás que comer,
836 337 1395 370 y tambien tu buéna cama.
833 382 1400 413 Ten así: toma esta llave suin
836 426 1342 461 para que cierres y abras,
837 472 1345 505 y aunque veas, y que oigas;
839 517 1428 550 cosas que asombrany espantan
837 560 1392 592 á tí no te de cuidado,
842 606 1392 642 que el Altísimo te ampara.
841 652 1400 686 Llegó el Demonió á la puerta:
833 695 1296 730 y apeñas un golpe daba,
839 740 1211 771 salieron á recibirlo
842 785 1226 816 de criados y criadas
839 830 1404 862 gran multitud, que humillados
843 874 1381 906 á sus pies se le postraban.
849 917 1342 950 Y él arrojando centellas,
842 963 1306 996 les dijo con voz airada:
842 1007 1195 1040 Ahora me pagareis
851 1051 1350 1084 la demasia y tardanza,
843 1097 1290 1129 y con el baston á todos
841 1142 1310 1174 tantos palos descargaba,
849 1187 1368 1220 que los dejaba por muertos,
846 1231 1365 1263 y luego se levantaban,
846 1273 1238 1307 y volvian á embestir
845 1321 1315 1354 con mas encendida rabia.
845 1365 1304 1398 Así se entraron adentro
843 1411 1325 1446 y con gran miedo Naballa
850 1455 1354 1486 solo se quedó en su cuarto,
849 1498 1392 1531 que apenas determinabay
846 1544 1354 1576 si eraenoche, ó si era dia
845 1589 1353 1622 en tan lóbrega habitanza,
847 1634 1385 1666 encomendándose Dios
846 1677 1399 1710 y á la Virgen Soberana
841 1722 1379 1755 Y dentro de poco rato.
845 1769 1305 1802 reparó, que lo llamaban,
846 1814 1390 1844 diciéndole: Mira, mozo,
845 1857 1395 1891 y acudió á ver qué le mandan
849 1901 1381 1934 á la puerta de Palacio
845 1945 1387 1981 y dos mulos le entregaban
854 1991 1375 2023 aparejedos; y dicen:
846 2036 1378 2068 Anda, y de aquella montaña
848 2079 1350 2111 trae dos cargas de carbon;
841 2123 1376 2159 que allí está donde se labra,
