1546 2276
139 232 596 273 Ea, escribáñ aí apriesa,
144 283 628 323 les dijo: sin répugñancia,
137 336 560 374 los deleites y regalos
139 387 634 426 con que aquí los agasajan,
137 438 653 476 y ajustenle bien la cuenta,
141 489 586 527 para que le sea pagada
148 542 598 579 del traidor de vuestro hi
145 590 616 630 sin que nada se negara;
141 643 607 683 y ahora habeis de cantaí
145 696 612 733 una de aquellas tonadas
149 747 618 784 de risa, y dé pasátiémpo
147 796 642 835 deshonestas que cantaban.
146 849 567 886 Mas ellos enfurecidos,
149 901 607 937 echando voraces llamas
139 948 595 989 por ojos, boca y oidos,
150 1000 702 1037 de esta suerte la empezaban,
145 1052 673 1090 diciendo: Qué he de cantar?
145 1102 629 1142 Oh maldita mi desgracia!
151 1155 593 1192 Y tambien maldito sea
141 1206 618 1245 mi nacimiento y crianza,
139 1257 656 1297 malditos sean mis padres,
146 1307 692 1348 hijos, hermanos y hermanas;
151 1358 542 1397 toda mi generacion
147 1413 663 1449 desde que fué principiada.
147 1461 598 1499 Y el demonio lisongero
151 1513 653 1553 decía: Qué bien que cantal
153 1563 641 1603 Canten mas que estoy muy triste,
144 1614 636 1654 y esa música me agrada:
149 1667 642 1707 no se detengan, prosigan,
145 1717 630 1758 y ellos arrojando llamas,
149 1770 637 1808 decian: Qué he de cantar?
151 1821 610 1859 Maldecidas las entrañas
151 1872 672 1911 donde fuimos engendrados,
150 1924 622 1964 los pasos y las pisadas,
149 1975 605 2014 deleites y pasatiempos,
150 2026 618 2065 y las engañosas damas,
155 2077 660 2116 que á pecar nos incitaron,
154 2129 665 2172 y malditas nuestras almas.
1354 184 1421 220 7
814 281 1302 319 hasta los santós y santas,
803 330 1295 370 y esto todo lo escribieron
816 384 1336 422 con sentimiento y con rabia,
809 431 1314 472 y luego echaron las firmas;
819 485 1413 526 que en el mundo acostumbraban
807 534 1319 574 poniendo en el sobrescrito
820 588 1403 626 el dueño á quien la enviaban,
861 638 1397 676 el año, y tambien el dia,
850 691 1325 728 despues de estar cerrada
813 744 1274 779 la carta, se la arrojaron,
815 791 1299 831 y al tiempo de levantarla
820 844 1284 882 Juan de Naballa se halló
813 896 1260 935 arrimado á la muralla,
809 947 1239 984 en donde se acomodó,
818 998 1341 1036 sin saber quien lo llevaba.
816 1047 1199 1086 Y así que reconoció
822 1099 1292 1138 el sitio donde se hallaba,
817 1153 1297 1191 á Dios, y á la Vírgen pura
819 1203 1460 1238 les dió repetidas gracias,
825 1256 1183 1292 Y luego determinó
817 1308 1265 1344 irse desde allí á la casa
817 1359 1234 1397 del Señor Gobernador
822 1410 1258 1448 á decirle lo que pasa;
820 1461 1460 1498 y en estando en su presencia
825 1512 1308 1552 de mirarlo se asombraba;
819 1565 1321 1602 pues del color del azufre
823 1616 1263 1654 tenia el mozo la cara.
824 1667 1265 1706 Y en fin, le dijo, traia
814 1721 1300 1760 por testigos y probanzas
816 1773 1250 1809 una carta del infierno,
821 1824 1271 1861 Bará que se le pagara,
826 1874 1300 1911 de un abuelo de su amo,
821 1925 1343 1963 y de su padre, que estaban
829 1976 1327 2012 para siempre condenados;
821 2026 1255 2063 y en fina allí le deelara
825 2081 1316 2112 cuanto vido por sus ojos,
829 2129 1307 2169 y lo que llevó de cargas,
