1596 2264
174 158 210 220 6
113 230 609 270 Mira, vés aquí esta silla,
125 280 581 318 que la tengo ¡preparada
115 330 608 368 á el amo que allá tuviste
123 381 610 419 que si en ella te sentáras
124 432 634 473 un cerrar y abrir de ojos,
119 484 610 520 hecho polvo te quedáras:
118 535 634 573 para que cuando acá venga
119 586 662 625 se siente en cosa tan blanda.
119 637 631 674 Tiene los piés de alabastro
124 688 608 729 con las perillas doradas,
117 738 584 777 los cuadrados de marfil
118 790 648 831 todos llenos de esmeraldas,
121 842 618 881 diamantes y piedras finas,
115 894 526 932 y perlas arracimadas.
117 944 539 979 Es el asiento de felpa
115 993 623 1032 con clavos de oro clavada.
120 1045 546 1083 Es el espaldar de tela
112 1097 548 1135 todo con oro bordada,
117 1148 543 1185 y os brazos de cristal
113 1197 595 1237 con embutidos de nácar.
111 1251 667 1287 Pues qué tal te ha parecido?
112 1298 660 1338 No es una prenda estimada?.
116 1351 562 1390 Naballa, dijo: muy rica,
102 1400 618 1441 que es imposible que haya
114 1452 630 1491 en todo el mundo otra silla
118 1503 522 1541 que con esa igualára.
114 1553 622 1592 Es cierto, dijo el demonio,
112 1605 668 1645 que no es capaz que la haya,
112 1655 666 1698 la cual si fuere á venderla,..
101 1709 637 1746 por más que me la pagaran
112 1758 598 1797 no tiene precio esta silla
107 1809 537 1848 para poder apreciarla.
114 1860 660 1903 Vuélvela á mirar despacio 4
104 1911 632 1952 veras que pasmo de alhaja,
101 1963 602 2002 y dándole luego un soplo
108 2013 648 2055 la encendió con tanta flama,
108 2065 638 2106 que echaba rayos de fuego,
103 2115 601 2155 y flechas que traspasaban
789 231 1281 267 con la violencia que iban
788 285 1354 318 las columnas que allí estaban.
788 333 1366 372 Los pies que eran de alabastro,
792 384 1280 422 ya son piedras azufradas,
783 436 1215 475 y las curiosas perillas
784 486 1204 521 estaban alquitranadas,
787 537 1243 573 los cuadrados de marfil
792 588 1246 625 eran sierpes enredadas,
784 637 1248 675 con vívoras ponzoñosas.
787 690 1244 725 lagartos y salamándras,
832 740 1341 777 el que tera asiento de felpa
790 791 1278 829 era de fuego una plancha,
794 842 1240 877 que vibraba exalaciones
783 892 1259 929 hácia arriba remontadas.
784 942 1338 980 Y el que era espaldar de tela,
788 994 1262 1031 era una plancha acerada,
780 1044 1234 1081 y los brazos de cristal
782 1097 1304 1129 eran de hierro dos barras,
784 1146 1362 1184 que echaban fuego á volcanes,
781 1197 1197 1233 sin disminuirse nada.
780 1249 1214 1285 Dijole: no mires mas,
788 1299 1340 1347 que con eso sobra y basta..
787 1351 1263 1388 para que allá des noticia,
782 1402 1268 1438 porque si vieras un alma
778 1453 1278 1493 de uno que fué lujurioso,
781 1505 1275 1541 y de uno que se preciaba
786 1557 1336 1593 de ser soberbio en extremo,
773 1605 1253 1643 y á los pobres ultrajaba,
780 1660 1330 1692 puesta en tormento horrorso
776 1708 1327 1745 muerto al punto te quedaras.
773 1759 1332 1799 Bastante has visto conesto;
773 1810 1193 1848 y luego dijo: levanta,
775 1865 1287 1896 y á uno de los dos le hizo
779 1913 1295 1950 que en la silla se sentára,
776 1963 1326 2003 y al otro, que fuese presto,
773 2013 1281 2056 y que una mesa le traiga,
780 2066 1222 2103 tintero, papel y pluma,
768 2119 1329 2159 y al punto lo,puso en planta.
