1503 2280
150 203 182 236 2
110 250 276 281 soberbias, y vanidades,
107 292 558 324 lujurias y destemplanzas,
106 335 581 371 crueles rabias; é invidias,
106 382 632 414 que son á los hombres causa
110 426 500 460 de su totál perdicion,
106 471 568 505 para que su pobrés almas
102 517 566 551 padezcan para en eternó;
106 562 591 597 sin que seán gérdónadas..
100 606 582 641 No viváis tan descuidados,
102 652 630 688 mirad, qúé la Horrible parca;
106 698 532 733 sin un puñto detenerse,
105 743 577 778 cortando las miéses anda.
104 788 542 823 Mieses son las criaturas,
109 836 632 869 que en él mundo son criadas,
107 879 634 912 y en cumpliendose el tiempo:
102 923 498 957 limitado, que les haya
108 970 538 1005 puesto su gran Criador,
103 1015 532 1048 al punto serán cortadas
101 1060 532 1094 las espigas de sus vidas,
104 1106 560 1140 que sean cortas, ó largas;
102 1151 602 1187 muy largas no podrán ser,
102 1195 578 1230 porque si bien se repara,
103 1240 647 1275 por mucho que hayan vivido,
104 1286 592 1319 les parecerá que es nada
110 1331 520 1364 en llegándose lazhora
101 1375 535 1408 postrera de su jornada.
100 1420 676 1454 Hombre, mira, que te advierto,
108 1466 629 1499 que está tu alma empeñada
102 1511 668 1544 en que ha de pagar las deudas,
99 1557 603 1588 que tu mortal cuerpo haga,
97 1600 519 1634 sin poder faltar á ello
102 1647 616 1679 cuando de este mundo vaya,
93 1689 572 1727 y juntamente te advierto?
101 1736 642 1771 para que en culpa no caigas;
96 1782 644 1814 que han de poner en un peso
102 1828 602 1862 tus obras buenas y malas,
92 1869 483 1907 y si por desventura!
101 1918 615 1952 las malas son mas pesadas;
94 1964 570 1996 has de morir condeñado
89 2009 581 2042 á arder en eterñas llamas.
97 2054 546 2086 Y si por dicha pesaren
94 2100 666 2134 las buenas mas que las malas,
88 2146 581 2179 irás triunfante á la gloria
760 242 1207 274 á gozar dichas sin tasa
766 288 1230 322 con los bienaventurados,
766 332 1244 368 ángeles, santos y santas.
768 378 1320 417 Con esta prueba hago punto,
763 423 1210 457 y voy á la circunstancia
763 470 1185 506 del nuevo prodigio, y digo,
758 516 1358 553 que en la ciudad mas nombrada,
768 561 1246 597 que es Alicante la bella,
767 607 1246 642 famoso puerto de España,
765 651 1152 684 en esta ciudad Vivia
763 697 1279 732 un hombre, que se ocupaba
765 743 1246 776 en administrar Haciendas,
765 788 1249 822 y en cobrar las alcabalas,
760 833 1176 865 el cual era tan tiraño
756 878 1251 910 que tarde ó nunca pagaba
757 924 1284 956 á los que estaban sirviendo
758 968 1181 1002 de criados en su casa.
766 1014 1265 1046 Entre ellos un despensero
762 1059 1215 1092 tenia, que muestra daba
767 1105 1278 1140 de ser hombre muy cabal,
766 1150 1206 1185 de la nacion galiciana,
764 1194 1224 1229 que era natural de Tui,
763 1240 1253 1274 llamado Juan de Naballa.
768 1284 1218 1320 Este le sirvió diez años,
762 1330 1231 1363 y viendo que no cobraba
762 1373 1142 1409 pará poderse vestir,
761 1421 1233 1454 y que su ropa está ajada,
762 1465 1120 1499 un dia dijo: Señor,
761 1509 1291 1543 yo quiero irme á mi patria,
758 1554 1312 1591 ajústeme usted la cuenta
764 1600 1312 1636 para ver lo que me resta:
755 1645 1212 1678 mas tirano le responde
766 1690 1411 1730 con voces muy destempladas.
767 1735 1292 1769 Váyase cuando quisiere,
760 1780 1312 1813 que su cuenta está ajustada,
754 1826 1362 1864 mas me debe, que le debo,
768 1871 1338 1908 y si de eso mas me habla
762 1916 1320 1952 lo he de poner en la cárcel,
765 1962 1280 1996 para que bueno me haga:
762 2006 1392 2047 todo lo que me la usurpadoso
760 2052 1282 2084 y lo ha mandado á su casa.
758 2097 1258 2130 El mozo que aquesto oyó,
758 2144 1207 2176 sin responderle palabra
