1737 2508
1267 189 1502 340 (Núm. 252.)
605 1070 1285 1180 DECIMAS GLOSADAS
312 1211 1592 1324 PARA CANTAR LOS AFICIONADOS.
734 1409 1117 1442 Me casé con una beata
690 1449 1096 1483 per tener algo de Dios:
690 1489 1114 1522 con ella cargó el diablo,
686 1528 1098 1566 y á mi poco me faltó.
288 1570 658 1606 Cansado ya de correr,
251 1610 629 1644 enfadado de enredar,
247 1649 638 1683 me puse á considerar
263 1689 724 1724 qué es lo que debia hacer;
256 1729 706 1760 vo bien me harté de saber
247 1769 708 1801 bastante el salto de mata,
251 1808 754 1843 siempre andando en zaragata,
254 1847 678 1881 no pudiendo mas sufrir,
256 1885 575 1918 y para mejor vivir
255 1928 657 1960 me casé con una beata.
296 1966 737 1998 Dentro de mi pensamiento
258 2008 592 2038 todo era maquinar;
255 2045 603 2079 feliz lo voy á pasar
261 2086 700 2121 con mi nuevo casamiento;
255 2124 664 2159 lo pasaré sin tormento,
255 2165 712 2197 porque, para entre los dos
256 2205 702 2237 me hablaba á media voz,
262 2245 708 2278 por ser tan santa muger,
259 2284 616 2317 y esto me hizo caer,
266 2325 669 2358 por tener algo de Dios.
1013 1569 1384 1600 Al revés me sucedió,
977 1607 1379 1640 que de maula cojeaba,
984 1646 1367 1680 de cabeza me cargaba,
978 1687 1360 1718 sin que lo supiera yo;
978 1725 1407 1757 pero al fin se descubrió.
975 1765 1422 1798 Rezando estaba con Pablo
979 1805 1406 1838 recostada en un retablo;
983 1845 1432 1878 no me gustó aquel rezar,
979 1883 1386 1917 y empezándola á pegar
982 1923 1407 1957 con ella cargó el diablo.
1021 1963 1461 1996 De verme tan mal parado
981 2003 1358 2036 estaba que me moria,
991 2042 1376 2075 todo el mundo se reia
988 2083 1396 2115 al verme tan engañado,
993 2122 1431 2155 de una beata, y burlado.
989 2159 1512 2200 ¿Qué es lo que debia hacer yo?
996 2201 1410 2234 pero al fin se descubrió:
984 2241 1413 2274 se acabaron mis enredos,
994 2281 1455 2315 ella marchó á los infiernos,
996 2322 1389 2356 y á mi poco me faltó.
