1737 2508
637 254 1008 286 Sepa mi afecto pagar
600 293 985 327 á quien le trate mejor,
597 333 1072 367 á comerciar á otro puerto,
596 374 1005 407 ni esclavo ni labrador.
203 481 624 514 Fino amante enamorado,
166 520 572 556 á tu belleza he servido,
165 559 624 595 el premio que he merecido.
167 599 632 635 tan solo es haber penado:
174 639 652 674 ya estoy de amarte cansado,
165 678 579 714 ya no quiero mas penar;
171 717 563 755 en fin, quiero celebrar
163 757 568 794 otra hermosura divina,
176 797 604 834 que constante fiel y fina
171 836 545 873 sepa mi afecto pagar.
206 875 676 911 El soldado que en campaña.
164 917 580 951 sirve leal en su gremio,
163 956 654 992 al ver que no le dan premio,
171 996 597 1031 deja las armas con saña;
171 1037 629 1070 y el esclavo que con maña,
175 1077 549 1110 sirve fiel á su señor,
170 1116 528 1150 si le trata con rigor,
171 1156 536 1189 y no le puede sufrir,
173 1195 591 1228 le deja y se vá á servir
169 1236 591 1270 á quien le trate mejor.
928 472 1322 506 Ea tierra con el arado
894 511 1303 546 surca el labrandor astuto
896 551 1329 585 y al ver que no le da fruto
897 591 1241 625 la deja muy enojado.
896 631 1348 664 Surca el mercader cargado,
895 670 1320 704 el mar con peligro cierto,
891 708 1354 744 y el patron en tal concierto,
888 750 1274 782 al ver que no logra ya,
898 789 1221 824 gira la proa y se vá
893 828 1325 863 á comerciar á otro puerto.
940 868 1380 902 Esclavo en tu amor me ví,
904 910 1242 942 de finezas mercader,
891 949 1265 982 labrador para querer;
900 990 1272 1022 soldado á tu órden fui;
899 1029 1284 1062 como esclavo te serví,
904 1068 1394 1102 te mostré el mas fino amor,
897 1108 1282 1142 sufrí batallas de ardor,
904 1147 1284 1182 pero ya no quiero ser
901 1189 1290 1222 soldado, ni mercader,
899 1229 1284 1261 ni esclavo, ni labrador.
677 1333 1081 1364 Yo vi cantar á Neron,
635 1373 1079 1409 y llorar las tres Marias,
635 1413 1039 1445 vi quejarse á Jeremias.
627 1451 1013 1491 y escribir á Zenaron.
224 1568 600 1602 Ví parar el sol á Josué;
179 1607 598 1641 yo ví el diluvio y el arca,
188 1647 578 1681 ví los celos de Tetrarca
186 1687 548 1720 y peinarse á Bersabé;
184 1728 554 1760 ví embriagarse á Noé,
188 1767 578 1800 cortar el pelo á Sanson,
191 1807 591 1840 ví ahorcarse á Absalon,
183 1846 563 1878 de Saul el fin funesto:
190 1885 552 1918 y demas de todo esto.
188 1925 544 1957 yo vi cantar á Neron.
236 1965 652 1998 Yo ví pescar á San Pedro,
191 2005 543 2037 á Cain matar á Abel,
195 2044 612 2077 en casa de un rey Raquel,
185 2085 549 2117 á Cervantes estudiar,
193 2124 640 2157 yo ví á san Juan predicar,
199 2165 565 2197 coger el pez á Tobías,
203 2205 608 2237 cumplir sus últimos dias,
196 2244 576 2276 á Apeles pintar le ví,
193 2284 580 2321 Judas decir: ¡ay de mi!
199 2324 598 2363 y llorar las tres Marías.
956 1560 1334 1594 Yo vi al profeta Jonás,
920 1602 1296 1634 que lo tragó la ballena,
912 1642 1324 1674 vide Murcia y Cartagena,
911 1681 1263 1713 pelear con Fierabrás,
903 1720 1311 1752 á Torres con su compás
923 1760 1296 1792 jugar la pelota á Osias,
914 1799 1324 1831 burlarse de Amonoquías,
916 1837 1359 1870 de Susana en un quebranto
916 1878 1384 1910 y depues que he visto tanto,
917 1917 1312 1950 vi que jarse á Jeremias.
961 1957 1402 1990 Tocar la guitarrita á Anteo,
912 1998 1238 2030 hacer el duo David,
917 2037 1326 2070 al compás con la Judith;
927 2076 1386 2109 y á este son dormir Morfeo:
928 2118 1270 2149 ví reise á Idomeneo,
926 2157 1332 2190 matar un cordero Aaron,
929 2198 1271 2230 pasar el mar Faraon,
929 2237 1381 2270 ví el sacrificio de Abraham;
927 2277 1312 2310 ví las bodas de Canaan,
927 2318 1277 2352 y escribir á Zenaron.
