1765 2512
608 279 1041 314 Aunque me cause enojos.
580 321 983 354 ese ceño, hermosa mia,
581 359 971 394 me enagena la alegria
577 398 1021 434 cuando me mran tus ojos.
178 507 518 538 Ese tu dulce mirar
131 547 675 580 siempre ha sido mi elemento,
133 585 569 620 tornando mi sentimiento
144 626 524 659 en un grato suspirar.
135 666 601 701 ¿Quién no rinde a su pesar,
136 705 584 737 al ver tus hermosos ojos,
143 745 577 776 su corazon por despojos?
137 783 547 815 Yo de mí decir podré
147 824 539 856 que nunca te olvidaré,
140 863 566 896 aunque me cause enojos.
173 903 601 935 Lejos me hallaba de tí,
145 942 617 978 y eras tú mi bien, mi gloria,
147 981 564 1014 yo jamás á tu memoria
144 1021 554 1054 ingrato un instante fuí.
147 1061 645 1094 Aunque en sueños ¡ay de mí!
147 1101 628 1132 tu ausencia me entristecia;
144 1141 550 1172 suspirando por el dia,
145 1180 599 1213 en que tuviera el placer,
155 1218 587 1252 que me enagena, de ver
151 1260 559 1292 ese ceño, hermosa mia.
917 495 1319 535 ¡Dichoso aquel instante
879 535 1343 575 que tanto, mi bien, deseo,
871 574 1367 614 en que transforme himenéo;,
872 614 1321 654 en fino esposo al amante!
877 653 1297 693 ¡Cuán gozoso y delirante
876 693 1316 734 te contemplaré aquel dia
876 733 1243 774 al considerarte mia!
880 774 1215 812 Facil es adivinarlo,
886 813 1294 853 cuando solo de pensarlo
875 852 1283 892 me enagena la alegria.
909 891 1441 931 Pues que en tí está mi ventura,
881 932 1213 975 y sin tí yo moriré,
890 971 1245 1010 que sea tanta tu fé.
880 1008 1395 1048 como es mucha tu hermosura;
888 1051 1231 1090 considera la locura
882 1089 1305 1128 que causarán tus enojos
884 1127 1359 1168 á quien rindió por despojos
885 1167 1307 1207 de su amor su corazon:
885 1205 1345 1254 y que enciende mi pasion
893 1247 1351 1287 cuando me miran tus ojos.
634 1358 1008 1390 Si tá te vas á bañar,
601 1397 966 1431 avisame un dia antes,
595 1434 1056 1475 y te empedraré el camino
595 1476 1061 1510 de perlas y de diamantes.
197 1593 716 1625 De conchas, perlas, diamantes,
163 1632 635 1667 de brillantes y esmeraldas,
160 1672 640 1706 tengo de hacer un sombrío,
160 1712 628 1745 desde el lindar de tu casa,
155 1753 569 1786 hasta la orilla del rio:
156 1793 582 1824 una barca de oro fino,
159 1832 585 1864 tengo de mandar labrar,
167 1871 570 1904 con un dosel superior,
165 1911 624 1944 porque no te pique el sol,
165 1951 540 1984 si tu te vas a bañar.
195 1991 589 2024 Irás en silla de manos
168 2030 582 2063 para ir mas descansada,
164 2070 562 2102 te daré cuatro criadas
168 2109 608 2142 que bayan acompañando:
164 2150 646 2183 si quieres llegar temprano,
166 2191 572 2222 bello pulido diamante,
168 2231 584 2263 te daré coche y volante,
168 2271 570 2304 si no quieres ir á pié,
168 2310 572 2341 te lo pido por merced,
165 2348 567 2380 avisame un dia antes.
930 1582 1342 1615 Aquí me pongo á cantar
905 1621 1393 1656 por darle gusto á mi asunto;
899 1661 1361 1699 y sin faltarle ni un punto,
902 1701 1338 1734 yo no puedo quedar mal;
897 1737 1357 1774 de aquí pasare á Gibraltar
902 1781 1348 1814 con la vista y con el tino,
903 1816 1323 1853 yo me iré de peregrino
903 1860 1315 1893 por toditos los lugares,
897 1899 1297 1933 buscando mil oficiales,
895 1935 1361 1974 para empedrarte el camino.
947 1976 1367 2012 Mi décima no es fingida
909 2019 1373 2052 para obsequiar tu persona,
911 2058 1301 2091 te mereces la corona,
905 2099 1286 2131 de toda la Andalucía;
906 2136 1315 2171 todo lo que te ofrecia
901 2179 1309 2213 aqui traigo para darte,
899 2219 1279 2251 una corona triunfante
907 2257 1347 2292 de metal y piedras finas;
903 2293 1381 2330 tambien te haré una berlina
905 2334 1365 2372 de perlas y de diamantes.
