<?xml version="1.0" encoding="UTF-8" standalone="yes"?>
<PcGts xmlns="http://schema.primaresearch.org/PAGE/gts/pagecontent/2013-07-15" xmlns:xsi="http://www.w3.org/2001/XMLSchema-instance" xsi:schemaLocation="http://schema.primaresearch.org/PAGE/gts/pagecontent/2013-07-15 http://schema.primaresearch.org/PAGE/gts/pagecontent/2013-07-15/pagecontent.xsd">
    <Metadata>
        <Creator>prov=University of Rostock/Institute of Mathematics/CITlab|PLANET AI GmbH/Gundram Leifert/gundram.leifert@planet-ai.de:name=Pliegos de Cordel (XIXe) - v4(htr_id=27283)::::v=2.6.7
prov=University of Rostock/Institute of Mathematics/CITlab|PLANET AI GmbH/Tobias Gruening/tobias.gruening@planet-ai.de:name=de.uros.citlab.module.baseline2polygon.B2PSeamMultiOriented:v=2.6.7
prov=University of Rostock/Institute of Mathematics/CITlab|PLANET AI GmbH/Tobias Gruening/tobias.gruening@planet-ai.de:name=/net_tf/LA73_249_0mod360.pb:de.uros.citlab.segmentation.CITlab_LA_ML:v=2.6.7
Transkribus</Creator>
        <Created>2020-12-04T09:32:09.273+01:00</Created>
        <LastChange>2020-12-16T10:06:21.843+01:00</LastChange>
        <Comments>
                Measurement unit: pixel
                PrimaryLanguage: 
                Producer: Transkribus
            </Comments>
        <TranskribusMetadata docId="525391" pageId="22319088" pageNr="24" tsid="50350210" status="DONE" userId="66244" imgUrl="https://files.transkribus.eu/Get?id=LEOFDAHSNQVLIDMHQXNQLSQM&amp;fileType=view" xmlUrl="https://files.transkribus.eu/Get?id=QHATBKLMZEXSZRJVKMKAZRKN" imageId="17388603"/>
    </Metadata>
    <Page imageFilename="Moreno_244_4.jpg" imageWidth="1765" imageHeight="2512">
        <PrintSpace>
            <Coords points="212,279 1626,279 1626,2512 212,2512"/>
        </PrintSpace>
        <ReadingOrder>
            <OrderedGroup id="ro_1608295539171" caption="Regions reading order">
                <RegionRefIndexed index="0" regionRef="r1"/>
                <RegionRefIndexed index="1" regionRef="r2"/>
                <RegionRefIndexed index="2" regionRef="r3"/>
                <RegionRefIndexed index="3" regionRef="r4"/>
                <RegionRefIndexed index="4" regionRef="r5"/>
                <RegionRefIndexed index="5" regionRef="r6"/>
                <RegionRefIndexed index="6" regionRef="r7"/>
                <RegionRefIndexed index="7" regionRef="r8"/>
            </OrderedGroup>
        </ReadingOrder>
        <TextRegion orientation="0.0" type="paragraph" id="r1" custom="readingOrder {index:0;}">
            <Coords points="250,279 1577,279 1577,706 250,706"/>
            <TextLine id="r1l1" custom="readingOrder {index:0;}">
                <Coords points="695,385 720,386 745,387 771,387 796,388 821,388 847,388 872,388 897,387 923,387 948,387 973,386 999,386 1024,385 1049,385 1075,384 1100,384 1126,383 1126,343 1100,344 1075,344 1049,345 1024,345 999,346 973,346 948,347 923,347 897,347 872,348 847,348 821,348 796,348 771,347 745,347 720,346 695,345"/>
                <Baseline points="695,372 720,373 745,374 771,374 796,375 821,375 847,375 872,375 897,374 923,374 948,374 973,373 999,373 1024,372 1049,372 1075,371 1100,371 1126,370"/>
                <TextEquiv>
                    <Unicode>CARTA</Unicode>
                </TextEquiv>
            </TextLine>
            <TextLine id="r1l2" custom="readingOrder {index:1;}">
                <Coords points="249,495 315,494 381,493 447,492 513,490 579,489 645,488 711,487 777,486 843,486 910,485 976,484 1042,483 1108,483 1174,482 1240,482 1306,481 1372,481 1438,480 1504,480 1571,479 1571,439 1504,440 1438,440 1372,441 1306,441 1240,442 1174,442 1108,443 1042,443 976,444 910,445 843,446 777,446 711,447 645,448 579,449 513,450 447,452 381,453 315,454 249,455"/>
                <Baseline points="249,482 315,481 381,480 447,479 513,477 579,476 645,475 711,474 777,473 843,473 910,472 976,471 1042,470 1108,470 1174,469 1240,469 1306,468 1372,468 1438,467 1504,467 1571,466"/>
                <TextEquiv>
                    <Unicode>DE UN MILITAR QUE ANUNCIA Á SU HERMANO SU REGRESO DE FILIPINAS.</Unicode>
                </TextEquiv>
            </TextLine>
            <TextLine id="r1l3" custom="readingOrder {index:2;}">
                <Coords points="703,572 729,572 755,572 781,572 807,572 833,572 859,572 885,572 911,572 937,571 963,571 989,571 1015,570 1041,570 1067,569 1094,569 1094,539 1067,539 1041,540 1015,540 989,541 963,541 937,541 911,542 885,542 859,542 833,542 807,542 781,542 755,542 729,542 703,542"/>
                <Baseline points="703,562 729,562 755,562 781,562 807,562 833,562 859,562 885,562 911,562 937,561 963,561 989,561 1015,560 1041,560 1067,559 1094,559"/>
                <TextEquiv>
                    <Unicode>Viejo, pobrete y casado,</Unicode>
                </TextEquiv>
            </TextLine>
            <TextLine id="r1l4" custom="readingOrder {index:3;}">
                <Coords points="665,615 690,614 715,613 741,613 766,612 792,612 817,611 843,610 868,610 894,610 919,609 945,609 970,609 996,609 1021,609 1047,609 1072,610 1098,610 1123,610 1149,611 1149,581 1123,580 1098,580 1072,580 1047,579 1021,579 996,579 970,579 945,579 919,579 894,580 868,580 843,580 817,581 792,582 766,582 741,583 715,583 690,584 665,585"/>
                <Baseline points="665,605 690,604 715,603 741,603 766,602 792,602 817,601 843,600 868,600 894,600 919,599 945,599 970,599 996,599 1021,599 1047,599 1072,600 1098,600 1123,600 1149,601"/>
                <TextEquiv>
                    <Unicode>con mis humillos de indiano,</Unicode>
                </TextEquiv>
            </TextLine>
            <TextLine id="r1l5" custom="readingOrder {index:4;}">
                <Coords points="661,660 687,658 714,655 740,653 767,651 793,651 820,650 846,650 873,650 899,650 926,650 952,650 979,650 1005,650 1032,649 1059,648 1059,618 1032,619 1005,620 979,620 952,620 926,620 899,620 873,620 846,620 820,620 793,621 767,621 740,623 714,625 687,628 661,630"/>
                <Baseline points="661,650 687,648 714,645 740,643 767,641 793,641 820,640 846,640 873,640 899,640 926,640 952,640 979,640 1005,640 1032,639 1059,638"/>
                <TextEquiv>
                    <Unicode>y el caletre trastornado,</Unicode>
                </TextEquiv>
            </TextLine>
            <TextLine id="r1l6" custom="readingOrder {index:5;}">
                <Coords points="661,693 687,693 713,693 739,693 765,692 791,692 817,691 843,691 870,691 896,690 922,690 948,690 974,690 1000,690 1026,690 1052,690 1079,690 1079,660 1052,660 1026,660 1000,660 974,660 948,660 922,660 896,660 870,661 843,661 817,661 791,662 765,662 739,663 713,663 687,663 661,663"/>
                <Baseline points="661,683 687,683 713,683 739,683 765,682 791,682 817,681 843,681 870,681 896,680 922,680 948,680 974,680 1000,680 1026,680 1052,680 1079,680"/>
                <TextEquiv>
                    <Unicode>aqui me tienes, hermano.</Unicode>
                </TextEquiv>
            </TextLine>
            <TextEquiv>
                <Unicode>CARTA
DE UN MILITAR QUE ANUNCIA Á SU HERMANO SU REGRESO DE FILIPINAS.
Viejo, pobrete y casado,
con mis humillos de indiano,
y el caletre trastornado,
aqui me tienes, hermano.</Unicode>
            </TextEquiv>
        </TextRegion>
        <TextRegion orientation="0.0" type="paragraph" id="r2" custom="readingOrder {index:1;}">
            <Coords points="212,735 815,735 815,1541 212,1541"/>
            <TextLine id="r2l1" custom="readingOrder {index:0;}">
                <Coords points="250,786 277,786 305,786 333,786 361,786 388,785 416,785 444,785 472,784 499,784 527,783 555,783 583,783 610,782 638,782 666,781 694,781 721,780 749,780 777,780 805,779 805,749 777,750 749,750 721,750 694,751 666,751 638,752 610,752 583,753 555,753 527,753 499,754 472,754 444,755 416,755 388,755 361,756 333,756 305,756 277,756 250,756"/>
                <Baseline points="250,776 277,776 305,776 333,776 361,776 388,775 416,775 444,775 472,774 499,774 527,773 555,773 583,773 610,772 638,772 666,771 694,771 721,770 749,770 777,770 805,769"/>
                <TextEquiv>
                    <Unicode>Muchos piensan que en Oriente</Unicode>
                </TextEquiv>
            </TextLine>
            <TextLine id="r2l2" custom="readingOrder {index:1;}">
                <Coords points="219,827 245,828 271,828 298,828 324,827 351,827 377,826 404,825 430,825 456,824 483,823 509,823 536,823 562,824 589,825 589,795 562,794 536,793 509,793 483,793 456,794 430,795 404,795 377,796 351,797 324,797 298,798 271,798 245,798 219,797"/>
                <Baseline points="219,817 245,818 271,818 298,818 324,817 351,817 377,816 404,815 430,815 456,814 483,813 509,813 536,813 562,814 589,815"/>
                <TextEquiv>
                    <Unicode>anda la plata tirada,</Unicode>
                </TextEquiv>
            </TextLine>
            <TextLine id="r2l3" custom="readingOrder {index:2;}">
                <Coords points="218,867 243,868 268,867 294,867 319,867 345,866 370,866 395,865 421,864 446,863 472,863 497,862 522,862 548,862 573,862 599,863 624,864 650,865 650,835 624,834 599,833 573,832 548,832 522,832 497,832 472,833 446,833 421,834 395,835 370,836 345,836 319,837 294,837 268,837 243,838 218,837"/>
                <Baseline points="218,857 243,858 268,857 294,857 319,857 345,856 370,856 395,855 421,854 446,853 472,853 497,852 522,852 548,852 573,852 599,853 624,854 650,855"/>
                <TextEquiv>
                    <Unicode>la perla menos preciada, </Unicode>
                </TextEquiv>
            </TextLine>
            <TextLine id="r2l4" custom="readingOrder {index:3;}">
                <Coords points="215,909 240,907 265,906 290,905 315,904 340,904 365,903 390,903 415,903 441,903 466,902 491,902 516,902 541,902 566,902 591,902 616,902 641,901 667,900 667,870 641,871 616,872 591,872 566,872 541,872 516,872 491,872 466,872 441,873 415,873 390,873 365,873 340,874 315,874 290,875 265,876 240,877 215,879"/>
                <Baseline points="215,899 240,897 265,896 290,895 315,894 340,894 365,893 390,893 415,893 441,893 466,892 491,892 516,892 541,892 566,892 591,892 616,892 641,891 667,890"/>
                <TextEquiv>
                    <Unicode>y que oro viste la gente</Unicode>
                </TextEquiv>
            </TextLine>
            <TextLine id="r2l5" custom="readingOrder {index:4;}">
                <Coords points="220,947 245,946 271,946 296,945 322,944 347,944 373,943 398,943 424,942 449,942 475,941 500,941 526,940 551,940 577,940 602,940 628,940 628,910 602,910 577,910 551,910 526,910 500,911 475,911 449,912 424,912 398,913 373,913 347,914 322,914 296,915 271,916 245,916 220,917"/>
                <Baseline points="220,937 245,936 271,936 296,935 322,934 347,934 373,933 398,933 424,932 449,932 475,931 500,931 526,930 551,930 577,930 602,930 628,930"/>
                <TextEquiv>
                    <Unicode>yo aseguro firmemente</Unicode>
                </TextEquiv>
            </TextLine>
            <TextLine id="r2l6" custom="readingOrder {index:5;}">
                <Coords points="223,986 248,986 274,985 300,985 325,985 351,984 377,984 402,983 428,982 454,982 479,981 505,981 531,980 556,980 582,980 608,980 633,980 659,980 685,981 711,981 711,951 685,951 659,950 633,950 608,950 582,950 556,950 531,950 505,951 479,951 454,952 428,952 402,953 377,954 351,954 325,955 300,955 274,955 248,956 223,956"/>
                <Baseline points="223,976 248,976 274,975 300,975 325,975 351,974 377,974 402,973 428,972 454,972 479,971 505,971 531,970 556,970 582,970 608,970 633,970 659,970 685,971 711,971"/>
                <TextEquiv>
                    <Unicode>que de ser rico he tratado,</Unicode>
                </TextEquiv>
            </TextLine>
            <TextLine id="r2l7" custom="readingOrder {index:6;}">
                <Coords points="220,1024 245,1024 271,1024 297,1024 323,1023 348,1023 374,1023 400,1022 426,1022 452,1021 477,1021 503,1020 529,1020 555,1020 580,1020 606,1019 632,1019 658,1020 684,1020 684,990 658,990 632,989 606,989 580,990 555,990 529,990 503,990 477,991 452,991 426,992 400,992 374,993 348,993 323,993 297,994 271,994 245,994 220,994"/>
                <Baseline points="220,1014 245,1014 271,1014 297,1014 323,1013 348,1013 374,1013 400,1012 426,1012 452,1011 477,1011 503,1010 529,1010 555,1010 580,1010 606,1009 632,1009 658,1010 684,1010"/>
                <TextEquiv>
                    <Unicode>y que tan solo he logrado</Unicode>
                </TextEquiv>
            </TextLine>
            <TextLine id="r2l8" custom="readingOrder {index:7;}">
                <Coords points="217,1065 242,1065 267,1065 293,1065 318,1064 343,1064 369,1063 394,1062 419,1062 445,1061 470,1061 495,1060 521,1059 546,1059 571,1059 597,1059 622,1059 647,1059 673,1060 698,1061 724,1062 724,1032 698,1031 673,1030 647,1029 622,1029 597,1029 571,1029 546,1029 521,1029 495,1030 470,1031 445,1031 419,1032 394,1032 369,1033 343,1034 318,1034 293,1035 267,1035 242,1035 217,1035"/>
                <Baseline points="217,1055 242,1055 267,1055 293,1055 318,1054 343,1054 369,1053 394,1052 419,1052 445,1051 470,1051 495,1050 521,1049 546,1049 571,1049 597,1049 622,1049 647,1049 673,1050 698,1051 724,1052"/>
                <TextEquiv>
                    <Unicode>salir, despues de diez años.</Unicode>
                </TextEquiv>
            </TextLine>
            <TextLine id="r2l9" custom="readingOrder {index:8;}">
                <Coords points="217,1105 242,1105 268,1104 294,1104 320,1103 346,1103 372,1102 398,1101 424,1101 449,1100 475,1100 501,1100 527,1099 553,1100 579,1100 605,1100 631,1101 631,1071 605,1070 579,1070 553,1070 527,1069 501,1070 475,1070 449,1070 424,1071 398,1071 372,1072 346,1073 320,1073 294,1074 268,1074 242,1075 217,1075"/>
                <Baseline points="217,1095 242,1095 268,1094 294,1094 320,1093 346,1093 372,1092 398,1091 424,1091 449,1090 475,1090 501,1090 527,1089 553,1090 579,1090 605,1090 631,1091"/>
                <TextEquiv>
                    <Unicode>sobrado de desengaños, </Unicode>
                </TextEquiv>
            </TextLine>
            <TextLine id="r2l10" custom="readingOrder {index:9;}">
                <Coords points="220,1145 245,1145 270,1145 295,1144 320,1144 345,1143 371,1143 396,1142 421,1142 446,1141 471,1141 496,1140 522,1140 547,1140 572,1140 597,1140 622,1140 648,1141 648,1111 622,1110 597,1110 572,1110 547,1110 522,1110 496,1110 471,1111 446,1111 421,1112 396,1112 371,1113 345,1113 320,1114 295,1114 270,1115 245,1115 220,1115"/>
                <Baseline points="220,1135 245,1135 270,1135 295,1134 320,1134 345,1133 371,1133 396,1132 421,1132 446,1131 471,1131 496,1130 522,1130 547,1130 572,1130 597,1130 622,1130 648,1131"/>
                <TextEquiv>
                    <Unicode>viejo, pobrete y casado.</Unicode>
                </TextEquiv>
            </TextLine>
            <TextLine id="r2l11" custom="readingOrder {index:10;}">
                <Coords points="261,1185 286,1184 312,1183 338,1182 364,1181 390,1181 416,1180 442,1180 467,1180 493,1180 519,1180 545,1180 571,1180 597,1181 623,1182 623,1152 597,1151 571,1150 545,1150 519,1150 493,1150 467,1150 442,1150 416,1150 390,1151 364,1151 338,1152 312,1153 286,1154 261,1155"/>
                <Baseline points="261,1175 286,1174 312,1173 338,1172 364,1171 390,1171 416,1170 442,1170 467,1170 493,1170 519,1170 545,1170 571,1170 597,1171 623,1172"/>
                <TextEquiv>
                    <Unicode>No es esto lo peor,</Unicode>
                </TextEquiv>
            </TextLine>
            <TextLine id="r2l12" custom="readingOrder {index:11;}">
                <Coords points="219,1225 245,1225 271,1224 297,1224 323,1223 349,1223 375,1222 401,1221 428,1221 454,1220 480,1220 506,1219 532,1219 558,1219 584,1219 610,1220 637,1221 637,1191 610,1190 584,1189 558,1189 532,1189 506,1189 480,1190 454,1190 428,1191 401,1191 375,1192 349,1193 323,1193 297,1194 271,1194 245,1195 219,1195"/>
                <Baseline points="219,1215 245,1215 271,1214 297,1214 323,1213 349,1213 375,1212 401,1211 428,1211 454,1210 480,1210 506,1209 532,1209 558,1209 584,1209 610,1210 637,1211"/>
                <TextEquiv>
                    <Unicode>que aun pudiera pasar, </Unicode>
                </TextEquiv>
            </TextLine>
            <TextLine id="r2l13" custom="readingOrder {index:12;}">
                <Coords points="228,1263 254,1263 280,1263 306,1262 332,1262 358,1262 385,1261 411,1261 437,1260 463,1260 489,1259 515,1259 542,1259 568,1259 594,1259 620,1258 646,1259 672,1259 699,1259 699,1229 672,1229 646,1229 620,1228 594,1229 568,1229 542,1229 515,1229 489,1229 463,1230 437,1230 411,1231 385,1231 358,1232 332,1232 306,1232 280,1233 254,1233 228,1233"/>
                <Baseline points="228,1253 254,1253 280,1253 306,1252 332,1252 358,1252 385,1251 411,1251 437,1250 463,1250 489,1249 515,1249 542,1249 568,1249 594,1249 620,1248 646,1249 672,1249 699,1249"/>
                <TextEquiv>
                    <Unicode>porque en cualquiera lugar</Unicode>
                </TextEquiv>
            </TextLine>
            <TextLine id="r2l14" custom="readingOrder {index:13;}">
                <Coords points="223,1303 249,1304 275,1304 302,1304 328,1303 354,1303 381,1302 407,1302 433,1301 460,1300 486,1299 512,1298 539,1298 565,1298 591,1297 618,1298 644,1298 670,1299 697,1300 697,1270 670,1269 644,1268 618,1268 591,1267 565,1268 539,1268 512,1268 486,1269 460,1270 433,1271 407,1272 381,1272 354,1273 328,1273 302,1274 275,1274 249,1274 223,1273"/>
                <Baseline points="223,1293 249,1294 275,1294 302,1294 328,1293 354,1293 381,1292 407,1292 433,1291 460,1290 486,1289 512,1288 539,1288 565,1288 591,1287 618,1288 644,1288 670,1289 697,1290"/>
                <TextEquiv>
                    <Unicode>los hay pobres por mayor.</Unicode>
                </TextEquiv>
            </TextLine>
            <TextLine id="r2l15" custom="readingOrder {index:14;}">
                <Coords points="223,1343 249,1343 275,1343 302,1342 328,1342 355,1341 381,1340 407,1339 434,1339 460,1338 487,1338 513,1337 539,1337 566,1337 592,1337 619,1338 619,1308 592,1307 566,1307 539,1307 513,1307 487,1308 460,1308 434,1309 407,1309 381,1310 355,1311 328,1312 302,1312 275,1313 249,1313 223,1313"/>
                <Baseline points="223,1333 249,1333 275,1333 302,1332 328,1332 355,1331 381,1330 407,1329 434,1329 460,1328 487,1328 513,1327 539,1327 566,1327 592,1327 619,1328"/>
                <TextEquiv>
                    <Unicode>Pero mi acerbo dolor</Unicode>
                </TextEquiv>
            </TextLine>
            <TextLine id="r2l16" custom="readingOrder {index:15;}">
                <Coords points="231,1383 258,1383 285,1382 312,1382 339,1381 366,1381 393,1380 420,1379 447,1379 474,1378 502,1378 529,1377 556,1377 583,1376 610,1376 637,1375 664,1375 691,1375 718,1375 745,1375 773,1375 773,1345 745,1345 718,1345 691,1345 664,1345 637,1345 610,1346 583,1346 556,1347 529,1347 502,1348 474,1348 447,1349 420,1349 393,1350 366,1351 339,1351 312,1352 285,1352 258,1353 231,1353"/>
                <Baseline points="231,1373 258,1373 285,1372 312,1372 339,1371 366,1371 393,1370 420,1369 447,1369 474,1368 502,1368 529,1367 556,1367 583,1366 610,1366 637,1365 664,1365 691,1365 718,1365 745,1365 773,1365"/>
                <TextEquiv>
                    <Unicode>es el que no esté en mi mano</Unicode>
                </TextEquiv>
            </TextLine>
            <TextLine id="r2l17" custom="readingOrder {index:16;}">
                <Coords points="228,1424 253,1423 279,1423 305,1422 331,1421 357,1421 383,1420 408,1419 434,1419 460,1418 486,1418 512,1417 538,1417 563,1416 589,1416 615,1416 641,1416 667,1416 693,1417 693,1387 667,1386 641,1386 615,1386 589,1386 563,1386 538,1387 512,1387 486,1388 460,1388 434,1389 408,1389 383,1390 357,1391 331,1391 305,1392 279,1393 253,1393 228,1394"/>
                <Baseline points="228,1414 253,1413 279,1413 305,1412 331,1411 357,1411 383,1410 408,1409 434,1409 460,1408 486,1408 512,1407 538,1407 563,1406 589,1406 615,1406 641,1406 667,1406 693,1407"/>
                <TextEquiv>
                    <Unicode>dejar de decirte, hermano, </Unicode>
                </TextEquiv>
            </TextLine>
            <TextLine id="r2l18" custom="readingOrder {index:17;}">
                <Coords points="232,1464 257,1463 282,1462 307,1461 332,1461 357,1460 382,1459 408,1459 433,1458 458,1458 483,1458 508,1457 533,1457 558,1457 584,1456 609,1456 634,1456 659,1456 684,1455 709,1455 735,1455 735,1425 709,1425 684,1425 659,1426 634,1426 609,1426 584,1426 558,1427 533,1427 508,1427 483,1428 458,1428 433,1428 408,1429 382,1429 357,1430 332,1431 307,1431 282,1432 257,1433 232,1434"/>
                <Baseline points="232,1454 257,1453 282,1452 307,1451 332,1451 357,1450 382,1449 408,1449 433,1448 458,1448 483,1448 508,1447 533,1447 558,1447 584,1446 609,1446 634,1446 659,1446 684,1445 709,1445 735,1445"/>
                <TextEquiv>
                    <Unicode>que á mi estremada pobreza</Unicode>
                </TextEquiv>
            </TextLine>
            <TextLine id="r2l19" custom="readingOrder {index:18;}">
                <Coords points="230,1503 255,1502 281,1501 307,1500 333,1500 359,1499 385,1499 411,1499 437,1499 463,1498 489,1498 515,1498 541,1498 567,1498 593,1498 619,1497 619,1467 593,1468 567,1468 541,1468 515,1468 489,1468 463,1468 437,1469 411,1469 385,1469 359,1469 333,1470 307,1470 281,1471 255,1472 230,1473"/>
                <Baseline points="230,1493 255,1492 281,1491 307,1490 333,1490 359,1489 385,1489 411,1489 437,1489 463,1488 489,1488 515,1488 541,1488 567,1488 593,1488 619,1487"/>
                <TextEquiv>
                    <Unicode>uno tambien la pereza</Unicode>
                </TextEquiv>
            </TextLine>
            <TextLine id="r2l20" custom="readingOrder {index:19;}">
                <Coords points="230,1544 256,1544 282,1543 308,1542 334,1541 360,1541 386,1540 413,1540 439,1539 465,1539 491,1538 517,1538 543,1538 569,1537 596,1537 622,1536 648,1536 674,1536 700,1535 726,1534 753,1534 753,1504 726,1504 700,1505 674,1506 648,1506 622,1506 596,1507 569,1507 543,1508 517,1508 491,1508 465,1509 439,1509 413,1510 386,1510 360,1511 334,1511 308,1512 282,1513 256,1514 230,1514"/>
                <Baseline points="230,1534 256,1534 282,1533 308,1532 334,1531 360,1531 386,1530 413,1530 439,1529 465,1529 491,1528 517,1528 543,1528 569,1527 596,1527 622,1526 648,1526 674,1526 700,1525 726,1524 753,1524"/>
                <TextEquiv>
                    <Unicode>con mis humillos de indiano.</Unicode>
                </TextEquiv>
            </TextLine>
            <TextEquiv>
                <Unicode>Muchos piensan que en Oriente
anda la plata tirada,
la perla menos preciada, 
y que oro viste la gente
yo aseguro firmemente
que de ser rico he tratado,
y que tan solo he logrado
salir, despues de diez años.
sobrado de desengaños, 
viejo, pobrete y casado.
No es esto lo peor,
que aun pudiera pasar, 
porque en cualquiera lugar
los hay pobres por mayor.
Pero mi acerbo dolor
es el que no esté en mi mano
dejar de decirte, hermano, 
que á mi estremada pobreza
uno tambien la pereza
con mis humillos de indiano.</Unicode>
            </TextEquiv>
        </TextRegion>
        <TextRegion orientation="0.0" type="paragraph" id="r3" custom="readingOrder {index:2;}">
            <Coords points="936,726 1480,726 1480,1539 936,1539"/>
            <TextLine id="r3l1" custom="readingOrder {index:0;}">
                <Coords points="979,776 1005,775 1032,775 1059,774 1086,774 1112,774 1139,773 1166,773 1193,774 1219,774 1246,774 1273,775 1300,775 1327,776 1327,746 1300,745 1273,745 1246,744 1219,744 1193,744 1166,743 1139,743 1112,744 1086,744 1059,744 1032,745 1005,745 979,746"/>
                <Baseline points="979,766 1005,765 1032,765 1059,764 1086,764 1112,764 1139,763 1166,763 1193,764 1219,764 1246,764 1273,765 1300,765 1327,766"/>
                <TextEquiv>
                    <Unicode>Hiciéronme capitan, </Unicode>
                </TextEquiv>
            </TextLine>
            <TextLine id="r3l2" custom="readingOrder {index:1;}">
                <Coords points="944,817 969,817 994,817 1019,817 1044,816 1069,816 1094,815 1119,814 1144,814 1169,813 1194,813 1219,813 1244,813 1269,813 1294,814 1319,814 1344,816 1370,817 1370,787 1344,786 1319,784 1294,784 1269,783 1244,783 1219,783 1194,783 1169,783 1144,784 1119,784 1094,785 1069,786 1044,786 1019,787 994,787 969,787 944,787"/>
                <Baseline points="944,807 969,807 994,807 1019,807 1044,806 1069,806 1094,805 1119,804 1144,804 1169,803 1194,803 1219,803 1244,803 1269,803 1294,804 1319,804 1344,806 1370,807"/>
                <TextEquiv>
                    <Unicode>que llaman de dotacion, </Unicode>
                </TextEquiv>
            </TextLine>
            <TextLine id="r3l3" custom="readingOrder {index:2;}">
                <Coords points="944,857 969,856 994,856 1020,855 1045,855 1070,855 1096,854 1121,854 1146,854 1172,853 1197,853 1222,853 1248,853 1273,853 1298,854 1324,854 1349,855 1374,856 1400,856 1400,826 1374,826 1349,825 1324,824 1298,824 1273,823 1248,823 1222,823 1197,823 1172,823 1146,824 1121,824 1096,824 1070,825 1045,825 1020,825 994,826 969,826 944,827"/>
                <Baseline points="944,847 969,846 994,846 1020,845 1045,845 1070,845 1096,844 1121,844 1146,844 1172,843 1197,843 1222,843 1248,843 1273,843 1298,844 1324,844 1349,845 1374,846 1400,846"/>
                <TextEquiv>
                    <Unicode>que con mucha mas razon</Unicode>
                </TextEquiv>
            </TextLine>
            <TextLine id="r3l4" custom="readingOrder {index:3;}">
                <Coords points="944,896 969,896 995,895 1020,894 1046,894 1071,893 1097,893 1122,893 1148,893 1173,893 1199,893 1224,894 1250,894 1275,894 1301,894 1326,895 1352,895 1378,895 1378,865 1352,865 1326,865 1301,864 1275,864 1250,864 1224,864 1199,863 1173,863 1148,863 1122,863 1097,863 1071,863 1046,864 1020,864 995,865 969,866 944,866"/>
                <Baseline points="944,886 969,886 995,885 1020,884 1046,884 1071,883 1097,883 1122,883 1148,883 1173,883 1199,883 1224,884 1250,884 1275,884 1301,884 1326,885 1352,885 1378,885"/>
                <TextEquiv>
                    <Unicode>debieran llamar sin pan; </Unicode>
                </TextEquiv>
            </TextLine>
            <TextLine id="r3l5" custom="readingOrder {index:4;}">
                <Coords points="946,937 972,936 998,935 1024,935 1050,934 1076,934 1102,934 1128,934 1154,934 1180,934 1207,934 1233,934 1259,934 1285,934 1311,934 1337,934 1363,933 1389,933 1415,933 1441,933 1468,932 1468,902 1441,903 1415,903 1389,903 1363,903 1337,904 1311,904 1285,904 1259,904 1233,904 1207,904 1180,904 1154,904 1128,904 1102,904 1076,904 1050,904 1024,905 998,905 972,906 946,907"/>
                <Baseline points="946,927 972,926 998,925 1024,925 1050,924 1076,924 1102,924 1128,924 1154,924 1180,924 1207,924 1233,924 1259,924 1285,924 1311,924 1337,924 1363,923 1389,923 1415,923 1441,923 1468,922"/>
                <TextEquiv>
                    <Unicode>porque el sueldo que les dán</Unicode>
                </TextEquiv>
            </TextLine>
            <TextLine id="r3l6" custom="readingOrder {index:5;}">
                <Coords points="946,973 972,974 998,974 1024,973 1050,973 1077,973 1103,973 1129,973 1155,973 1182,973 1208,973 1234,973 1260,973 1287,973 1313,973 1339,973 1365,974 1392,975 1392,945 1365,944 1339,943 1313,943 1287,943 1260,943 1234,943 1208,943 1182,943 1155,943 1129,943 1103,943 1077,943 1050,943 1024,943 998,944 972,944 946,943"/>
                <Baseline points="946,963 972,964 998,964 1024,963 1050,963 1077,963 1103,963 1129,963 1155,963 1182,963 1208,963 1234,963 1260,963 1287,963 1313,963 1339,963 1365,964 1392,965"/>
                <TextEquiv>
                    <Unicode>es tan pequeño y tasado,</Unicode>
                </TextEquiv>
            </TextLine>
            <TextLine id="r3l7" custom="readingOrder {index:6;}">
                <Coords points="942,1014 967,1014 993,1014 1018,1013 1044,1013 1069,1013 1095,1012 1120,1012 1146,1012 1171,1012 1197,1011 1222,1011 1248,1011 1273,1011 1299,1011 1324,1011 1350,1012 1350,982 1324,981 1299,981 1273,981 1248,981 1222,981 1197,981 1171,982 1146,982 1120,982 1095,982 1069,983 1044,983 1018,983 993,984 967,984 942,984"/>
                <Baseline points="942,1004 967,1004 993,1004 1018,1003 1044,1003 1069,1003 1095,1002 1120,1002 1146,1002 1171,1002 1197,1001 1222,1001 1248,1001 1273,1001 1299,1001 1324,1001 1350,1002"/>
                <TextEquiv>
                    <Unicode>que renuncié fastidiado</Unicode>
                </TextEquiv>
            </TextLine>
            <TextLine id="r3l8" custom="readingOrder {index:7;}">
                <Coords points="939,1052 964,1052 989,1053 1014,1053 1039,1053 1064,1053 1089,1053 1114,1052 1139,1052 1164,1052 1189,1051 1214,1051 1239,1051 1264,1051 1289,1051 1314,1052 1339,1052 1364,1053 1390,1054 1390,1024 1364,1023 1339,1022 1314,1022 1289,1021 1264,1021 1239,1021 1214,1021 1189,1021 1164,1022 1139,1022 1114,1022 1089,1023 1064,1023 1039,1023 1014,1023 989,1023 964,1022 939,1022"/>
                <Baseline points="939,1042 964,1042 989,1043 1014,1043 1039,1043 1064,1043 1089,1043 1114,1042 1139,1042 1164,1042 1189,1041 1214,1041 1239,1041 1264,1041 1289,1041 1314,1042 1339,1042 1364,1043 1390,1044"/>
                <TextEquiv>
                    <Unicode>de hacer la distribucion;</Unicode>
                </TextEquiv>
            </TextLine>
            <TextLine id="r3l9" custom="readingOrder {index:8;}">
                <Coords points="941,1093 966,1093 991,1093 1017,1093 1042,1093 1068,1093 1093,1092 1119,1092 1144,1092 1170,1092 1195,1092 1221,1091 1246,1091 1272,1091 1297,1091 1323,1091 1348,1092 1374,1092 1374,1062 1348,1062 1323,1061 1297,1061 1272,1061 1246,1061 1221,1061 1195,1062 1170,1062 1144,1062 1119,1062 1093,1062 1068,1063 1042,1063 1017,1063 991,1063 966,1063 941,1063"/>
                <Baseline points="941,1083 966,1083 991,1083 1017,1083 1042,1083 1068,1083 1093,1082 1119,1082 1144,1082 1170,1082 1195,1082 1221,1081 1246,1081 1272,1081 1297,1081 1323,1081 1348,1082 1374,1082"/>
                <TextEquiv>
                    <Unicode>bastante pobre mi arcon</Unicode>
                </TextEquiv>
            </TextLine>
            <TextLine id="r3l10" custom="readingOrder {index:9;}">
                <Coords points="939,1135 964,1134 990,1134 1015,1133 1041,1132 1066,1132 1092,1131 1117,1131 1143,1131 1168,1130 1194,1130 1219,1130 1245,1130 1270,1130 1296,1131 1321,1131 1347,1131 1373,1132 1373,1102 1347,1101 1321,1101 1296,1101 1270,1100 1245,1100 1219,1100 1194,1100 1168,1100 1143,1101 1117,1101 1092,1101 1066,1102 1041,1102 1015,1103 990,1104 964,1104 939,1105"/>
                <Baseline points="939,1125 964,1124 990,1124 1015,1123 1041,1122 1066,1122 1092,1121 1117,1121 1143,1121 1168,1120 1194,1120 1219,1120 1245,1120 1270,1120 1296,1121 1321,1121 1347,1121 1373,1122"/>
                <TextEquiv>
                    <Unicode>y el caletre trastornado.</Unicode>
                </TextEquiv>
            </TextLine>
            <TextLine id="r3l11" custom="readingOrder {index:10;}">
                <Coords points="984,1173 1010,1173 1036,1172 1063,1171 1089,1171 1116,1170 1142,1170 1169,1170 1195,1170 1221,1169 1248,1170 1274,1170 1301,1170 1327,1171 1354,1172 1354,1142 1327,1141 1301,1140 1274,1140 1248,1140 1221,1139 1195,1140 1169,1140 1142,1140 1116,1140 1089,1141 1063,1141 1036,1142 1010,1143 984,1143"/>
                <Baseline points="984,1163 1010,1163 1036,1162 1063,1161 1089,1161 1116,1160 1142,1160 1169,1160 1195,1160 1221,1159 1248,1160 1274,1160 1301,1160 1327,1161 1354,1162"/>
                <TextEquiv>
                    <Unicode>Cansado ya de sufrir, </Unicode>
                </TextEquiv>
            </TextLine>
            <TextLine id="r3l12" custom="readingOrder {index:11;}">
                <Coords points="943,1212 968,1212 994,1212 1020,1212 1045,1211 1071,1211 1097,1210 1122,1210 1148,1209 1174,1209 1199,1209 1225,1208 1251,1209 1276,1209 1302,1210 1328,1212 1354,1214 1354,1184 1328,1182 1302,1180 1276,1179 1251,1179 1225,1178 1199,1179 1174,1179 1148,1179 1122,1180 1097,1180 1071,1181 1045,1181 1020,1182 994,1182 968,1182 943,1182"/>
                <Baseline points="943,1202 968,1202 994,1202 1020,1202 1045,1201 1071,1201 1097,1200 1122,1200 1148,1199 1174,1199 1199,1199 1225,1198 1251,1199 1276,1199 1302,1200 1328,1202 1354,1204"/>
                <TextEquiv>
                    <Unicode>tanto revés de fortuna, </Unicode>
                </TextEquiv>
            </TextLine>
            <TextLine id="r3l13" custom="readingOrder {index:12;}">
                <Coords points="948,1253 974,1252 1000,1252 1027,1251 1053,1251 1080,1250 1106,1250 1132,1250 1159,1249 1185,1249 1212,1249 1238,1249 1264,1249 1291,1250 1317,1251 1344,1252 1344,1222 1317,1221 1291,1220 1264,1219 1238,1219 1212,1219 1185,1219 1159,1219 1132,1220 1106,1220 1080,1220 1053,1221 1027,1221 1000,1222 974,1222 948,1223"/>
                <Baseline points="948,1243 974,1242 1000,1242 1027,1241 1053,1241 1080,1240 1106,1240 1132,1240 1159,1239 1185,1239 1212,1239 1238,1239 1264,1239 1291,1240 1317,1241 1344,1242"/>
                <TextEquiv>
                    <Unicode>sin esperanza ninguna, </Unicode>
                </TextEquiv>
            </TextLine>
            <TextLine id="r3l14" custom="readingOrder {index:13;}">
                <Coords points="943,1293 969,1293 995,1292 1021,1291 1048,1291 1074,1290 1100,1289 1126,1289 1153,1288 1179,1288 1205,1288 1231,1288 1258,1288 1284,1288 1310,1288 1337,1289 1337,1259 1310,1258 1284,1258 1258,1258 1231,1258 1205,1258 1179,1258 1153,1258 1126,1259 1100,1259 1074,1260 1048,1261 1021,1261 995,1262 969,1263 943,1263"/>
                <Baseline points="943,1283 969,1283 995,1282 1021,1281 1048,1281 1074,1280 1100,1279 1126,1279 1153,1278 1179,1278 1205,1278 1231,1278 1258,1278 1284,1278 1310,1278 1337,1279"/>
                <TextEquiv>
                    <Unicode>ni prosperar ni subir:</Unicode>
                </TextEquiv>
            </TextLine>
            <TextLine id="r3l15" custom="readingOrder {index:14;}">
                <Coords points="947,1334 972,1333 998,1332 1024,1331 1050,1330 1076,1329 1101,1329 1127,1328 1153,1328 1179,1327 1205,1327 1230,1327 1256,1327 1282,1327 1308,1327 1334,1327 1359,1327 1385,1328 1411,1328 1437,1328 1463,1328 1463,1298 1437,1298 1411,1298 1385,1298 1359,1297 1334,1297 1308,1297 1282,1297 1256,1297 1230,1297 1205,1297 1179,1297 1153,1298 1127,1298 1101,1299 1076,1299 1050,1300 1024,1301 998,1302 972,1303 947,1304"/>
                <Baseline points="947,1324 972,1323 998,1322 1024,1321 1050,1320 1076,1319 1101,1319 1127,1318 1153,1318 1179,1317 1205,1317 1230,1317 1256,1317 1282,1317 1308,1317 1334,1317 1359,1317 1385,1318 1411,1318 1437,1318 1463,1318"/>
                <TextEquiv>
                    <Unicode>próximo de hambre á morir, </Unicode>
                </TextEquiv>
            </TextLine>
            <TextLine id="r3l16" custom="readingOrder {index:15;}">
                <Coords points="955,1371 980,1370 1005,1370 1030,1370 1056,1370 1081,1369 1106,1369 1132,1368 1157,1368 1182,1368 1208,1368 1233,1367 1258,1367 1283,1367 1309,1367 1334,1367 1359,1367 1385,1367 1410,1368 1435,1368 1461,1368 1461,1338 1435,1338 1410,1338 1385,1337 1359,1337 1334,1337 1309,1337 1283,1337 1258,1337 1233,1337 1208,1338 1182,1338 1157,1338 1132,1338 1106,1339 1081,1339 1056,1340 1030,1340 1005,1340 980,1340 955,1341"/>
                <Baseline points="955,1361 980,1360 1005,1360 1030,1360 1056,1360 1081,1359 1106,1359 1132,1358 1157,1358 1182,1358 1208,1358 1233,1357 1258,1357 1283,1357 1309,1357 1334,1357 1359,1357 1385,1357 1410,1358 1435,1358 1461,1358"/>
                <TextEquiv>
                    <Unicode>mi chiquillo hecho un alano, </Unicode>
                </TextEquiv>
            </TextLine>
            <TextLine id="r3l17" custom="readingOrder {index:16;}">
                <Coords points="949,1411 974,1411 1000,1411 1025,1411 1051,1411 1076,1410 1102,1410 1127,1409 1153,1409 1178,1408 1204,1408 1229,1407 1255,1407 1280,1406 1306,1406 1331,1406 1357,1407 1382,1407 1408,1408 1433,1409 1459,1410 1459,1380 1433,1379 1408,1378 1382,1377 1357,1377 1331,1376 1306,1376 1280,1376 1255,1377 1229,1377 1204,1378 1178,1378 1153,1379 1127,1379 1102,1380 1076,1380 1051,1381 1025,1381 1000,1381 974,1381 949,1381"/>
                <Baseline points="949,1401 974,1401 1000,1401 1025,1401 1051,1401 1076,1400 1102,1400 1127,1399 1153,1399 1178,1398 1204,1398 1229,1397 1255,1397 1280,1396 1306,1396 1331,1396 1357,1397 1382,1397 1408,1398 1433,1399 1459,1400"/>
                <TextEquiv>
                    <Unicode>mi muger pidiendo en vano, </Unicode>
                </TextEquiv>
            </TextLine>
            <TextLine id="r3l18" custom="readingOrder {index:17;}">
                <Coords points="951,1451 976,1451 1001,1451 1026,1450 1052,1450 1077,1449 1102,1449 1128,1448 1153,1448 1178,1447 1204,1447 1229,1447 1254,1447 1280,1446 1305,1447 1330,1447 1356,1447 1356,1417 1330,1417 1305,1417 1280,1416 1254,1417 1229,1417 1204,1417 1178,1417 1153,1418 1128,1418 1102,1419 1077,1419 1052,1420 1026,1420 1001,1421 976,1421 951,1421"/>
                <Baseline points="951,1441 976,1441 1001,1441 1026,1440 1052,1440 1077,1439 1102,1439 1128,1438 1153,1438 1178,1437 1204,1437 1229,1437 1254,1437 1280,1436 1305,1437 1330,1437 1356,1437"/>
                <TextEquiv>
                    <Unicode>dije: no mas aguantar:</Unicode>
                </TextEquiv>
            </TextLine>
            <TextLine id="r3l19" custom="readingOrder {index:18;}">
                <Coords points="951,1491 977,1491 1003,1490 1029,1490 1055,1489 1081,1489 1108,1488 1134,1488 1160,1487 1186,1487 1212,1486 1238,1486 1265,1486 1291,1486 1317,1486 1343,1486 1369,1487 1396,1487 1396,1457 1369,1457 1343,1456 1317,1456 1291,1456 1265,1456 1238,1456 1212,1456 1186,1457 1160,1457 1134,1458 1108,1458 1081,1459 1055,1459 1029,1460 1003,1460 977,1461 951,1461"/>
                <Baseline points="951,1481 977,1481 1003,1480 1029,1480 1055,1479 1081,1479 1108,1478 1134,1478 1160,1477 1186,1477 1212,1476 1238,1476 1265,1476 1291,1476 1317,1476 1343,1476 1369,1477 1396,1477"/>
                <TextEquiv>
                    <Unicode>y con seis meses de mar</Unicode>
                </TextEquiv>
            </TextLine>
            <TextLine id="r3l20" custom="readingOrder {index:19;}">
                <Coords points="955,1530 980,1531 1006,1531 1032,1531 1057,1531 1083,1530 1109,1530 1134,1529 1160,1528 1186,1527 1212,1527 1237,1526 1263,1526 1289,1526 1314,1526 1340,1526 1366,1527 1392,1528 1392,1498 1366,1497 1340,1496 1314,1496 1289,1496 1263,1496 1237,1496 1212,1497 1186,1497 1160,1498 1134,1499 1109,1500 1083,1500 1057,1501 1032,1501 1006,1501 980,1501 955,1500"/>
                <Baseline points="955,1520 980,1521 1006,1521 1032,1521 1057,1521 1083,1520 1109,1520 1134,1519 1160,1518 1186,1517 1212,1517 1237,1516 1263,1516 1289,1516 1314,1516 1340,1516 1366,1517 1392,1518"/>
                <TextEquiv>
                    <Unicode>aqui me tienes hermano. </Unicode>
                </TextEquiv>
            </TextLine>
            <TextEquiv>
                <Unicode>Hiciéronme capitan, 
que llaman de dotacion, 
que con mucha mas razon
debieran llamar sin pan; 
porque el sueldo que les dán
es tan pequeño y tasado,
que renuncié fastidiado
de hacer la distribucion;
bastante pobre mi arcon
y el caletre trastornado.
Cansado ya de sufrir, 
tanto revés de fortuna, 
sin esperanza ninguna, 
ni prosperar ni subir:
próximo de hambre á morir, 
mi chiquillo hecho un alano, 
mi muger pidiendo en vano, 
dije: no mas aguantar:
y con seis meses de mar
aqui me tienes hermano. </Unicode>
            </TextEquiv>
        </TextRegion>
        <TextRegion orientation="0.0" type="paragraph" id="r4" custom="readingOrder {index:3;} structure {type:paragraph;}">
            <Coords points="625,1567 1262,1567 1262,1635 625,1635"/>
            <TextLine id="r4l1" custom="readingOrder {index:0;}">
                <Coords points="599,1688 756,1672 783,1671 810,1670 838,1669 865,1669 892,1668 920,1667 947,1667 974,1667 1002,1666 1029,1666 1056,1666 1084,1666 1111,1665 1138,1665 1166,1665 1193,1665 1220,1666 1248,1666 1248,1516 1220,1516 1193,1515 1166,1515 1138,1515 1111,1515 1084,1516 1056,1516 1029,1516 1002,1516 974,1517 947,1517 920,1517 892,1518 865,1519 838,1519 810,1520 783,1521 756,1522 599,1538"/>
                <Baseline points="729,1622 756,1622 783,1621 810,1620 838,1619 865,1619 892,1618 920,1617 947,1617 974,1617 1002,1616 1029,1616 1056,1616 1084,1616 1111,1615 1138,1615 1166,1615 1193,1615 1220,1616 1248,1616"/>
                <TextEquiv>
                    <Unicode>TROVO.</Unicode>
                </TextEquiv>
            </TextLine>
            <TextEquiv>
                <Unicode>TROVO.</Unicode>
            </TextEquiv>
        </TextRegion>
        <TextRegion orientation="0.0" type="paragraph" id="r5" custom="readingOrder {index:4;}">
            <Coords points="685,1668 1180,1668 1180,1846 685,1846"/>
            <TextLine id="r5l1" custom="readingOrder {index:0;}">
                <Coords points="718,1718 743,1717 768,1717 793,1717 819,1716 844,1716 869,1716 894,1716 920,1716 945,1715 970,1715 996,1715 1021,1715 1046,1715 1071,1715 1097,1715 1122,1715 1147,1715 1173,1715 1173,1685 1147,1685 1122,1685 1097,1685 1071,1685 1046,1685 1021,1685 996,1685 970,1685 945,1685 920,1686 894,1686 869,1686 844,1686 819,1686 793,1687 768,1687 743,1687 718,1688"/>
                <Baseline points="718,1708 743,1707 768,1707 793,1707 819,1706 844,1706 869,1706 894,1706 920,1706 945,1705 970,1705 996,1705 1021,1705 1046,1705 1071,1705 1097,1705 1122,1705 1147,1705 1173,1705"/>
                <TextEquiv>
                    <Unicode>El fuego á ninguno quema, </Unicode>
                </TextEquiv>
            </TextLine>
            <TextLine id="r5l2" custom="readingOrder {index:1;}">
                <Coords points="690,1759 716,1759 742,1758 768,1758 795,1757 821,1757 847,1756 873,1756 900,1755 926,1755 952,1755 978,1755 1005,1755 1031,1755 1057,1756 1083,1756 1110,1757 1110,1727 1083,1726 1057,1726 1031,1725 1005,1725 978,1725 952,1725 926,1725 900,1725 873,1726 847,1726 821,1727 795,1727 768,1728 742,1728 716,1729 690,1729"/>
                <Baseline points="690,1749 716,1749 742,1748 768,1748 795,1747 821,1747 847,1746 873,1746 900,1745 926,1745 952,1745 978,1745 1005,1745 1031,1745 1057,1746 1083,1746 1110,1747"/>
                <TextEquiv>
                    <Unicode>el agua á ninguno moja, </Unicode>
                </TextEquiv>
            </TextLine>
            <TextLine id="r5l3" custom="readingOrder {index:2;}">
                <Coords points="691,1799 716,1798 741,1798 767,1797 792,1797 817,1797 843,1796 868,1796 893,1795 919,1795 944,1795 969,1794 995,1794 1020,1794 1045,1794 1071,1794 1096,1794 1121,1794 1147,1794 1147,1764 1121,1764 1096,1764 1071,1764 1045,1764 1020,1764 995,1764 969,1764 944,1765 919,1765 893,1765 868,1766 843,1766 817,1767 792,1767 767,1767 741,1768 716,1768 691,1769"/>
                <Baseline points="691,1789 716,1788 741,1788 767,1787 792,1787 817,1787 843,1786 868,1786 893,1785 919,1785 944,1785 969,1784 995,1784 1020,1784 1045,1784 1071,1784 1096,1784 1121,1784 1147,1784"/>
                <TextEquiv>
                    <Unicode>el vino á nadie en borracha, </Unicode>
                </TextEquiv>
            </TextLine>
            <TextLine id="r5l4" custom="readingOrder {index:3;}">
                <Coords points="692,1840 717,1839 742,1839 767,1838 792,1838 817,1837 842,1837 868,1836 893,1836 918,1836 943,1836 968,1836 993,1836 1018,1835 1044,1836 1044,1806 1018,1805 993,1806 968,1806 943,1806 918,1806 893,1806 868,1806 842,1807 817,1807 792,1808 767,1808 742,1809 717,1809 692,1810"/>
                <Baseline points="692,1830 717,1829 742,1829 767,1828 792,1828 817,1827 842,1827 868,1826 893,1826 918,1826 943,1826 968,1826 993,1826 1018,1825 1044,1826"/>
                <TextEquiv>
                    <Unicode>ninguna navaja corta.</Unicode>
                </TextEquiv>
            </TextLine>
            <TextEquiv>
                <Unicode>El fuego á ninguno quema, 
el agua á ninguno moja, 
el vino á nadie en borracha, 
ninguna navaja corta.</Unicode>
            </TextEquiv>
        </TextRegion>
        <TextRegion orientation="0.0" type="paragraph" id="r6" custom="readingOrder {index:5;}">
            <Coords points="232,1884 805,1884 805,2303 232,2303"/>
            <TextLine id="r6l1" custom="readingOrder {index:0;}">
                <Coords points="280,1936 305,1935 331,1935 356,1935 382,1935 407,1934 433,1934 458,1933 484,1933 509,1932 535,1932 560,1932 586,1931 611,1931 637,1931 662,1931 688,1930 713,1930 739,1931 739,1901 713,1900 688,1900 662,1901 637,1901 611,1901 586,1901 560,1902 535,1902 509,1902 484,1903 458,1903 433,1904 407,1904 382,1905 356,1905 331,1905 305,1905 280,1906"/>
                <Baseline points="280,1926 305,1925 331,1925 356,1925 382,1925 407,1924 433,1924 458,1923 484,1923 509,1922 535,1922 560,1922 586,1921 611,1921 637,1921 662,1921 688,1920 713,1920 739,1921"/>
                <TextEquiv>
                    <Unicode>Ninguno vaya á la guerra</Unicode>
                </TextEquiv>
            </TextLine>
            <TextLine id="r6l2" custom="readingOrder {index:1;}">
                <Coords points="234,1978 259,1978 284,1977 309,1977 334,1976 359,1976 384,1975 409,1974 434,1974 460,1973 485,1972 510,1972 535,1971 560,1971 585,1971 610,1970 635,1970 661,1971 661,1941 635,1940 610,1940 585,1941 560,1941 535,1941 510,1942 485,1942 460,1943 434,1944 409,1944 384,1945 359,1946 334,1946 309,1947 284,1947 259,1948 234,1948"/>
                <Baseline points="234,1968 259,1968 284,1967 309,1967 334,1966 359,1966 384,1965 409,1964 434,1964 460,1963 485,1962 510,1962 535,1961 560,1961 585,1961 610,1960 635,1960 661,1961"/>
                <TextEquiv>
                    <Unicode>sin mandarlo el coronel, </Unicode>
                </TextEquiv>
            </TextLine>
            <TextLine id="r6l3" custom="readingOrder {index:2;}">
                <Coords points="245,2018 271,2018 297,2017 323,2016 349,2015 375,2014 401,2013 427,2012 454,2012 480,2011 506,2011 532,2010 558,2010 584,2011 610,2012 637,2012 637,1982 610,1982 584,1981 558,1980 532,1980 506,1981 480,1981 454,1982 427,1982 401,1983 375,1984 349,1985 323,1986 297,1987 271,1988 245,1988"/>
                <Baseline points="245,2008 271,2008 297,2007 323,2006 349,2005 375,2004 401,2003 427,2002 454,2002 480,2001 506,2001 532,2000 558,2000 584,2001 610,2002 637,2002"/>
                <TextEquiv>
                    <Unicode>y siga bien el sistema, </Unicode>
                </TextEquiv>
            </TextLine>
            <TextLine id="r6l4" custom="readingOrder {index:3;}">
                <Coords points="241,2057 266,2057 291,2057 316,2056 341,2056 366,2055 391,2054 416,2054 441,2053 466,2052 492,2051 517,2051 542,2050 567,2050 592,2049 617,2049 642,2049 667,2049 692,2049 717,2050 743,2050 743,2020 717,2020 692,2019 667,2019 642,2019 617,2019 592,2019 567,2020 542,2020 517,2021 492,2021 466,2022 441,2023 416,2024 391,2024 366,2025 341,2026 316,2026 291,2027 266,2027 241,2027"/>
                <Baseline points="241,2047 266,2047 291,2047 316,2046 341,2046 366,2045 391,2044 416,2044 441,2043 466,2042 492,2041 517,2041 542,2040 567,2040 592,2039 617,2039 642,2039 667,2039 692,2039 717,2040 743,2040"/>
                <TextEquiv>
                    <Unicode>que no aproximándose á él,</Unicode>
                </TextEquiv>
            </TextLine>
            <TextLine id="r6l5" custom="readingOrder {index:4;}">
                <Coords points="244,2097 269,2097 295,2096 320,2096 346,2095 371,2094 397,2093 422,2093 448,2092 473,2092 499,2091 524,2091 550,2090 575,2090 601,2089 626,2089 652,2089 677,2088 703,2088 729,2088 729,2058 703,2058 677,2058 652,2059 626,2059 601,2059 575,2060 550,2060 524,2061 499,2061 473,2062 448,2062 422,2063 397,2063 371,2064 346,2065 320,2066 295,2066 269,2067 244,2067"/>
                <Baseline points="244,2087 269,2087 295,2086 320,2086 346,2085 371,2084 397,2083 422,2083 448,2082 473,2082 499,2081 524,2081 550,2080 575,2080 601,2079 626,2079 652,2079 677,2078 703,2078 729,2078"/>
                <TextEquiv>
                    <Unicode>el fuego á ninguno quema.</Unicode>
                </TextEquiv>
            </TextLine>
            <TextLine id="r6l6" custom="readingOrder {index:5;}">
                <Coords points="281,2134 306,2135 331,2134 356,2134 381,2134 406,2133 431,2132 456,2131 481,2131 506,2130 531,2129 556,2129 581,2128 606,2128 631,2128 656,2128 681,2128 706,2128 731,2129 757,2130 757,2100 731,2099 706,2098 681,2098 656,2098 631,2098 606,2098 581,2098 556,2099 531,2099 506,2100 481,2101 456,2101 431,2102 406,2103 381,2104 356,2104 331,2104 306,2105 281,2104"/>
                <Baseline points="281,2124 306,2125 331,2124 356,2124 381,2124 406,2123 431,2122 456,2121 481,2121 506,2120 531,2119 556,2119 581,2118 606,2118 631,2118 656,2118 681,2118 706,2118 731,2119 757,2120"/>
                <TextEquiv>
                    <Unicode>Cuando llueve se acongoja </Unicode>
                </TextEquiv>
            </TextLine>
            <TextLine id="r6l7" custom="readingOrder {index:6;}">
                <Coords points="244,2176 269,2176 295,2176 321,2175 347,2175 373,2174 399,2173 425,2172 451,2172 477,2171 503,2170 529,2169 555,2168 581,2168 607,2167 633,2167 659,2167 685,2168 711,2169 711,2139 685,2138 659,2137 633,2137 607,2137 581,2138 555,2138 529,2139 503,2140 477,2141 451,2142 425,2142 399,2143 373,2144 347,2145 321,2145 295,2146 269,2146 244,2146"/>
                <Baseline points="244,2166 269,2166 295,2166 321,2165 347,2165 373,2164 399,2163 425,2162 451,2162 477,2161 503,2160 529,2159 555,2158 581,2158 607,2157 633,2157 659,2157 685,2158 711,2159"/>
                <TextEquiv>
                    <Unicode>si le pilla en un desierto:</Unicode>
                </TextEquiv>
            </TextLine>
            <TextLine id="r6l8" custom="readingOrder {index:7;}">
                <Coords points="240,2216 269,2216 298,2215 328,2215 357,2214 387,2213 416,2213 445,2212 475,2211 504,2210 534,2209 563,2208 593,2208 622,2207 651,2207 681,2207 710,2207 740,2208 769,2208 799,2209 799,2179 769,2178 740,2178 710,2177 681,2177 651,2177 622,2177 593,2178 563,2178 534,2179 504,2180 475,2181 445,2182 416,2183 387,2183 357,2184 328,2185 298,2185 269,2186 240,2186"/>
                <Baseline points="240,2206 269,2206 298,2205 328,2205 357,2204 387,2203 416,2203 445,2202 475,2201 504,2200 534,2199 563,2198 593,2198 622,2197 651,2197 681,2197 710,2197 740,2198 769,2198 799,2199"/>
                <TextEquiv>
                    <Unicode>no penseis qne esto es lisonja, </Unicode>
                </TextEquiv>
            </TextLine>
            <TextLine id="r6l9" custom="readingOrder {index:8;}">
                <Coords points="247,2255 273,2255 299,2255 326,2254 352,2253 378,2253 405,2252 431,2251 458,2251 484,2250 510,2249 537,2249 563,2248 589,2248 616,2248 642,2248 669,2249 669,2219 642,2218 616,2218 589,2218 563,2218 537,2219 510,2219 484,2220 458,2221 431,2221 405,2222 378,2223 352,2223 326,2224 299,2225 273,2225 247,2225"/>
                <Baseline points="247,2245 273,2245 299,2245 326,2244 352,2243 378,2243 405,2242 431,2241 458,2241 484,2240 510,2239 537,2239 563,2238 589,2238 616,2238 642,2238 669,2239"/>
                <TextEquiv>
                    <Unicode>estando bien á cubierto,</Unicode>
                </TextEquiv>
            </TextLine>
            <TextLine id="r6l10" custom="readingOrder {index:9;}">
                <Coords points="248,2296 273,2296 299,2296 325,2295 351,2295 377,2294 402,2293 428,2292 454,2292 480,2291 506,2290 532,2289 557,2288 583,2288 609,2287 635,2287 661,2288 687,2288 687,2258 661,2258 635,2257 609,2257 583,2258 557,2258 532,2259 506,2260 480,2261 454,2262 428,2262 402,2263 377,2264 351,2265 325,2265 299,2266 273,2266 248,2266"/>
                <Baseline points="248,2286 273,2286 299,2286 325,2285 351,2285 377,2284 402,2283 428,2282 454,2282 480,2281 506,2280 532,2279 557,2278 583,2278 609,2277 635,2277 661,2278 687,2278"/>
                <TextEquiv>
                    <Unicode>el agua á ninguno moja.</Unicode>
                </TextEquiv>
            </TextLine>
            <TextEquiv>
                <Unicode>Ninguno vaya á la guerra
sin mandarlo el coronel, 
y siga bien el sistema, 
que no aproximándose á él,
el fuego á ninguno quema.
Cuando llueve se acongoja 
si le pilla en un desierto:
no penseis qne esto es lisonja, 
estando bien á cubierto,
el agua á ninguno moja.</Unicode>
            </TextEquiv>
        </TextRegion>
        <TextRegion orientation="0.0" type="paragraph" id="r7" custom="readingOrder {index:6;}">
            <Coords points="961,1870 1612,1870 1612,2288 961,2288"/>
            <TextLine id="r7l1" custom="readingOrder {index:0;}">
                <Coords points="1013,1921 1039,1921 1066,1921 1093,1921 1120,1920 1147,1920 1174,1920 1200,1919 1227,1919 1254,1919 1281,1918 1308,1918 1335,1918 1362,1917 1388,1917 1415,1917 1442,1917 1469,1917 1496,1917 1523,1917 1550,1917 1550,1887 1523,1887 1496,1887 1469,1887 1442,1887 1415,1887 1388,1887 1362,1887 1335,1888 1308,1888 1281,1888 1254,1889 1227,1889 1200,1889 1174,1890 1147,1890 1120,1890 1093,1891 1066,1891 1039,1891 1013,1891"/>
                <Baseline points="1013,1911 1039,1911 1066,1911 1093,1911 1120,1910 1147,1910 1174,1910 1200,1909 1227,1909 1254,1909 1281,1908 1308,1908 1335,1908 1362,1907 1388,1907 1415,1907 1442,1907 1469,1907 1496,1907 1523,1907 1550,1907"/>
                <TextEquiv>
                    <Unicode>Vicios que al hombre achacan, </Unicode>
                </TextEquiv>
            </TextLine>
            <TextLine id="r7l2" custom="readingOrder {index:1;}">
                <Coords points="971,1967 996,1965 1021,1964 1046,1962 1071,1961 1096,1960 1121,1959 1146,1959 1171,1958 1196,1958 1222,1958 1247,1958 1272,1958 1297,1958 1322,1958 1347,1958 1372,1957 1397,1957 1422,1957 1447,1957 1473,1957 1473,1927 1447,1927 1422,1927 1397,1927 1372,1927 1347,1928 1322,1928 1297,1928 1272,1928 1247,1928 1222,1928 1196,1928 1171,1928 1146,1929 1121,1929 1096,1930 1071,1931 1046,1932 1021,1934 996,1935 971,1937"/>
                <Baseline points="971,1957 996,1955 1021,1954 1046,1952 1071,1951 1096,1950 1121,1949 1146,1949 1171,1948 1196,1948 1222,1948 1247,1948 1272,1948 1297,1948 1322,1948 1347,1948 1372,1947 1397,1947 1422,1947 1447,1947 1473,1947"/>
                <TextEquiv>
                    <Unicode>y otros de verle se alegran;</Unicode>
                </TextEquiv>
            </TextLine>
            <TextLine id="r7l3" custom="readingOrder {index:2;}">
                <Coords points="963,2002 988,2002 1014,2002 1040,2001 1066,2001 1092,2001 1118,2000 1143,2000 1169,1999 1195,1998 1221,1998 1247,1997 1273,1997 1298,1996 1324,1996 1350,1996 1376,1996 1402,1996 1428,1996 1454,1997 1454,1967 1428,1966 1402,1966 1376,1966 1350,1966 1324,1966 1298,1966 1273,1967 1247,1967 1221,1968 1195,1968 1169,1969 1143,1970 1118,1970 1092,1971 1066,1971 1040,1971 1014,1972 988,1972 963,1972"/>
                <Baseline points="963,1992 988,1992 1014,1992 1040,1991 1066,1991 1092,1991 1118,1990 1143,1990 1169,1989 1195,1988 1221,1988 1247,1987 1273,1987 1298,1986 1324,1986 1350,1986 1376,1986 1402,1986 1428,1986 1454,1987"/>
                <TextEquiv>
                    <Unicode>pues que poniendole tacha </Unicode>
                </TextEquiv>
            </TextLine>
            <TextLine id="r7l4" custom="readingOrder {index:3;}">
                <Coords points="966,2043 991,2043 1017,2042 1043,2042 1068,2041 1094,2040 1120,2040 1145,2039 1171,2038 1197,2038 1222,2038 1248,2037 1274,2037 1299,2037 1325,2037 1351,2037 1377,2038 1377,2008 1351,2007 1325,2007 1299,2007 1274,2007 1248,2007 1222,2008 1197,2008 1171,2008 1145,2009 1120,2010 1094,2010 1068,2011 1043,2012 1017,2012 991,2013 966,2013"/>
                <Baseline points="966,2033 991,2033 1017,2032 1043,2032 1068,2031 1094,2030 1120,2030 1145,2029 1171,2028 1197,2028 1222,2028 1248,2027 1274,2027 1299,2027 1325,2027 1351,2027 1377,2028"/>
                <TextEquiv>
                    <Unicode>y bebiendolo con regla, </Unicode>
                </TextEquiv>
            </TextLine>
            <TextLine id="r7l5" custom="readingOrder {index:4;}">
                <Coords points="971,2083 996,2082 1022,2082 1047,2081 1073,2081 1099,2080 1124,2080 1150,2079 1176,2078 1201,2078 1227,2077 1253,2077 1278,2076 1304,2076 1330,2076 1355,2075 1381,2075 1407,2075 1432,2075 1458,2076 1484,2076 1484,2046 1458,2046 1432,2045 1407,2045 1381,2045 1355,2045 1330,2046 1304,2046 1278,2046 1253,2047 1227,2047 1201,2048 1176,2048 1150,2049 1124,2050 1099,2050 1073,2051 1047,2051 1022,2052 996,2052 971,2053"/>
                <Baseline points="971,2073 996,2072 1022,2072 1047,2071 1073,2071 1099,2070 1124,2070 1150,2069 1176,2068 1201,2068 1227,2067 1253,2067 1278,2066 1304,2066 1330,2066 1355,2065 1381,2065 1407,2065 1432,2065 1458,2066 1484,2066"/>
                <TextEquiv>
                    <Unicode>el vino á nadie emborracha.</Unicode>
                </TextEquiv>
            </TextLine>
            <TextLine id="r7l6" custom="readingOrder {index:5;}">
                <Coords points="1008,2124 1037,2122 1067,2121 1097,2120 1127,2119 1156,2118 1186,2118 1216,2117 1246,2117 1275,2117 1305,2116 1335,2116 1365,2116 1394,2116 1424,2115 1454,2115 1484,2115 1513,2114 1543,2114 1573,2113 1603,2112 1603,2082 1573,2083 1543,2084 1513,2084 1484,2085 1454,2085 1424,2085 1394,2086 1365,2086 1335,2086 1305,2086 1275,2087 1246,2087 1216,2087 1186,2088 1156,2088 1127,2089 1097,2090 1067,2091 1037,2092 1008,2094"/>
                <Baseline points="1008,2114 1037,2112 1067,2111 1097,2110 1127,2109 1156,2108 1186,2108 1216,2107 1246,2107 1275,2107 1305,2106 1335,2106 1365,2106 1394,2106 1424,2105 1454,2105 1484,2105 1513,2104 1543,2104 1573,2103 1603,2102"/>
                <TextEquiv>
                    <Unicode>Que un hombre grite no importa, </Unicode>
                </TextEquiv>
            </TextLine>
            <TextLine id="r7l7" custom="readingOrder {index:6;}">
                <Coords points="970,2162 995,2161 1021,2161 1047,2160 1072,2160 1098,2159 1124,2158 1150,2158 1175,2157 1201,2157 1227,2156 1253,2156 1278,2156 1304,2155 1330,2155 1356,2155 1381,2155 1407,2155 1433,2156 1459,2156 1459,2126 1433,2126 1407,2125 1381,2125 1356,2125 1330,2125 1304,2125 1278,2126 1253,2126 1227,2126 1201,2127 1175,2127 1150,2128 1124,2128 1098,2129 1072,2130 1047,2130 1021,2131 995,2131 970,2132"/>
                <Baseline points="970,2152 995,2151 1021,2151 1047,2150 1072,2150 1098,2149 1124,2148 1150,2148 1175,2147 1201,2147 1227,2146 1253,2146 1278,2146 1304,2145 1330,2145 1356,2145 1381,2145 1407,2145 1433,2146 1459,2146"/>
                <TextEquiv>
                    <Unicode>y menos de que se enfade;</Unicode>
                </TextEquiv>
            </TextLine>
            <TextLine id="r7l8" custom="readingOrder {index:7;}">
                <Coords points="967,2201 992,2201 1018,2201 1044,2201 1070,2200 1096,2199 1122,2199 1148,2198 1174,2197 1200,2196 1226,2196 1252,2195 1278,2195 1304,2195 1330,2195 1356,2196 1382,2197 1408,2198 1408,2168 1382,2167 1356,2166 1330,2165 1304,2165 1278,2165 1252,2165 1226,2166 1200,2166 1174,2167 1148,2168 1122,2169 1096,2169 1070,2170 1044,2171 1018,2171 992,2171 967,2171"/>
                <Baseline points="967,2191 992,2191 1018,2191 1044,2191 1070,2190 1096,2189 1122,2189 1148,2188 1174,2187 1200,2186 1226,2186 1252,2185 1278,2185 1304,2185 1330,2185 1356,2186 1382,2187 1408,2188"/>
                <TextEquiv>
                    <Unicode>hagan la defensa pronta, </Unicode>
                </TextEquiv>
            </TextLine>
            <TextLine id="r7l9" custom="readingOrder {index:8;}">
                <Coords points="972,2243 998,2242 1024,2240 1050,2240 1077,2239 1103,2238 1129,2238 1155,2237 1182,2237 1208,2236 1234,2236 1260,2236 1287,2235 1313,2235 1339,2235 1365,2235 1392,2235 1418,2234 1444,2234 1470,2233 1497,2233 1497,2203 1470,2203 1444,2204 1418,2204 1392,2205 1365,2205 1339,2205 1313,2205 1287,2205 1260,2206 1234,2206 1208,2206 1182,2207 1155,2207 1129,2208 1103,2208 1077,2209 1050,2210 1024,2210 998,2212 972,2213"/>
                <Baseline points="972,2233 998,2232 1024,2230 1050,2230 1077,2229 1103,2228 1129,2228 1155,2227 1182,2227 1208,2226 1234,2226 1260,2226 1287,2225 1313,2225 1339,2225 1365,2225 1392,2225 1418,2224 1444,2224 1470,2223 1497,2223"/>
                <TextEquiv>
                    <Unicode>que en la mano de un cobarde</Unicode>
                </TextEquiv>
            </TextLine>
            <TextLine id="r7l10" custom="readingOrder {index:9;}">
                <Coords points="963,2281 988,2281 1014,2281 1040,2281 1066,2280 1092,2280 1118,2279 1144,2278 1169,2278 1195,2277 1221,2276 1247,2276 1273,2276 1299,2276 1325,2276 1351,2277 1351,2247 1325,2246 1299,2246 1273,2246 1247,2246 1221,2246 1195,2247 1169,2248 1144,2248 1118,2249 1092,2250 1066,2250 1040,2251 1014,2251 988,2251 963,2251"/>
                <Baseline points="963,2271 988,2271 1014,2271 1040,2271 1066,2270 1092,2270 1118,2269 1144,2268 1169,2268 1195,2267 1221,2266 1247,2266 1273,2266 1299,2266 1325,2266 1351,2267"/>
                <TextEquiv>
                    <Unicode>ninguna navaja corta.</Unicode>
                </TextEquiv>
            </TextLine>
            <TextEquiv>
                <Unicode>Vicios que al hombre achacan, 
y otros de verle se alegran;
pues que poniendole tacha 
y bebiendolo con regla, 
el vino á nadie emborracha.
Que un hombre grite no importa, 
y menos de que se enfade;
hagan la defensa pronta, 
que en la mano de un cobarde
ninguna navaja corta.</Unicode>
            </TextEquiv>
        </TextRegion>
        <TextRegion orientation="0.0" type="paragraph" id="r8" custom="readingOrder {index:7;}">
            <Coords points="310,2314 1608,2314 1608,2395 310,2395"/>
            <TextLine id="r8l1" custom="readingOrder {index:0;}">
                <Coords points="313,2430 377,2428 442,2427 506,2426 571,2424 635,2423 700,2422 764,2421 829,2420 893,2419 958,2418 1022,2417 1087,2416 1151,2415 1216,2414 1280,2412 1345,2411 1409,2410 1474,2409 1538,2407 1603,2405 1603,2255 1538,2257 1474,2259 1409,2260 1345,2261 1280,2262 1216,2264 1151,2265 1087,2266 1022,2267 958,2268 893,2269 829,2270 764,2271 700,2272 635,2273 571,2274 506,2276 442,2277 377,2278 313,2280"/>
                <Baseline points="313,2380 377,2378 442,2377 506,2376 571,2374 635,2373 700,2372 764,2371 829,2370 893,2369 958,2368 1022,2367 1087,2366 1151,2365 1216,2364 1280,2362 1345,2361 1409,2360 1474,2359 1538,2357 1603,2355"/>
                <TextEquiv>
                    <Unicode>CARMONA:—Imprenta de D. J. M. Moreno, Descalzas núm 1.</Unicode>
                </TextEquiv>
            </TextLine>
            <TextEquiv>
                <Unicode>CARMONA:—Imprenta de D. J. M. Moreno, Descalzas núm 1.</Unicode>
            </TextEquiv>
        </TextRegion>
    </Page>
</PcGts>
