1765 2512
224 328 804 390 el desprecio, ha hecho antrega
222 377 639 437 de su censual apetito
217 420 651 468 hacerle toda la ofensa
215 462 681 520 posible por deshonrarlo,
218 512 768 567 y está entregada á torpezas.
218 556 698 606 Nada le respondió Alejo,
220 600 804 652 que á sus labios sellos les echa
213 634 663 697 con el silencio. Y aqui
211 688 742 739 suspende humilde el poéta
218 725 689 776 Alfonso Lucas del Olmo
211 770 657 825 aquesta parte primera.
365 936 744 1004 SEGUNDA PARTE.
260 1023 833 1091 Viendo el demonio que Alejo
215 1077 641 1126 no le respondia cosa,
215 1119 688 1177 y que todas su mentiras
213 1166 764 1217 frustradas fueron y ociosas,
221 1208 709 1268 se despidió con presteza,
216 1250 687 1313 caminando con anciosas
222 1291 653 1354 veras, y mas adelante
210 1345 692 1393 le salió ya de otra forma.
218 1384 615 1440 Saludándose los dos,
216 1428 724 1482 platicando en varias cosas,
213 1469 606 1529 y por último le dijo
219 1514 663 1560 como venía de Roma.
223 1556 697 1609 Contó todo cuanto pasa,
219 1601 713 1656 como Sabina, su esposa,
214 1644 689 1697 no solo le hace traicion
218 1694 710 1746 permitiendo su deshonra,
210 1739 813 1785 sino tambien premia á aquellos
220 1774 823 1836 que aceptan su accion traidora;
218 1820 740 1880 y á mi tambien me premió
218 1863 717 1917 con esta sortija hermosa;
221 1907 719 1965 vesla aquí. Cuando la vió,
213 1946 638 2005 turbóle la vista toda;
223 1990 721 2055 cayó en tierra conociendo
218 2038 719 2091 la sortija, que era propia,
214 2080 755 2140 clamando al cielo, mas Dios
225 2124 617 2177 usó de misericordia,
211 2168 731 2226 enviándole luego un angel
214 2211 726 2266 que en su pena le conforta.
230 2256 704 2322 Quísose el demonio huir;
942 322 1482 389 pero el ángel se lo estorba:
938 370 1424 431 entonces le dijo el ángel;
935 417 1425 473 sé firme como una roca,
936 460 1341 518 acaba lo comenzado.
935 506 1433 562 Alejo, que esta horrorosa
943 548 1565 608 sierpe que te habla, es el diablo,
939 595 1439 652 que con astucia engañosa
945 632 1413 695 la ha quitado la sortija,
938 680 1334 736 á tu virtuosa esposa:
932 718 1479 774 ella es Santa y está Viírgen,
939 774 1485 819 aunque en su llanto penosa:
940 808 1535 867 vé prosiguiendo en tu intento,
932 853 1460 912 y en Dios tu esperanza toda
935 902 1399 955 has de poner y despues
946 940 1417 1000 volverás á ver tu esposa:
940 984 1404 1043 yo soy ángel del Señor
938 1031 1497 1083 que me envia en esta forma.
940 1068 1393 1124 Desaparecióse el ángel,
943 1120 1512 1168 el demonio fué á las sombras
937 1161 1439 1219 infernales; luego el santo
939 1207 1476 1260 lleno de fé el alma anciosa,
947 1248 1359 1309 alzó los ojos al cielo,
943 1290 1520 1342 dá à Dios las gracias, y á toda
946 1333 1345 1393 priesa hizo su viage
939 1379 1469 1438 al santo Sepulcro, y postra
947 1424 1529 1473 su cuerpo y cara en la tierra
935 1467 1417 1526 con humildad generosa,
937 1507 1493 1563 diciendo con muchas veras,
946 1556 1381 1603 todo lleno de congoja.
941 1595 1371 1658 Señor mio Jesucristo,
935 1636 1507 1703 mi bien que el alma atesora,
943 1695 1447 1745 yo no soy digno de entrar,
942 1729 1496 1784 Señor, porque me lo estorva
935 1772 1508 1825 ser quien soy, en el Sepulcro
939 1818 1461 1873 santo, hasta que reconozca
938 1866 1440 1919 tu voluntad, y allí estuvo
935 1906 1430 1957 muchos dias de la forma
936 1954 1453 2007 que se ha dicho tolerando
935 1994 1483 2040 hambres, frios y deshonras:
948 2034 1431 2095 Cumpliéronse siete años,
946 2077 1435 2131 que en oracion fervorosa
943 2124 1435 2183 se mantuvo, cuando oyó
947 2169 1476 2227 una voz de aquesta forma:
940 2216 1511 2264 siervo de Dios, ya eres digno
936 2264 1430 2322 por merecerlo tus obras,
