1765 2512
263 307 309 371 2
216 345 677 416 muy temerosos de Dios,
220 396 674 460 repartiendo su riqueza
225 439 720 497 en pobres, y para el culto
220 477 787 545 de Dios en templos é iglesias,
224 530 672 588 hospedando peregrinos
224 572 722 627 eon caridad muy perfecta.
229 620 708 669 Eran cercanos parientes,
227 660 750 724 pues la propia sangre régia
228 705 685 763 del Emperador Honorio
229 743 704 801 les viene por línea recta.
232 789 694 840 Tenian, pues, su palacio
230 833 803 889 con muchas torres y almenas,
223 878 698 943 gran número de criados,
237 922 725 985 de dueñas y de doncellas,
231 968 686 1027 las salas todas colgadas
228 1010 708 1063 de mil géneros de sedas;
233 1052 734 1108 y en fin, era el fausto todo
228 1097 724 1159 como de persona escelsa.
237 1138 672 1197 Estos clamaban á Dios
238 1182 686 1247 con ásperas penitencias
237 1228 676 1289 y con austeros ayunos,
230 1274 751 1332 pidiendo con grandes veras
246 1313 747 1376 que les concediera un hijo,
245 1363 758 1417 para ser su paz mas quieta.
242 1402 690 1463 Vinieron á conseguirlo,
243 1450 798 1509 que oye Dios ruegos que sean
242 1490 668 1552 para servirle; y en fin,
242 1543 781 1594 parió un niño que se alegran
244 1577 691 1628 tanto de su nacimiento,
245 1625 837 1678 que no obstante que antes eran
243 1662 694 1718 tan grandes caritativos,
245 1710 773 1760 en esta ocasion su hacienda
246 1752 756 1810 se abrió mas pródigamente
241 1797 657 1854 á agradecer la fineza.
246 1829 710 1898 Bautizaron pues, al niño
241 1881 653 1932 con alegrias y fiestas,
241 1925 616 1991 y le pusieron Alejo,
251 1972 818 2037 que este nombre se interpreta
256 2014 800 2075 vara de humo, que creciendo
249 2062 712 2119 hasta los cielos penetra.
251 2104 688 2160 Crióse con gran regalo
249 2146 764 2201 entre pomposas grandezas;
253 2195 714 2247 creció y con él la razon,
250 2235 708 2292 motivándolo la escuela
255 2276 745 2350 de un maestro que celoso
951 329 1409 405 le enseñò todas las tras,
951 384 1372 437 Era querido de todos,
952 428 1520 486 dando de su sangre muestras,
946 466 1464 521 y al mismo paso sus padres
950 514 1504 573 le amaban con gran terneza.
958 559 1336 618 Tenia el Emperador
954 599 1412 662 una hija que en belleza,
948 647 1343 706 honestidad y virtud,
953 679 1477 742 no habia en Roma doncella
955 734 1418 790 que no solo la escediese,
957 776 1402 840 pero ni igualar pudiera
952 819 1478 877 á Sabína que era el nombre
949 862 1416 917 de la prudente princesa.
960 907 1428 958 Trataron pues de casarla
953 953 1381 1013 con Alejo, y él intenta
957 997 1368 1053 de no replicar á nada
958 1037 1509 1102 aunque tiene hecha promesa
963 1085 1386 1146 de guardar la castidad
962 1125 1441 1182 porque Dios le favorezca.
962 1179 1465 1230 Pero al fin, los desposaron
956 1217 1377 1281 con júbilo y regocijo,
964 1256 1458 1308 con músicas y con fiestas.
953 1300 1444 1369 En fin; llegada la noche,
966 1348 1485 1409 noche que muchos desean,
953 1390 1374 1455 por el sensual apetito
966 1439 1465 1491 que solo á cebar los lleva;
964 1473 1526 1529 no así Alejo que en él cuarto
971 1519 1525 1575 donde esta su esposa misma,
963 1564 1484 1624 entró por decirlo el padr e.
962 1608 1476 1659 diciéndola de esta manera:
967 1653 1535 1710 Dios te guarde, hermana mia,
964 1697 1394 1753 criatura de Dios bella,
964 1741 1481 1795 en amor como á su esposa,
965 1783 1413 1843 é inclinando la cabeza,
966 1819 1472 1895 allí le habló el santo Alejo
979 1871 1467 1933 palabras dulces y tiernas,
972 1920 1438 1971 no lacivas, sino en cosas
970 1962 1431 2021 de Dios, y de como eran
969 2004 1420 2063 las virgenes estimadas,
966 2046 1448 2107 y adoradas con grandeza
966 2090 1450 2148 con los bienaventurados.
975 2123 1595 2201 Y en fin, vino á alcanzar de ella,
979 2176 1413 2241 el dejarle que partiese
971 2222 1412 2285 á cumplir una promesa
976 2267 1408 2343 á Jerusalen, que antes
