1737 2508
1529 270 1560 322 5
189 308 725 384 de entrar en aqueste santo
193 369 727 436 Sepulcro; entra pues, goza
188 418 633 463 de tanto bien; pero él
202 458 623 513 presumió ser engañosa
191 497 603 555 astucia del enemigo.
189 542 607 605 Segunda vez oye otra
199 589 669 644 en que le dice lo mismo,
192 631 681 682 y que ya Dios le perdona
195 675 685 731 sus pecados: él entonces
198 717 624 775 con una fé fervorosa
201 762 669 820 visitó el santo Sepulcro,
190 808 649 863 sitios y reliquias todos.
190 849 701 907 Despues que fué conocido,
201 895 661 949 por huir la vana gloria,
195 927 743 996 se partió al puerto de Lisa,
197 980 612 1039 y en una nave briosa
197 1024 651 1082 se embarcó para Sicilia
194 1067 702 1127 previniéndole en sus cosas
198 1111 621 1170 al maestro de la nave
190 1154 669 1216 que lo necesario ponga;
201 1199 603 1255 el maestro lo creyó,
195 1244 767 1306 dió al viento las velas toscas;
202 1294 678 1351 pero á poquisimo trecho
194 1330 635 1389 se levantó escandalosa
199 1374 615 1427 una tempestad cruel,
200 1425 698 1469 que la nave al cielo topa.
201 1462 683 1520 En fin, pasados tres dias,
194 1508 671 1564 la tormenta no mejora,
188 1548 636 1605 sin acordarse de Alejo
190 1595 764 1651 que en los tres dias no toma
199 1640 621 1698 cosa para su sustento,
195 1684 688 1733 ni una taza de agua sola.
198 1726 720 1788 Llamóle el maestro, y dijo:
190 1767 658 1830 amigo, engaño se nota,
196 1816 694 1867 en vos ¿como no te envia
191 1851 711 1923 de comer ni de vever cosa
199 1904 625 1956 ese señor que digiste?
199 1942 701 2005 Y él respondió con gozosa
199 1985 663 2044 alegria: no me engaña,
202 2030 620 2088 jamás su misericordia
195 2073 783 2131 hasta ahora ha faltado á nadie,
195 2123 801 2181 que es Señor de mucha honra,
196 2171 759 2224 y no soy digno de llamarme
196 2219 690 2269 su criado en tanta gloria,
206 2258 789 2323 que es Señor de cielo y tierra,
913 314 1389 381 y aquesta máquina toda
918 368 1383 417 mantiene con su poder.
921 413 1411 455 Respondió: muy fervorosa
915 452 1385 513 es tu fé buen peregrino,
917 500 1395 556 pues pídele á Dios ahora
918 547 1461 602 que nos saque á salvamento.
919 590 1435 643 Cesó la tormenta, y toman
909 623 1389 684 la via, como Dios quiso,
910 672 1454 730 al romano puerto de Hostia:
919 716 1369 773 desembarcaron alegres,
919 760 1457 818 se fué á la ciudad de Roma,
914 802 1422 862 y llegó á su casa á tiempo
920 851 1521 903 que el padre con mucha pompa,
919 890 1331 949 de criados y caballos
910 929 1327 993 salía; él con zozobra
914 977 1428 1038 de trabajos, llegó al padre,
923 1022 1429 1080 diciendo de aquesta forma:
919 1066 1402 1126 das limosna, Eufemiano,
912 1110 1423 1166 á un peregrino que ahora,
920 1157 1415 1216 de tí se ha amparado? Así
918 1195 1383 1249 Dios traiga á tu dichosa
914 1238 1319 1300 casa á tu hijo Alejo,
916 1278 1471 1345 prenda del alma que adoras.
919 1335 1366 1387 Así que Eufemiano oyó
921 1370 1467 1431 que á su hijo Alejo nombra,
919 1415 1353 1484 sin sentido del caballo
912 1460 1391 1517 sino le tienen, se arroja.
925 1504 1443 1559 Clamaron pues, los criados,
910 1543 1380 1605 la madre salió medrosa
923 1585 1437 1642 temiendo alguna desdicha;
923 1631 1437 1691 mas fué dicha muy gozosa,
928 1679 1455 1735 porque adquirió las noticias
924 1726 1471 1786 de su mismo hijo se informa
922 1764 1378 1832 como le hubo conocido
920 1814 1483 1872 en muchas partes, y en todas
918 1851 1317 1913 habia sido su amigo,
916 1896 1346 1956 y pasaban de limosna,
924 1940 1479 1997 que le informó de sus padres
921 1982 1377 2045 la piedad tan generosa.
923 2033 1440 2089 Y en fin, habloles palabras
919 2080 1369 2133 tan sentidas y llorosas,
917 2120 1405 2176 que el padre con alegria,
918 2164 1389 2224 y la madre muy gozosa
924 2203 1375 2263 por saber ya de su hijo,
926 2259 1416 2322 casi en los brazos lo toma;
