1737 2508
103 305 607 373 de desposarse tubo hecha.
100 352 469 416 Ella se lo concedió
104 399 561 452 entendiendo de que era
105 438 584 507 una capilla que en Roma
112 485 588 539 estaba de allí bien cerca,
107 531 475 590 llamada Jerusalen;
117 560 617 632 pero él otra cosa ordena.
118 614 559 678 Entonces sacó del dedo
113 662 566 722 una sortija muy buena,
116 704 612 763 y la dice:toma, hermana,
123 740 623 811 esta sortija, que es prenda
123 794 566 849 como dada de mi mano
114 829 548 898 á señora tan suprema
131 873 637 939 porque os acordeis de mí.
132 917 655 986 Cogió muy preciosas piedras
126 962 551 1031 y joyas de gran valor,
126 1007 566 1065 y cantidad de moneda.
125 1042 697 1102 Fue al Tíver tomó una barca:
128 1102 605 1154 embarcóse luego en ella,
134 1134 699 1199 salió al mar, y llegó en breve
137 1184 613 1242 á desembarcar en tierra.
135 1226 563 1291 Llegóse á santa Maria,
136 1268 581 1333 una consagrada iglesia
142 1313 570 1376 á Dios, y en este lugar
137 1350 714 1420 dió á los pobres cuanto lleva,
145 1396 682 1465 y hasta sus propios vestidos
150 1453 637 1511 con un peregrino trueca.
152 1483 674 1551 En este tiempo, en su casa
145 1532 580 1594 toda la alegria y fiesta
151 1569 577 1639 en breve se con virtió
152 1617 646 1680 en tristeza, llanto y pena.
156 1661 669 1722 Lloraban los tristes padres
150 1708 598 1769 sin alivio á su tristeza
159 1749 605 1808 envian muchos criados,
165 1798 631 1856 que con notable presteza
163 1832 729 1899 lo busquen, y que lo traigan,
168 1882 631 1947 premiando su diligencia.
165 1925 618 1995 Se queja el Emperador,
162 1961 683 2037 y su esposa honesta y bella
160 2009 659 2075 despreciando sus cabellos
163 2058 619 2125 los ayes al Cielo llegan,
164 2103 641 2164 que podian sus gemidos
169 2151 612 2208 á los riscos y las peñas;
169 2183 679 2247 ablandar con sus quejidos
165 2230 689 2304 aunque es tanta su dureza.
1420 228 1472 275 3
830 268 1344 341 A este tiempo el peregrino
827 323 1257 388 que ya referido queda,
835 365 1298 432 viéndole con el vestido,
825 415 1363 470 lo llevaron con gran priesa
829 460 1303 524 á presencia de sus amos
838 500 1309 564 porque la verdad dijera.
835 538 1334 608 Dijo, que le dió el vestido
841 584 1450 652 un hombre de muchas prendas,
841 631 1261 697 y que se puso el suyo;
833 677 1380 744 y que postrándose en tierra,
838 719 1303 785 con la tierra se abrasó,
854 759 1343 830 Y lloró mucho sobre ella.
845 800 1385 869 Luego le vió con los pobres
848 849 1321 919 pedir limosna. Y en esta
855 895 1312 961 ocasion le preguntaron,
858 936 1346 1005 que hacia qué parage era,
858 975 1423 1045 y respondió que en Laodicea,
854 1025 1353 1085 ciudad de la Santa tierra.
856 1071 1356 1135 Despacharon mucha gente
863 1109 1362 1176 en su busca; pero ordena
866 1153 1341 1221 el Cielo que no le hallen
859 1196 1391 1259 aunque de ellos esté cerca;
864 1242 1315 1308 pues él conoce á todos,
860 1288 1346 1342 y ellos no le conocieran;
862 1335 1325 1395 antes le daban limosna
863 1374 1355 1437 como si otro pobre fuera.
873 1415 1429 1485 Vuélvense todos muy tristes,
876 1460 1425 1530 y él con su grande entereza,
882 1502 1414 1570 prosiguió al Santo Sepulcro
881 1550 1365 1616 para cumplir su promesa;
877 1594 1323 1650 mas el comun enemigo
877 1639 1424 1703 que frustrar su idea intenta,
888 1687 1303 1750 en trage de peregrino
885 1725 1470 1793 con el Santo Alejo encuentra,
882 1766 1318 1833 y despues de saludarle
878 1810 1426 1875 con preguntas y respuestas,
877 1852 1442 1922 le vino á decir que en Roma
881 1896 1380 1960 habia una noticia nueva,
894 1944 1320 2008 y era, que un senador
890 1986 1395 2048 y persona de gran cuenta,
893 2031 1322 2087 habia casado á un hijo
898 2073 1409 2136 con una hermosa doncella,
897 2120 1278 2183 hija del Emperador;
896 2148 1419 2221 y no haciendo caso de ella,
895 2207 1359 2284 la dejó, mas ella viendo
