1737 2508
1532 247 1567 300 7
205 285 664 353 mas el pontífice, viendo
198 344 716 399 la humildad de Eufemiano,
196 389 721 433 sin detenerse un momento
206 428 682 479 con todos los cardenales,
211 478 733 533 cruces y acompañamientos,
200 519 689 567 fueron allá en procesion,
202 558 648 615 y Eufemiano con ellos,
201 608 703 661 el cual llegando á su casa,
211 656 681 708 que se adelantó primero,
202 698 698 753 mandó salir á los criados
211 742 689 795 con luces y con inciensos
207 778 575 839 á recibir al pastor,
208 820 712 872 no cesando en este tiempo
209 868 631 924 de todos la confusion,
205 921 730 970 mayormente cuando vieron
203 963 622 1011 que cruces y clerecia
207 995 654 1059 al punto se detuvieron
204 1036 659 1100 sin poder pasar de allí:
217 1083 691 1143 viendo la madre de Alejo
218 1132 738 1183 y su esposa, al Padre Santo,
218 1183 647 1234 le preguntan el suceso
214 1218 611 1275 de tan notable favor:
213 1267 645 1320 y el Pontífice supremo
210 1308 657 1367 les dijo: en el Vaticano
219 1350 626 1405 oimos voces del cielo
212 1396 821 1448 que dicen, que en vuestra casa
218 1436 637 1489 está sin impedimento
218 1481 668 1540 el hombre de Dios, y asi
214 1524 675 1582 mi venida es sola á eso.
214 1573 702 1622 Si muy confusos estaban,
215 1611 775 1674 mas quedaron cuando oyeron
213 1655 673 1714 lo que el Pontífice dijo,
221 1701 759 1759 pues que nada respondieron
221 1747 683 1795 mirándose unos á otros;
215 1788 711 1843 mas ninguno atribuyendo
216 1836 683 1885 á que fuese el peregrino
223 1883 705 1934 que subsistió tanto tiempo
222 1917 633 1974 debajo de la escalera.
220 1961 734 2023 A este tiempo el camarero
221 2005 699 2069 dijo: síno es por ventura,
229 2053 689 2114 que sea este pobre viejo
229 2095 795 2156 que es hombre de buena vida,
231 2137 711 2198 y vi por mis ojos mismos
220 2193 779 2243 el que en los domingos todos
222 2226 743 2300 comulgaba; en este tiempo
931 280 1471 350 fué á la escalera Eufemiano,
933 337 1429 401 llamólo, y estaba muerto;
930 383 1453 437 mas reluciente que un sol,
942 423 1395 480 exhalando de su cuerpo
934 470 1403 529 una fragancia admirable
941 515 1442 574 y un papel entre sus dedos
936 556 1387 616 pue quiso quitarle y no
936 614 1440 660 pudo conseguir su intento.
943 641 1435 704 Salio afuera y dijo al Papa
937 686 1355 745 todo de alegria lleno:
937 735 1483 779 aqui está el hombre de Dios.
941 777 1415 828 Mandó su Santidad luego
944 818 1439 879 que al pórtico lo sacasen;
947 863 1395 922 hiziéronlo, y allí puesto,
938 904 1487 956 todos se hincaron de rodillas
946 952 1453 1008 delante de él, y el supremo
946 995 1438 1055 Pastor se llegó á tomarle
949 1039 1391 1100 el papel y no pudiendo,
943 1084 1397 1143 llegaron los cardenales
947 1127 1399 1179 uno por uno, lo mismo
938 1170 1481 1232 sucede: el señor Emperador
946 1221 1498 1273 y sus padres tambien fueron
946 1257 1522 1324 á hacer las mismas instancias,
948 1299 1413 1360 y lo mismo sucediendo,
949 1349 1384 1404 llegó su esposa Sabina
954 1388 1354 1445 y le dijo santo siervo
954 1431 1493 1494 del Señor por quien pasaste
942 1471 1400 1537 tantos trabajos acerbos,
955 1520 1358 1583 yo te pido ese papel,
951 1563 1451 1624 porque sepamos contentos
955 1616 1461 1663 tu vida y el santo entonces
947 1649 1463 1705 soltó el papel al momento.
950 1697 1399 1762 Y conmenzando á leer,
954 1743 1327 1803 decia; yo soy Alejo,
950 1783 1386 1847 el hijo de Eufemiano,
950 1832 1493 1889 senador romano.... Oyendo
942 1873 1488 1933 su esposa y padre lo dicho,
950 1915 1498 1978 fué tal el llanto, que al cielo
953 1966 1438 2024 sus lágrimas penetraban,
954 2005 1427 2067 y se arrojaban resueltos
946 2052 1541 2114 los tres sobre el santo, á quien
954 2096 1418 2146 abrazaban sin consuelo.
951 2135 1436 2202 Decia el padre: ay de mi!
948 2185 1428 2245 ay triste mezquino viejo!
958 2228 1324 2299 qué confiado vivia
