1668 2412
1232 81 1482 234 (Núm. 212.)
601 1191 1205 1268 EL MILAGRO
879 1294 948 1370 DE
242 1443 1570 1536 SAN ANTONIO DEL DOBLON.
215 1635 1615 1670 Curiosa relacion, en que se declara y da cuenta de lo que le sucedió
256 1679 1616 1713 á un caballero natural de Jerez, á quien el demonio impuso un fal-
265 1722 1607 1758 so testimonio, diciéndole que su esposa le era infiel, y como por in-
261 1766 1554 1803 tercesion de S. Antonio de Padua se vieron protegidos y libres.
251 1872 714 1909 Al Ave de gracia llena
208 1921 667 1957 Maria, Virgen y Madre
201 1968 754 2008 de Jesus Verbo humanado,
201 2016 666 2054 Hija del Eterno Padre,
207 2062 670 2103 y del Espíritu Esposa;
204 2111 714 2149 la que subió á coronarse
200 2162 746 2200 por princesa de los cielos,
933 1877 1374 1913 y con musicas suaves
934 1924 1454 1962 los nueve coros gloriosos
934 1972 1434 2010 nunca cesan de alabarle.
930 2021 1576 2063 A este encanto, á este prodigio,
938 2067 1482 2108 hoy á sus plantas se abate,
933 2113 1420 2153 una mal cortada pluma
934 2164 1480 2203 muy humilde, á suplícarle
