1737 2508
212 207 790 244 Dios sabe que yo en mi vida
206 256 794 294 no he pensado en agraviarte.
201 304 724 340 Acuérdate de estos niños,
205 353 736 388 muévate el amor de padre!
204 400 716 436 Es mi mayor sentimiento
205 448 692 483 el no poder encontrarse
202 497 624 531 alguno que dé razon
198 544 711 581 de tí, para ir a buscarte.
202 591 687 629 Y viendo que no parece
205 641 668 677 se vistió distinto trage,
204 689 684 723 la hacienda se le perdió
197 736 824 772 por no haber quien la cuidase.
203 784 738 819 Se vino á quedar tan pobre
204 831 763 868 que de noche por las calles
200 880 642 916 salia á pedir limosna
200 929 686 964 para poder sustentarse.
206 976 666 1011 Asi estuve nueve años
203 1023 673 1059 y cuatro meses cabales,
203 1070 722 1108 y un domingo de mañana
209 1119 636 1155 llorando de casa sale
210 1168 724 1203 porque los niños querian
208 1215 758 1251 pan, y no tiene que darles.
200 1264 798 1301 Derecha fue á san Francisco,
207 1311 758 1349 y con lagrimas abundantes
199 1360 692 1395 á san Antonio de Padua
208 1407 611 1443 esta suplica le hace:
204 1455 764 1494 bien sabes, Santo glorioso,
204 1503 701 1539 la necesidad tan grande
203 1551 682 1587 en que me veo metida;
207 1599 732 1635 mis hijos estan sin padre,
205 1646 719 1684 y yo me hallo sin esposo:
215 1694 764 1730 y pues sois tan finó amante
210 1743 618 1780 del dulcisimo Jesus,
210 1791 776 1828 suplicadle que me ampare,
205 1838 710 1876 me asista y me favorezca
204 1886 639 1923 en este aflijido lance;
210 1934 672 1972 mañana por la mañana
205 1980 647 2020 yo volvere á visitarle,
215 2030 813 2067 y me has de dar de mi esposo
208 2078 712 2114 noticia sin que esto falte.
210 2125 658 2163 Del santo se despidió,
212 2175 662 2212 y de la iglesia se sale.
930 210 1402 249 Vamos á que la señora
924 258 1418 297 llegando á su casa sale
924 308 1412 345 el niño mayor de todos,
927 355 1428 394 diciendo: señora madre,
925 403 1374 440 un religioso francisco
925 451 1391 487 ha traido tres costales
923 498 1428 536 de trigo y estos dineros,
928 547 1512 587 y que á usted los entregase,
928 595 1432 631 y que comamos de elios,
923 643 1499 681 que presto vendrá mi padre.
928 690 1393 727 La madre le preguntó:
932 738 1384 774 hijo ¿conoces al padre?
923 787 1506 823 No señora, mas me ha dicho
931 834 1496 871 que no ha dos horas cabales
933 882 1442 918 que usted hablaba con él
941 930 1415 967 para que nos remediase.
939 977 1486 1016 Viendo tan grande portento
925 1026 1392 1062 doña María, al instante
926 1074 1364 1110 incándose de rodillas
927 1123 1378 1160 ante la divina Imágen,
931 1170 1532 1210 á Dios le dio muchas gracias,
930 1220 1359 1256 á su soberana Madre,
935 1266 1414 1302 y á san Antonio bendito
931 1314 1422 1352 por milagro tan notable.
937 1361 1408 1398 Vamos á que al otro dia
924 1411 1408 1446 asi que las puertas abre
932 1458 1406 1496 el portero del convento,
932 1507 1410 1544 fue á visitar los altares,
931 1554 1442 1591 y á san Antonio de Padua
923 1602 1398 1639 con devocion á rezarle,
931 1649 1461 1685 y viendo tiene en la mano
933 1698 1403 1732 una carta, sin tardarse
930 1744 1450 1783 le dió cuenta al guardian,
932 1795 1530 1831 el cual mandó que al instante
931 1841 1360 1878 toquen á comunidad,
925 1889 1432 1928 y que todos se juntasen,
931 1938 1480 1973 por ver á quien san Antonio
923 1986 1366 2021 la carta quería darle;
929 2032 1502 2072 y aunque llegaron humildes,
927 2080 1426 2115 á nadie quiso entregarle
924 2129 1493 2164 la carta, con que el prelado
930 2176 1411 2213 dijo que todos llegasen
