1765 2512
123 210 595 250 le dé su bendita gracía
128 260 648 297 para que en este romance
124 306 622 347 dé noticia á mi auditorio
124 354 602 395 del suceso mas notable,
120 402 601 441 del mas famoso milagro
120 450 634 489 que han visto las edades.
116 499 654 539 A todo el mundo convido,
121 547 733 586 y el que viniese é escucharme
120 595 560 631 oirá contar alabanzas
123 641 582 681 del gloriosisimo Padre
113 690 630 729 Antonio de Padua, siervo
124 736 688 780 de Jesus, firme y constante;
116 783 630 827 atencion, nobles oyentes,
123 833 744 876 que ya comienzo á esplicarme.
116 880 580 923 En la ciudad de Jerez,
112 930 616 972 noble, rica y abundante,
114 976 506 1015 doña Maria Javiera
120 1024 704 1066 nació de muy nobles padres:
116 1072 584 1113 crióse esta bella dama,
124 1123 673 1161 y á los veinte años cabales
116 1168 578 1209 casó con un caballero,
116 1216 584 1256 que diré sin dilatarme
118 1265 554 1303 llamarse don Agustin
115 1310 632 1351 de Guevara, y esto baste.
112 1359 660 1399 Eran los dos muy devotos
112 1406 718 1449 de aquella antorcha brillante,
116 1454 616 1496 san Antonio esclarecido,
119 1503 754 1545 y en su pechos muy constantes
126 1550 538 1591 traian para memoria
121 1597 641 1639 en una estampa la Imágen
114 1646 610 1688 del bendito san Antonio,
117 1694 664 1735 que los defienda y ampare.
126 1740 680 1787 Pero el demonio envidioso,
110 1790 628 1833 envuejto en ira y corage,
119 1839 614 1878 encen dido en viva rabia
115 1890 622 1926 po r si puede derribarles
116 1937 584 1976 de tan santa devocion,
120 1985 648 2024 con manto y basquiña sale
120 2032 570 2070 en figura de una dama
109 2081 575 2119 muy conocido de antes
116 2127 570 2165 del caballero, y le dice
115 2177 605 2215 aquestas palabras tales:
842 210 1354 248 sepa usted, don Agustin,
840 258 1424 296 como en la huerta ayer tarde
847 306 1382 344 vide que estaba su esposa
841 355 1262 393 en un oculto parage,
840 402 1326 440 con un cierto caballero,
844 450 1375 489 manchando vuestro linage
835 499 1332 535 entre profanos deleites:
839 549 1389 586 ¡quién tal horror intentase
848 597 1442 633 con vos que sois bien nacido,
839 643 1395 680 hijo de tan buenos padres!
845 691 1299 727 por cuyo justo motivo
848 739 1338 778 he venido á daros parte,
840 786 1280 826 y á deciros la verdad,
847 835 1346 871 asi el infierno me trague
843 883 1385 921 si ne es como he referido;
834 931 1338 967 anda, señor, al instante
844 979 1376 1014 si quieres tomar venganza
843 1026 1498 1063 de quien tanto agravio os hace.
844 1074 1256 1110 El caballero confuso
842 1124 1356 1162 duego á su casa se parte;
844 1171 1355 1207 sin darse por entendido,
844 1218 1312 1254 ni ser notado de nadie,
840 1267 1350 1303 tomó todos sus vestidos,
843 1313 1334 1350 dinero, y sin declararse
840 1360 1396 1398 con su esposa, una mañana
852 1408 1412 1447 partió á la ciudad de Cádiz,
851 1457 1368 1493 donde estuvo cuatro dias,
845 1505 1324 1541 y en un navio mercante
848 1554 1384 1589 para las Indias de Oriente
842 1601 1395 1637 se embarcó, y con favorable
847 1647 1332 1685 viento á las Indias llegó
843 1699 1397 1733 y saltó en tierra una tarde.
850 1745 1288 1780 Volvamos á la señora
849 1792 1403 1828 que quedó con tres infantes
847 1840 1334 1876 sola, y sin tener en casa
844 1889 1446 1924 quien su hacienda gobernase.
840 1936 1277 1972 Amargamente lloraba
839 1985 1408 2021 aquella ausencia tan grande
848 2032 1384 2070 de su muy querido esposo,
841 2080 1361 2118 y con llantos lamentables
842 2129 1286 2164 decia: ¡oh mi Agustin!
841 2178 1387 2217 ¡cómo ha sido el olvidarme!
