1737 2508
1241 174 1539 328 (Número 227.)
378 1255 1539 1301 SATIRA GRASIOSA.
246 1360 1658 1401 De los ciento y ocho motivos que manifestamos ta mugeres, por
245 1413 1660 1453 los cuales los hombres deben casarse, estimarnos y querernos; pues
247 1468 1657 1507 por razon natural nos quieren y nos aman, como no lo pueden
888 1519 1022 1557 negar.
302 1683 801 1733 Viste, Marica, el papel
248 1748 778 1795 que publicaron los ciegos
243 1812 863 1856 con cuarenta y ocho motivos
250 1872 809 1919 para qué no nos casamos?
241 1934 711 1981 Estamos bien aviadas,
252 1995 742 2044 si todas no defendemos
251 2058 775 2104 tantas cosas como dicen
245 2120 749 2168 de nuestro infeliz sezo.
245 2184 909 2237 ¿Quien mil demonios los llama,
988 1689 1542 1734 y quién va á pretenderlos?
982 1750 1579 1800 esténse en sus casas quietos,
979 1811 1536 1861 que nosotras lo estaremos.
981 1874 1655 1926 ¿Quién los manda que se cásen?
973 1937 1621 1991 ¿quièn los manda sean necios?
981 2001 1561 2046 ¿No saben ya lo que cuesta
983 2061 1488 2107 la burra y los aparejos?
978 2125 1468 2170 Tan inocentes y tontos
977 2188 1526 2236 se hacen estos caballeros,
