<?xml version="1.0" encoding="UTF-8" standalone="yes"?>
<PcGts xmlns="http://schema.primaresearch.org/PAGE/gts/pagecontent/2013-07-15" xmlns:xsi="http://www.w3.org/2001/XMLSchema-instance" xsi:schemaLocation="http://schema.primaresearch.org/PAGE/gts/pagecontent/2013-07-15 http://schema.primaresearch.org/PAGE/gts/pagecontent/2013-07-15/pagecontent.xsd">
    <Metadata>
        <Creator>prov=University of Rostock/Institute of Mathematics/CITlab|PLANET AI GmbH/Gundram Leifert/gundram.leifert@planet-ai.de:name=Pliegos de Cordel (XIXe) - v4(htr_id=27283)::::v=2.6.7
prov=University of Rostock/Institute of Mathematics/CITlab|PLANET AI GmbH/Tobias Gruening/tobias.gruening@planet-ai.de:name=de.uros.citlab.module.baseline2polygon.B2PSeamMultiOriented:v=2.6.7
prov=University of Rostock/Institute of Mathematics/CITlab|PLANET AI GmbH/Tobias Gruening/tobias.gruening@planet-ai.de:name=/net_tf/LA73_249_0mod360.pb:de.uros.citlab.segmentation.CITlab_LA_ML:v=2.6.7
Transkribus</Creator>
        <Created>2020-11-04T17:40:17.318+01:00</Created>
        <LastChange>2020-11-05T15:59:55.018+01:00</LastChange>
        <Comments>
                Measurement unit: pixel
                PrimaryLanguage: 
                Producer: Transkribus
            </Comments>
        <TranskribusMetadata docId="525395" pageId="22319803" pageNr="83" tsid="47762830" status="DONE" userId="66244" imgUrl="https://files.transkribus.eu/Get?id=CRQDYPOTLPYSEJBSHVEJJVUN&amp;fileType=view" xmlUrl="https://files.transkribus.eu/Get?id=IKIGASFJJEWCNSDPYEPHTECH" imageId="17389312"/>
    </Metadata>
    <Page imageFilename="Moreno_346_1.jpeg" imageWidth="1752" imageHeight="2480">
        <PrintSpace>
            <Coords points="138,191 1580,191 1580,2317 138,2317"/>
        </PrintSpace>
        <ReadingOrder>
            <OrderedGroup id="ro_1607004610685" caption="Regions reading order">
                <RegionRefIndexed index="0" regionRef="region_1604508297695_808"/>
                <RegionRefIndexed index="2" regionRef="r_2_1"/>
                <RegionRefIndexed index="3" regionRef="r_3_1"/>
                <RegionRefIndexed index="4" regionRef="r_4_1"/>
            </OrderedGroup>
        </ReadingOrder>
        <TextRegion orientation="0.0" type="paragraph" id="region_1604508297695_808" custom="readingOrder {index:0;} structure {type:paragraph;}">
            <Coords points="1161,198 1421,198 1421,285 1161,285"/>
            <TextLine id="region_1604508297695_808l1" custom="readingOrder {index:0;}">
                <Coords points="1166,305 1191,305 1216,305 1241,305 1266,305 1292,306 1317,306 1342,307 1367,308 1392,308 1418,309 1418,159 1392,158 1367,158 1342,157 1317,156 1292,156 1266,155 1241,155 1216,155 1191,155 1166,155"/>
                <Baseline points="1166,255 1191,255 1216,255 1241,255 1266,255 1292,256 1317,256 1342,257 1367,258 1392,258 1418,259"/>
                <TextEquiv>
                    <Unicode>Núm. 222.</Unicode>
                </TextEquiv>
            </TextLine>
            <TextEquiv>
                <Unicode>Núm. 222.</Unicode>
            </TextEquiv>
        </TextRegion>
        <GraphicRegion id="r_1" custom="readingOrder {index:1;}">
            <Coords points="578,241 1150,246 1150,1075 578,1070"/>
        </GraphicRegion>
        <TextRegion orientation="0.0" type="paragraph" id="r_2_1" custom="readingOrder {index:2;}">
            <Coords points="264,1145 1456,1145 1456,1346 264,1346"/>
            <TextLine id="r_2_1l1" custom="readingOrder {index:0;}">
                <Coords points="269,1243 331,1244 393,1245 455,1245 517,1246 579,1246 641,1247 703,1247 765,1247 827,1247 889,1248 951,1248 1013,1248 1075,1248 1137,1249 1199,1249 1261,1250 1323,1250 1385,1250 1448,1251 1448,1164 1385,1163 1323,1163 1261,1163 1199,1162 1137,1162 1075,1161 1013,1161 951,1161 889,1161 827,1160 765,1160 703,1160 641,1160 579,1159 517,1159 455,1158 393,1158 331,1157 269,1156"/>
                <Baseline points="269,1214 331,1215 393,1216 455,1216 517,1217 579,1217 641,1218 703,1218 765,1218 827,1218 889,1219 951,1219 1013,1219 1075,1219 1137,1220 1199,1220 1261,1221 1323,1221 1385,1221 1448,1222"/>
                <TextEquiv>
                    <Unicode>TROVOS DISCRETOS DE CONSEJOS,</Unicode>
                </TextEquiv>
            </TextLine>
            <TextLine id="r_2_1l2" custom="readingOrder {index:1;}">
                <Coords points="467,1365 505,1365 544,1365 583,1365 622,1365 661,1365 699,1365 738,1365 777,1366 816,1366 855,1366 893,1366 932,1366 971,1367 1010,1367 1049,1367 1087,1367 1126,1367 1165,1367 1204,1367 1243,1367 1243,1280 1204,1280 1165,1280 1126,1280 1087,1280 1049,1280 1010,1280 971,1280 932,1279 893,1279 855,1279 816,1279 777,1279 738,1278 699,1278 661,1278 622,1278 583,1278 544,1278 505,1278 467,1278"/>
                <Baseline points="467,1336 505,1336 544,1336 583,1336 622,1336 661,1336 699,1336 738,1336 777,1337 816,1337 855,1337 893,1337 932,1337 971,1338 1010,1338 1049,1338 1087,1338 1126,1338 1165,1338 1204,1338 1243,1338"/>
                <TextEquiv>
                    <Unicode>PARA CANTAR A LA GUITARRA.</Unicode>
                </TextEquiv>
            </TextLine>
            <TextEquiv>
                <Unicode>TROVOS DISCRETOS DE CONSEJOS,
PARA CANTAR A LA GUITARRA.</Unicode>
            </TextEquiv>
        </TextRegion>
        <TextRegion orientation="0.0" type="paragraph" id="r_3_1" custom="readingOrder {index:3;}">
            <Coords points="138,1526 780,1526 780,2317 138,2317"/>
            <TextLine id="r_3_1l1" custom="readingOrder {index:0;}">
                <Coords points="482,1574 492,1576 492,1542 482,1540"/>
                <Baseline points="482,1563 492,1565"/>
                <TextEquiv>
                    <Unicode>I.</Unicode>
                </TextEquiv>
            </TextLine>
            <TextLine id="r_3_1l2" custom="readingOrder {index:1;}">
                <Coords points="203,1623 228,1622 254,1622 279,1622 305,1622 331,1622 356,1622 382,1622 408,1622 433,1622 459,1622 484,1623 510,1623 536,1623 561,1623 587,1623 613,1624 613,1590 587,1589 561,1589 536,1589 510,1589 484,1589 459,1588 433,1588 408,1588 382,1588 356,1588 331,1588 305,1588 279,1588 254,1588 228,1588 203,1589"/>
                <Baseline points="203,1612 228,1611 254,1611 279,1611 305,1611 331,1611 356,1611 382,1611 408,1611 433,1611 459,1611 484,1612 510,1612 536,1612 561,1612 587,1612 613,1613"/>
                <TextEquiv>
                    <Unicode>Nadie fie á la muger</Unicode>
                </TextEquiv>
            </TextLine>
            <TextLine id="r_3_1l3" custom="readingOrder {index:2;}">
                <Coords points="164,1672 189,1672 214,1672 239,1672 264,1672 290,1672 315,1671 340,1671 365,1671 391,1671 416,1672 441,1672 466,1672 491,1672 517,1673 542,1673 567,1674 592,1675 618,1675 618,1642 592,1642 567,1641 542,1640 517,1640 491,1639 466,1639 441,1639 416,1639 391,1638 365,1638 340,1638 315,1638 290,1639 264,1639 239,1639 214,1639 189,1639 164,1639"/>
                <Baseline points="164,1661 189,1661 214,1661 239,1661 264,1661 290,1661 315,1660 340,1660 365,1660 391,1660 416,1661 441,1661 466,1661 491,1661 517,1662 542,1662 567,1663 592,1664 618,1664"/>
                <TextEquiv>
                    <Unicode>sus tesoros y riquezas,</Unicode>
                </TextEquiv>
            </TextLine>
            <TextLine id="r_3_1l4" custom="readingOrder {index:3;}">
                <Coords points="157,1721 184,1721 211,1721 238,1721 266,1720 293,1720 320,1720 348,1720 375,1720 402,1720 430,1720 457,1720 484,1721 512,1721 539,1721 566,1721 594,1721 621,1721 648,1721 676,1721 676,1688 648,1688 621,1688 594,1688 566,1688 539,1688 512,1688 484,1688 457,1687 430,1687 402,1687 375,1687 348,1687 320,1687 293,1687 266,1687 238,1688 211,1688 184,1688 157,1688"/>
                <Baseline points="157,1710 184,1710 211,1710 238,1710 266,1709 293,1709 320,1709 348,1709 375,1709 402,1709 430,1709 457,1709 484,1710 512,1710 539,1710 566,1710 594,1710 621,1710 648,1710 676,1710"/>
                <TextEquiv>
                    <Unicode>porque si no es, puede ser</Unicode>
                </TextEquiv>
            </TextLine>
            <TextLine id="r_3_1l5" custom="readingOrder {index:4;}">
                <Coords points="155,1770 181,1770 207,1769 233,1769 259,1769 285,1769 311,1769 337,1769 363,1769 389,1769 415,1769 441,1769 467,1769 493,1769 519,1769 545,1770 571,1770 597,1770 623,1771 650,1772 650,1738 623,1737 597,1736 571,1736 545,1736 519,1735 493,1735 467,1735 441,1735 415,1735 389,1735 363,1735 337,1735 311,1735 285,1735 259,1735 233,1735 207,1735 181,1736 155,1736"/>
                <Baseline points="155,1759 181,1759 207,1758 233,1758 259,1758 285,1758 311,1758 337,1758 363,1758 389,1758 415,1758 441,1758 467,1758 493,1758 519,1758 545,1759 571,1759 597,1759 623,1760 650,1761"/>
                <TextEquiv>
                    <Unicode>que lo lleve á la pobreza</Unicode>
                </TextEquiv>
            </TextLine>
            <TextLine id="r_3_1l6" custom="readingOrder {index:5;}">
                <Coords points="152,1817 177,1818 202,1818 227,1818 252,1818 277,1818 302,1818 327,1818 352,1818 377,1818 403,1818 428,1818 453,1818 478,1818 503,1818 528,1818 553,1819 578,1819 603,1819 628,1820 654,1821 654,1787 628,1786 603,1785 578,1785 553,1785 528,1784 503,1784 478,1784 453,1784 428,1784 403,1784 377,1784 352,1784 327,1784 302,1784 277,1784 252,1784 227,1784 202,1784 177,1784 152,1783"/>
                <Baseline points="152,1806 177,1807 202,1807 227,1807 252,1807 277,1807 302,1807 327,1807 352,1807 377,1807 403,1807 428,1807 453,1807 478,1807 503,1807 528,1807 553,1808 578,1808 603,1808 628,1809 654,1810"/>
                <TextEquiv>
                    <Unicode>si comienza á envanecer.</Unicode>
                </TextEquiv>
            </TextLine>
            <TextLine id="r_3_1l7" custom="readingOrder {index:6;}">
                <Coords points="203,1914 229,1915 255,1915 281,1915 308,1915 334,1915 360,1915 386,1915 413,1915 439,1915 465,1915 492,1915 518,1915 544,1915 570,1915 597,1916 623,1917 649,1918 676,1919 676,1885 649,1884 623,1883 597,1882 570,1881 544,1881 518,1881 492,1881 465,1881 439,1881 413,1881 386,1881 360,1881 334,1881 308,1881 281,1881 255,1881 229,1881 203,1880"/>
                <Baseline points="203,1903 229,1904 255,1904 281,1904 308,1904 334,1904 360,1904 386,1904 413,1904 439,1904 465,1904 492,1904 518,1904 544,1904 570,1904 597,1905 623,1906 649,1907 676,1908"/>
                <TextEquiv>
                    <Unicode>Aunque llegue á poseer</Unicode>
                </TextEquiv>
            </TextLine>
            <TextLine id="r_3_1l8" custom="readingOrder {index:7;}">
                <Coords points="155,1963 180,1963 206,1964 232,1964 257,1964 283,1964 309,1965 334,1965 360,1965 386,1965 412,1965 437,1965 463,1965 489,1965 514,1965 540,1965 566,1966 592,1966 592,1932 566,1932 540,1931 514,1931 489,1931 463,1931 437,1931 412,1931 386,1931 360,1931 334,1931 309,1931 283,1930 257,1930 232,1930 206,1930 180,1929 155,1929"/>
                <Baseline points="155,1952 180,1952 206,1953 232,1953 257,1953 283,1953 309,1954 334,1954 360,1954 386,1954 412,1954 437,1954 463,1954 489,1954 514,1954 540,1954 566,1955 592,1955"/>
                <TextEquiv>
                    <Unicode>el amor mas singular</Unicode>
                </TextEquiv>
            </TextLine>
            <TextLine id="r_3_1l9" custom="readingOrder {index:8;}">
                <Coords points="160,2012 186,2013 213,2013 239,2014 266,2014 292,2014 319,2014 345,2014 372,2014 398,2013 425,2013 452,2013 478,2013 505,2013 531,2013 558,2013 584,2013 611,2014 637,2014 664,2015 691,2017 691,1983 664,1981 637,1980 611,1980 584,1979 558,1979 531,1979 505,1979 478,1979 452,1979 425,1979 398,1979 372,1980 345,1980 319,1980 292,1980 266,1980 239,1980 213,1979 186,1979 160,1978"/>
                <Baseline points="160,2001 186,2002 213,2002 239,2003 266,2003 292,2003 319,2003 345,2003 372,2003 398,2002 425,2002 452,2002 478,2002 505,2002 531,2002 558,2002 584,2002 611,2003 637,2003 664,2004 691,2006"/>
                <TextEquiv>
                    <Unicode>que el amante llegó á ver,</Unicode>
                </TextEquiv>
            </TextLine>
            <TextLine id="r_3_1l10" custom="readingOrder {index:9;}">
                <Coords points="155,2061 182,2061 209,2061 236,2062 264,2062 291,2062 318,2062 346,2062 373,2062 400,2062 428,2062 455,2062 482,2062 509,2062 537,2063 564,2063 591,2063 619,2063 646,2064 673,2065 701,2065 701,2031 673,2031 646,2030 619,2029 591,2029 564,2029 537,2029 509,2028 482,2028 455,2028 428,2028 400,2028 373,2028 346,2028 318,2028 291,2028 264,2028 236,2028 209,2027 182,2027 155,2027"/>
                <Baseline points="155,2050 182,2050 209,2050 236,2051 264,2051 291,2051 318,2051 346,2051 373,2051 400,2051 428,2051 455,2051 482,2051 509,2051 537,2052 564,2052 591,2052 619,2052 646,2053 673,2054 701,2054"/>
                <TextEquiv>
                    <Unicode>cosa que llegue á importar</Unicode>
                </TextEquiv>
            </TextLine>
            <TextLine id="r_3_1l11" custom="readingOrder {index:10;}">
                <Coords points="150,2110 176,2111 202,2111 228,2111 254,2112 280,2111 306,2111 332,2111 358,2111 384,2111 410,2110 436,2110 462,2111 488,2111 514,2111 540,2113 566,2114 566,2080 540,2079 514,2077 488,2077 462,2077 436,2076 410,2076 384,2077 358,2077 332,2077 306,2077 280,2077 254,2078 228,2077 202,2077 176,2077 150,2076"/>
                <Baseline points="150,2099 176,2100 202,2100 228,2100 254,2101 280,2100 306,2100 332,2100 358,2100 384,2100 410,2099 436,2099 462,2100 488,2100 514,2100 540,2102 566,2103"/>
                <TextEquiv>
                    <Unicode>nadie fie á la muger.</Unicode>
                </TextEquiv>
            </TextLine>
            <TextLine id="r_3_1l12" custom="readingOrder {index:11;}">
                <Coords points="193,2158 218,2159 244,2160 269,2160 295,2160 321,2161 346,2161 372,2161 397,2161 423,2161 449,2161 474,2161 500,2161 525,2161 551,2162 577,2162 577,2128 551,2128 525,2127 500,2127 474,2127 449,2127 423,2127 397,2127 372,2127 346,2127 321,2127 295,2126 269,2126 244,2126 218,2125 193,2124"/>
                <Baseline points="193,2147 218,2148 244,2149 269,2149 295,2149 321,2150 346,2150 372,2150 397,2150 423,2150 449,2150 474,2150 500,2150 525,2150 551,2151 577,2151"/>
                <TextEquiv>
                    <Unicode>El ardor y sutileza</Unicode>
                </TextEquiv>
            </TextLine>
            <TextLine id="r_3_1l13" custom="readingOrder {index:12;}">
                <Coords points="150,2206 175,2207 201,2208 227,2209 253,2209 279,2210 305,2210 331,2210 357,2209 383,2209 409,2209 434,2209 460,2209 486,2209 512,2209 538,2209 564,2210 590,2211 616,2212 642,2213 668,2215 668,2181 642,2179 616,2178 590,2177 564,2176 538,2175 512,2175 486,2175 460,2175 434,2175 409,2175 383,2175 357,2175 331,2176 305,2176 279,2176 253,2175 227,2175 201,2174 175,2173 150,2172"/>
                <Baseline points="150,2195 175,2196 201,2197 227,2198 253,2198 279,2199 305,2199 331,2199 357,2198 383,2198 409,2198 434,2198 460,2198 486,2198 512,2198 538,2198 564,2199 590,2200 616,2201 642,2202 668,2204"/>
                <TextEquiv>
                    <Unicode>de la mujer bien querida,</Unicode>
                </TextEquiv>
            </TextLine>
            <TextLine id="r_3_1l14" custom="readingOrder {index:13;}">
                <Coords points="143,2257 169,2257 195,2258 221,2258 247,2258 273,2258 299,2258 325,2258 351,2258 377,2257 403,2257 429,2257 455,2257 481,2257 507,2258 533,2258 559,2259 585,2260 611,2262 637,2263 637,2229 611,2228 585,2226 559,2225 533,2224 507,2224 481,2223 455,2223 429,2223 403,2223 377,2223 351,2224 325,2224 299,2224 273,2224 247,2224 221,2224 195,2224 169,2223 143,2223"/>
                <Baseline points="143,2246 169,2246 195,2247 221,2247 247,2247 273,2247 299,2247 325,2247 351,2247 377,2246 403,2246 429,2246 455,2246 481,2246 507,2247 533,2247 559,2248 585,2249 611,2251 637,2252"/>
                <TextEquiv>
                    <Unicode>ácia el interés endereza,</Unicode>
                </TextEquiv>
            </TextLine>
            <TextLine id="r_3_1l15" custom="readingOrder {index:14;}">
                <Coords points="138,2309 168,2309 198,2308 228,2308 258,2308 288,2308 318,2308 348,2308 378,2308 408,2308 439,2308 469,2309 499,2309 529,2309 559,2309 589,2310 619,2310 649,2311 679,2311 709,2312 740,2313 740,2279 709,2278 679,2277 649,2277 619,2276 589,2276 559,2275 529,2275 499,2275 469,2275 439,2274 408,2274 378,2274 348,2274 318,2274 288,2274 258,2274 228,2274 198,2274 168,2275 138,2275"/>
                <Baseline points="138,2298 168,2298 198,2297 228,2297 258,2297 288,2297 318,2297 348,2297 378,2297 408,2297 439,2297 469,2298 499,2298 529,2298 559,2298 589,2299 619,2299 649,2300 679,2300 709,2301 740,2302"/>
                <TextEquiv>
                    <Unicode>y del hombre anhela erguida,</Unicode>
                </TextEquiv>
            </TextLine>
            <TextEquiv>
                <Unicode>I.
Nadie fie á la muger
sus tesoros y riquezas,
porque si no es, puede ser
que lo lleve á la pobreza
si comienza á envanecer.
Aunque llegue á poseer
el amor mas singular
que el amante llegó á ver,
cosa que llegue á importar
nadie fie á la muger.
El ardor y sutileza
de la mujer bien querida,
ácia el interés endereza,
y del hombre anhela erguida,</Unicode>
            </TextEquiv>
        </TextRegion>
        <TextRegion orientation="0.0" type="paragraph" id="r_4_1" custom="readingOrder {index:4;}">
            <Coords points="862,1527 1485,1527 1485,2312 862,2312"/>
            <TextLine id="r_4_1l1" custom="readingOrder {index:0;}">
                <Coords points="872,1574 897,1574 923,1574 948,1574 974,1574 999,1574 1025,1574 1050,1574 1076,1574 1102,1574 1127,1575 1153,1575 1178,1575 1204,1575 1229,1575 1255,1576 1280,1576 1306,1576 1332,1576 1332,1542 1306,1542 1280,1542 1255,1542 1229,1541 1204,1541 1178,1541 1153,1541 1127,1541 1102,1540 1076,1540 1050,1540 1025,1540 999,1540 974,1540 948,1540 923,1540 897,1540 872,1540"/>
                <Baseline points="872,1563 897,1563 923,1563 948,1563 974,1563 999,1563 1025,1563 1050,1563 1076,1563 1102,1563 1127,1564 1153,1564 1178,1564 1204,1564 1229,1564 1255,1565 1280,1565 1306,1565 1332,1565"/>
                <TextEquiv>
                    <Unicode>sus tesoros y riquezas.</Unicode>
                </TextEquiv>
            </TextLine>
            <TextLine id="r_4_1l2" custom="readingOrder {index:1;}">
                <Coords points="923,1623 949,1623 975,1622 1001,1622 1027,1622 1053,1622 1079,1622 1105,1622 1131,1622 1158,1623 1184,1623 1210,1624 1236,1624 1262,1624 1288,1625 1314,1625 1340,1625 1367,1625 1367,1591 1340,1591 1314,1591 1288,1591 1262,1590 1236,1590 1210,1590 1184,1589 1158,1589 1131,1588 1105,1588 1079,1588 1053,1588 1027,1588 1001,1588 975,1588 949,1589 923,1589"/>
                <Baseline points="923,1612 949,1612 975,1611 1001,1611 1027,1611 1053,1611 1079,1611 1105,1611 1131,1611 1158,1612 1184,1612 1210,1613 1236,1613 1262,1613 1288,1614 1314,1614 1340,1614 1367,1614"/>
                <TextEquiv>
                    <Unicode>Suele una dama tener</Unicode>
                </TextEquiv>
            </TextLine>
            <TextLine id="r_4_1l3" custom="readingOrder {index:2;}">
                <Coords points="873,1672 898,1672 923,1672 948,1671 973,1671 999,1671 1024,1671 1049,1671 1074,1671 1099,1671 1125,1672 1150,1672 1175,1672 1200,1672 1225,1673 1251,1673 1251,1639 1225,1639 1200,1638 1175,1638 1150,1638 1125,1638 1099,1637 1074,1637 1049,1637 1024,1637 999,1637 973,1637 948,1637 923,1638 898,1638 873,1638"/>
                <Baseline points="873,1661 898,1661 923,1661 948,1660 973,1660 999,1660 1024,1660 1049,1660 1074,1660 1099,1660 1125,1661 1150,1661 1175,1661 1200,1661 1225,1662 1251,1662"/>
                <TextEquiv>
                    <Unicode>firmeza y fidelidad:</Unicode>
                </TextEquiv>
            </TextLine>
            <TextLine id="r_4_1l4" custom="readingOrder {index:3;}">
                <Coords points="875,1721 903,1721 931,1721 960,1721 988,1721 1016,1721 1045,1721 1073,1721 1101,1721 1130,1721 1158,1721 1186,1721 1215,1721 1243,1721 1271,1721 1300,1721 1328,1722 1356,1722 1385,1722 1413,1723 1442,1724 1442,1690 1413,1689 1385,1688 1356,1688 1328,1688 1300,1687 1271,1687 1243,1687 1215,1687 1186,1687 1158,1687 1130,1687 1101,1687 1073,1687 1045,1687 1016,1687 988,1687 960,1687 931,1687 903,1687 875,1687"/>
                <Baseline points="875,1710 903,1710 931,1710 960,1710 988,1710 1016,1710 1045,1710 1073,1710 1101,1710 1130,1710 1158,1710 1186,1710 1215,1710 1243,1710 1271,1710 1300,1710 1328,1711 1356,1711 1385,1711 1413,1712 1442,1713"/>
                <TextEquiv>
                    <Unicode>mas por eso no ha de haber</Unicode>
                </TextEquiv>
            </TextLine>
            <TextLine id="r_4_1l5" custom="readingOrder {index:4;}">
                <Coords points="870,1769 896,1769 922,1769 948,1769 974,1769 1000,1769 1026,1769 1052,1769 1078,1769 1104,1769 1130,1769 1156,1770 1182,1770 1208,1771 1234,1771 1260,1772 1287,1773 1287,1739 1260,1738 1234,1737 1208,1737 1182,1736 1156,1736 1130,1735 1104,1735 1078,1735 1052,1735 1026,1735 1000,1735 974,1735 948,1735 922,1735 896,1735 870,1735"/>
                <Baseline points="870,1758 896,1758 922,1758 948,1758 974,1758 1000,1758 1026,1758 1052,1758 1078,1758 1104,1758 1130,1758 1156,1759 1182,1759 1208,1760 1234,1760 1260,1761 1287,1762"/>
                <TextEquiv>
                    <Unicode>constante seguridad,</Unicode>
                </TextEquiv>
            </TextLine>
            <TextLine id="r_4_1l6" custom="readingOrder {index:5;}">
                <Coords points="873,1819 899,1819 926,1818 952,1818 979,1818 1005,1818 1032,1818 1058,1819 1085,1819 1111,1819 1138,1819 1165,1819 1191,1820 1218,1820 1244,1820 1271,1820 1297,1820 1324,1820 1350,1819 1377,1819 1404,1819 1404,1785 1377,1785 1350,1785 1324,1786 1297,1786 1271,1786 1244,1786 1218,1786 1191,1786 1165,1785 1138,1785 1111,1785 1085,1785 1058,1785 1032,1784 1005,1784 979,1784 952,1784 926,1784 899,1785 873,1785"/>
                <Baseline points="873,1808 899,1808 926,1807 952,1807 979,1807 1005,1807 1032,1807 1058,1808 1085,1808 1111,1808 1138,1808 1165,1808 1191,1809 1218,1809 1244,1809 1271,1809 1297,1809 1324,1809 1350,1808 1377,1808 1404,1808"/>
                <TextEquiv>
                    <Unicode>porque si no es, puede ser.</Unicode>
                </TextEquiv>
            </TextLine>
            <TextLine id="r_4_1l7" custom="readingOrder {index:6;}">
                <Coords points="916,1869 943,1868 970,1867 997,1867 1025,1866 1052,1866 1079,1866 1107,1866 1134,1867 1161,1867 1189,1867 1216,1867 1243,1868 1270,1868 1298,1868 1325,1869 1352,1869 1380,1869 1407,1869 1434,1869 1462,1869 1462,1835 1434,1835 1407,1835 1380,1835 1352,1835 1325,1835 1298,1834 1270,1834 1243,1834 1216,1833 1189,1833 1161,1833 1134,1833 1107,1832 1079,1832 1052,1832 1025,1832 997,1833 970,1833 943,1834 916,1835"/>
                <Baseline points="916,1858 943,1857 970,1856 997,1856 1025,1855 1052,1855 1079,1855 1107,1855 1134,1856 1161,1856 1189,1856 1216,1856 1243,1857 1270,1857 1298,1857 1325,1858 1352,1858 1380,1858 1407,1858 1434,1858 1462,1858"/>
                <TextEquiv>
                    <Unicode>Al hombre de mas riqueza</Unicode>
                </TextEquiv>
            </TextLine>
            <TextLine id="r_4_1l8" custom="readingOrder {index:7;}">
                <Coords points="875,1918 900,1918 926,1917 951,1917 977,1917 1003,1916 1028,1916 1054,1916 1080,1916 1105,1916 1131,1916 1157,1916 1182,1916 1208,1917 1234,1917 1259,1917 1285,1917 1311,1917 1311,1883 1285,1883 1259,1883 1234,1883 1208,1883 1182,1882 1157,1882 1131,1882 1105,1882 1080,1882 1054,1882 1028,1882 1003,1882 977,1883 951,1883 926,1883 900,1884 875,1884"/>
                <Baseline points="875,1907 900,1907 926,1906 951,1906 977,1906 1003,1905 1028,1905 1054,1905 1080,1905 1105,1905 1131,1905 1157,1905 1182,1905 1208,1906 1234,1906 1259,1906 1285,1906 1311,1906"/>
                <TextEquiv>
                    <Unicode>puede suceder el caso</Unicode>
                </TextEquiv>
            </TextLine>
            <TextLine id="r_4_1l9" custom="readingOrder {index:8;}">
                <Coords points="875,1965 901,1965 927,1965 954,1965 980,1965 1007,1965 1033,1965 1060,1965 1086,1965 1113,1965 1139,1965 1165,1965 1192,1965 1218,1966 1245,1966 1271,1966 1298,1966 1324,1966 1351,1967 1377,1967 1404,1967 1404,1933 1377,1933 1351,1933 1324,1932 1298,1932 1271,1932 1245,1932 1218,1932 1192,1931 1165,1931 1139,1931 1113,1931 1086,1931 1060,1931 1033,1931 1007,1931 980,1931 954,1931 927,1931 901,1931 875,1931"/>
                <Baseline points="875,1954 901,1954 927,1954 954,1954 980,1954 1007,1954 1033,1954 1060,1954 1086,1954 1113,1954 1139,1954 1165,1954 1192,1954 1218,1955 1245,1955 1271,1955 1298,1955 1324,1955 1351,1956 1377,1956 1404,1956"/>
                <TextEquiv>
                    <Unicode>que la muger con destreza</Unicode>
                </TextEquiv>
            </TextLine>
            <TextLine id="r_4_1l10" custom="readingOrder {index:9;}">
                <Coords points="870,2013 895,2013 921,2013 946,2013 972,2013 997,2014 1023,2014 1048,2013 1074,2013 1100,2013 1125,2014 1151,2014 1176,2014 1202,2014 1227,2015 1253,2015 1278,2016 1304,2017 1330,2018 1330,1984 1304,1983 1278,1982 1253,1981 1227,1981 1202,1980 1176,1980 1151,1980 1125,1980 1100,1979 1074,1979 1048,1979 1023,1980 997,1980 972,1979 946,1979 921,1979 895,1979 870,1979"/>
                <Baseline points="870,2002 895,2002 921,2002 946,2002 972,2002 997,2003 1023,2003 1048,2002 1074,2002 1100,2002 1125,2003 1151,2003 1176,2003 1202,2003 1227,2004 1253,2004 1278,2005 1304,2006 1330,2007"/>
                <TextEquiv>
                    <Unicode>si no cela paso á paso,</Unicode>
                </TextEquiv>
            </TextLine>
            <TextLine id="r_4_1l11" custom="readingOrder {index:10;}">
                <Coords points="873,2064 899,2063 925,2063 951,2063 977,2063 1004,2063 1030,2063 1056,2063 1082,2063 1108,2063 1135,2063 1161,2063 1187,2063 1213,2063 1239,2063 1266,2064 1292,2064 1318,2064 1344,2064 1371,2065 1371,2031 1344,2030 1318,2030 1292,2030 1266,2030 1239,2029 1213,2029 1187,2029 1161,2029 1135,2029 1108,2029 1082,2029 1056,2029 1030,2029 1004,2029 977,2029 951,2029 925,2029 899,2029 873,2030"/>
                <Baseline points="873,2053 899,2052 925,2052 951,2052 977,2052 1004,2052 1030,2052 1056,2052 1082,2052 1108,2052 1135,2052 1161,2052 1187,2052 1213,2052 1239,2052 1266,2053 1292,2053 1318,2053 1344,2053 1371,2054"/>
                <TextEquiv>
                    <Unicode>que le lleve á la pobreza.</Unicode>
                </TextEquiv>
            </TextLine>
            <TextLine id="r_4_1l12" custom="readingOrder {index:11;}">
                <Coords points="912,2110 940,2110 969,2110 997,2111 1026,2111 1054,2111 1083,2111 1111,2112 1140,2112 1168,2112 1197,2113 1225,2113 1254,2113 1282,2113 1311,2114 1339,2114 1368,2114 1396,2114 1425,2114 1453,2114 1482,2114 1482,2080 1453,2080 1425,2080 1396,2080 1368,2080 1339,2080 1311,2080 1282,2079 1254,2079 1225,2079 1197,2079 1168,2078 1140,2078 1111,2078 1083,2077 1054,2077 1026,2077 997,2077 969,2076 940,2076 912,2076"/>
                <Baseline points="912,2099 940,2099 969,2099 997,2100 1026,2100 1054,2100 1083,2100 1111,2101 1140,2101 1168,2101 1197,2102 1225,2102 1254,2102 1282,2102 1311,2103 1339,2103 1368,2103 1396,2103 1425,2103 1453,2103 1482,2103"/>
                <TextEquiv>
                    <Unicode>No hay quien pueda detener</Unicode>
                </TextEquiv>
            </TextLine>
            <TextLine id="r_4_1l13" custom="readingOrder {index:12;}">
                <Coords points="866,2160 891,2160 917,2161 943,2161 969,2161 994,2161 1020,2161 1046,2161 1072,2161 1098,2161 1123,2161 1149,2161 1175,2161 1201,2162 1226,2162 1252,2162 1278,2162 1304,2162 1330,2162 1330,2128 1304,2128 1278,2128 1252,2128 1226,2128 1201,2128 1175,2127 1149,2127 1123,2127 1098,2127 1072,2127 1046,2127 1020,2127 994,2127 969,2127 943,2127 917,2127 891,2126 866,2126"/>
                <Baseline points="866,2149 891,2149 917,2150 943,2150 969,2150 994,2150 1020,2150 1046,2150 1072,2150 1098,2150 1123,2150 1149,2150 1175,2150 1201,2151 1226,2151 1252,2151 1278,2151 1304,2151 1330,2151"/>
                <TextEquiv>
                    <Unicode>de una muger el ardor</Unicode>
                </TextEquiv>
            </TextLine>
            <TextLine id="r_4_1l14" custom="readingOrder {index:13;}">
                <Coords points="863,2211 888,2211 914,2210 940,2210 966,2210 992,2209 1018,2209 1044,2209 1070,2209 1096,2210 1122,2210 1148,2210 1174,2210 1200,2210 1226,2211 1252,2211 1278,2211 1304,2211 1330,2211 1330,2177 1304,2177 1278,2177 1252,2177 1226,2177 1200,2176 1174,2176 1148,2176 1122,2176 1096,2176 1070,2175 1044,2175 1018,2175 992,2175 966,2176 940,2176 914,2176 888,2177 863,2177"/>
                <Baseline points="863,2200 888,2200 914,2199 940,2199 966,2199 992,2198 1018,2198 1044,2198 1070,2198 1096,2199 1122,2199 1148,2199 1174,2199 1200,2199 1226,2200 1252,2200 1278,2200 1304,2200 1330,2200"/>
                <TextEquiv>
                    <Unicode>á quien le incita su ser</Unicode>
                </TextEquiv>
            </TextLine>
            <TextLine id="r_4_1l15" custom="readingOrder {index:14;}">
                <Coords points="868,2260 893,2259 918,2259 943,2258 968,2258 993,2258 1018,2257 1043,2258 1068,2258 1094,2258 1119,2258 1144,2258 1169,2259 1194,2259 1219,2259 1244,2260 1269,2260 1294,2260 1320,2260 1320,2226 1294,2226 1269,2226 1244,2226 1219,2225 1194,2225 1169,2225 1144,2224 1119,2224 1094,2224 1068,2224 1043,2224 1018,2223 993,2224 968,2224 943,2224 918,2225 893,2225 868,2226"/>
                <Baseline points="868,2249 893,2248 918,2248 943,2247 968,2247 993,2247 1018,2246 1043,2247 1068,2247 1094,2247 1119,2247 1144,2247 1169,2248 1194,2248 1219,2248 1244,2249 1269,2249 1294,2249 1320,2249"/>
                <TextEquiv>
                    <Unicode>para vestir con primor</Unicode>
                </TextEquiv>
            </TextLine>
            <TextLine id="r_4_1l16" custom="readingOrder {index:15;}">
                <Coords points="868,2308 894,2308 920,2309 946,2309 972,2309 998,2309 1024,2309 1050,2308 1076,2308 1102,2308 1128,2308 1154,2308 1180,2308 1206,2308 1232,2309 1258,2309 1284,2309 1310,2310 1336,2310 1363,2311 1363,2277 1336,2276 1310,2276 1284,2275 1258,2275 1232,2275 1206,2274 1180,2274 1154,2274 1128,2274 1102,2274 1076,2274 1050,2274 1024,2275 998,2275 972,2275 946,2275 920,2275 894,2274 868,2274"/>
                <Baseline points="868,2297 894,2297 920,2298 946,2298 972,2298 998,2298 1024,2298 1050,2297 1076,2297 1102,2297 1128,2297 1154,2297 1180,2297 1206,2297 1232,2298 1258,2298 1284,2298 1310,2299 1336,2299 1363,2300"/>
                <TextEquiv>
                    <Unicode>si comienza á envanecer,</Unicode>
                </TextEquiv>
            </TextLine>
            <TextEquiv>
                <Unicode>sus tesoros y riquezas.
Suele una dama tener
firmeza y fidelidad:
mas por eso no ha de haber
constante seguridad,
porque si no es, puede ser.
Al hombre de mas riqueza
puede suceder el caso
que la muger con destreza
si no cela paso á paso,
que le lleve á la pobreza.
No hay quien pueda detener
de una muger el ardor
á quien le incita su ser
para vestir con primor
si comienza á envanecer,</Unicode>
            </TextEquiv>
        </TextRegion>
    </Page>
</PcGts>
