1737 2508
164 163 652 211 los tesoros mas de lleno,
168 217 618 256 y pocos gustan gastar.
216 263 642 304 Muchos veo maldecir
163 309 774 360 de este, de aquel y de aquella,
160 358 641 405 ningun bien quieren oir,
165 409 670 454 quejándose de su estrella
155 458 622 500 sino esperan conseguir.
203 503 651 549 Tal modo de procurar
156 551 737 599 de este mundo el bien odioso
153 601 571 645 no lo pueden tolerar,
161 653 676 698 y á muchos les es dañoso,
157 703 578 744 lo que desean hallar.
480 802 522 840 V.
202 846 650 895 El sol para todos sale,
160 894 552 941 á todos los ilumina,
151 943 714 992 no hay sombría que no cale,
159 993 674 1040 y á los astros predomina,
155 1042 828 1092 pues no hay quien con él se iguale
206 1138 726 1186 Ningun hombre se resvale
156 1186 559 1233 en la desesperacion,
153 1236 675 1286 aunque la angustia le tale,
149 1285 668 1334 porque sin mas distincion
147 1334 591 1379 el sol para todos sale.
197 1386 654 1430 Aquella hondad divina
147 1433 605 1477 tal influjo al sol le dió
150 1480 676 1531 sobre la luz que apadrina,
155 1531 574 1576 que jamás descaeció,
145 1578 593 1625 y á todos les ilumina.
191 1627 706 1673 En el risco, prado y valle
146 1675 656 1724 penetra con su esplendor,
147 1725 752 1776 no hay niebla que no avasalle,
143 1773 646 1820 y con sus rayos de ardor
147 1824 712 1872 no hay sombria que no cale.
208 1872 688 1920 Con sus rayos y luz fina,
140 1920 784 1972 la mejor que el mundo ha visto,
150 1968 607 2017 todas las esferas mina,
151 2017 582 2062 corre su carrera listo.
143 2067 656 2114 y á los astros predomina.
191 2113 683 2163 Toda la hermosura calle
145 2163 580 2210 en vista de la del sol,
149 2213 626 2260 todo á su luz se avasalle
1431 134 1463 174 3
884 178 1305 222 escóndase el arrebol,
868 231 1558 274 pues no hay quien con él se iguale
1190 324 1245 364 VI.
927 372 1463 416 Mas que no el médico cura
871 421 1265 461 al enfermo la dieta:
876 468 1280 512 no es recetar locura;
867 517 1263 559 pero mala la receta
871 566 1300 611 á veces sin calentura.
916 665 1368 711 A la demasiada artura,
868 712 1304 755 el ayuno es la receta;
869 761 1348 806 porque Galeno asegura.
870 810 1390 857 de que á este mal la dieta
864 860 1414 908 mas que no el médico cura.
911 908 1362 954 Una victoria completa
864 960 1377 1003 hace dichoso al guerrero,
870 1006 1443 1055 á un reino la paz mas quieta,
860 1056 1434 1106 la abundancia al pordiosero,
866 1107 1267 1146 al enfermo la dieta.
913 1153 1440 1198 Cuando el accidente apura
861 1203 1350 1248 al enfermo y lo anonada,
862 1251 1356 1298 antes que á la sepultura,
859 1301 1356 1346 lo lleve causa estremada,
862 1349 1320 1394 el recetar no es locura.
908 1400 1408 1441 Si el costipado te aprieta
865 1449 1382 1493 jamás permitas sangrarte,
863 1497 1337 1539 elige el sudor por treta;
868 1546 1474 1590 que es bueño, puedo abonarte;
867 1593 1270 1636 pero mala la receta.
912 1644 1461 1687 Muchos hay que por locura
864 1691 1304 1736 dolencia suelen fingir,
859 1743 1488 1784 dá vuelta el humor, que apura,
861 1787 1260 1829 y asi llegan á morir
855 1839 1292 1881 á veces sin calentura.
1165 1936 1247 1978 VII.
905 2034 1341 2074 El que de pobre subió
861 2083 1267 2125 á ser rico por acaso,
855 2133 1283 2173 jamás humilde se vió:
857 2180 1334 2222 siguió soberbio su paso,
857 2232 1253 2272 y jamás vuelve atras, no.
