1765 2512
151 300 597 341 Ellas se tienen la culpa,
107 343 613 387 pues tanto que decir daban
113 390 495 429 estubiéranse rezando
111 433 573 473 que nadie las inquietára;
157 476 645 515 Ello cosas son del mundo,
112 520 535 560 todo, Perico, se acaba;
108 563 649 604 ayer fuimos, y hoy no somos,
111 607 561 647 hay hijo! parece chanza.
158 648 607 690 He sabido en este correo
113 695 573 735 que con Girula te casas;
121 736 651 779 hombre ¿estás endemoniado?
123 780 535 823 ¿tienes ojos en la cara?
163 824 681 867 Mas para que abras los ojos,
119 870 589 912 y sepas donde te encajas,
126 912 567 954 escucha en esta cartilla
125 956 580 997 lo que los casados pasan.
171 997 669 1039 Cásase un hombre de bien
130 1043 693 1086 que ocho ó nueve reales gana,
125 1088 499 1128 si trabaja, que si nó
130 1130 665 1172 por Dios que no coje blanca.
167 1175 544 1215 Lo primero necesita
132 1217 636 1260 empeñarse hasta las calzas
135 1262 537 1304 para vestir á la novia,
135 1306 523 1352 y para poner la casa.
181 1349 569 1388 Despues en la vicaría
138 1393 603 1438 pagar las licencias santas,
139 1435 630 1479 que algunos por descasarse
143 1479 545 1523 las pagarian dobladas.
186 1520 599 1564 Aquellos dias primeros
141 1567 621 1609 le sabe muy bien la cama,
139 1612 547 1652 se levanta al otro dia,
145 1655 521 1697 se pasea y se regala.
183 1696 705 1741 Acábanse en fin los cuartos;
146 1741 591 1786 vá á trabajar si lo halla,
143 1784 607 1829 dá á su muger el dinero,
151 1828 660 1876 y ella en rosquillas lo gasta.
183 1873 597 1915 Pide luego para carne,
149 1916 625 1960 y él dice: esposa del alma,
153 1957 649 2007 ¿no te dí ayer dos pesetas?
159 2002 642 2047 vamos con tiento hermana.
198 2043 715 2090 Buen dinero es dos pesetas!
154 2088 645 2137 miren qué cuarto de plata!
164 2134 598 2180 para vizcochos no tengo
160 2177 591 2224 si me levanto congana.
203 2221 725 2265 Muger, vamos poco à poco,
158 2264 611 2311 ó andará la zurribunda:
164 2306 659 2360 ¿qué zurribunda, borraho?
169 2350 649 2402 ¡conmigo esas palabradas!
871 278 1287 318 Bien me lo decia á mí
836 322 1319 364 mi comadre que Dios haya
839 368 1309 407 que eras un pícaro chulo,
835 410 1317 451 sin vergüenza y sin alma.
883 453 1359 495 A bien que no soy tan fea
843 496 1359 539 que en saliendo yo o la plaza
847 538 1367 582 no me faltará quien me diga
839 580 1419 630 por hai te se pudra, muchacha.
882 629 1295 670 Ha pícara, vil nacida,
839 672 1301 716 ¿hacerme carnero tratas?
847 717 1301 759 Si, grandísimo borracho.
842 759 1305 803 Ahora lo verás, aguarda.
889 801 1377 845 Saca el marido un garrote
841 850 1193 895 y la cabeza la raja,
852 889 1309 934 y luego el pobre cornudo
856 934 1336 977 que pagar tiene el curarla.
890 978 1337 1018 Otras á los cuatro meses,
852 1022 1263 1062 para no trabajar nada,
861 1063 1305 1109 les dicen á sus maridos:
858 1106 1365 1152 ¡hay hijo, yo estoy preñada!
901 1150 1438 1194 ¡Jesus hija! ¿que me cuentas?
855 1196 1313 1239 Si, bien mio de mi alma;
863 1237 1414 1283 se me ha antojado un vesugo,
864 1285 1277 1326 anda por él á la plaza.
902 1325 1452 1370 Mira que no tengo un cuarto
855 1370 1285 1416 y que camisa me falta.
1403 1408 1531 1443 cueros?
867 1413 1379 1461 ¿Qué importa que andes en
867 1456 1369 1500 has lo que te digo, marcha.
903 1502 1349 1543 Llegése el dia del parto,
871 1545 1349 1588 son las diez de la mañana,
863 1587 1359 1631 enciende lumbre volando.
873 1631 1321 1675 no seas necio, despacha.
909 1675 1333 1718 Aquí el pobre majadero,
875 1719 1301 1762 como un azogado anda,
879 1762 1363 1805 desde el patio á la cocina,
879 1805 1317 1849 desde la alcoba á la sala.
917 1851 1355 1892 Ea, que ya nace el niño,
871 1896 1265 1937 maldita sea su casta,
882 1938 1297 1981 es parecido á su padre
881 1980 1403 2023 como el huevo á la castaña,
926 2021 1361 2066 Luego se sigue el bateo
883 2065 1435 2113 y el baile en accion de gracias,
921 2111 1361 2151 en músicas y danzantes
884 2123 904 2158 y
879 2157 1307 2198 un mayorazgo se gasta.
935 2200 1345 2239 Con que amigo Perico,
890 2241 1423 2284 mira que yo te hablo al alma
890 2286 1331 2328 toma mi consejo y huye
890 2329 1375 2373 que te pierdes si te casas.
232 2413 1489 2484 Imprenta de D. J. M. Moreno, calle Juan de la Cabra núm. 4.
