1737 2508
1229 227 1448 262 (Num. 58.)
271 282 1444 338 LA TIA GIRULA
374 1219 1490 1271 CHISTE MODERNO,
224 1311 1626 1378 acaecido en el pueblo de Almeria con una muger gue mató envenena-
399 1364 1459 1418 dos á cuatro maridos, y el fin que tuvo con el quinto.
266 1514 703 1555 Si place á mi auditorio
230 1565 468 1599 prestar oído,
234 1604 625 1642 voy á contar un caso
239 1648 536 1685 que ha sucedido
234 1694 535 1730 en la Andalucia,
243 1733 827 1772 en un pueblo llamado Almería,
240 1779 540 1816 con la tia Girula
240 1819 847 1860 la muger mas salada y mas chula
243 1865 589 1902 que se ha conocido
243 1903 917 1947 entre cuantas en el mundo ha habido;
244 1954 581 1990 hermosa chupona,
247 1997 565 2032 la cual era casada
247 2042 526 2076 con un sereno.
294 2081 655 2118 Tenia un huertecito
244 2131 469 2164 la tia Girula
252 2169 615 2205 y detrás del marido
247 2216 487 2249 vendía fruta;
257 2255 607 2293 el que la compraba,
254 2298 883 2338 sin recurso en el hospital entraba;
251 2345 573 2382 y el que la comia,
261 2387 750 2426 dos muletas seguras tenia:
958 1505 1252 1539 y si lo contaba,
963 1547 1449 1583 cójeando su vida acababa;
963 1590 1309 1627 él si que ayunaba
963 1633 1454 1669 pero ella bien se regalaba;
968 1677 1288 1714 y al pobre sereno
966 1715 1510 1758 ne le daba mas que pan duro
963 1761 1553 1805 y por libra le contaba un duro:
962 1807 1359 1846 murió en cuatro dias (dias
1370 1847 1636 1883 lleno de picar:
972 1853 1352 1888 porque estaba el pan
1014 1896 1357 1930 El segundo marido
970 1939 1336 1974 que era un enaguas
976 1982 1319 2020 no la dejaba ir sola
973 2028 1353 2063 ni aun á hacer aguas,
971 2069 1355 2112 y por que fué á misa
979 2114 1399 2151 cuando vino la dió una paliza;
980 2155 1339 2194 al ver que el zañudo
975 2200 1439 2237 la solia zurrar amenudo,
975 2244 1280 2280 determinó luego
979 2286 1518 2325 enviarle donde fué el sereno
979 2332 1277 2369 para vivir suelta
979 2374 1507 2420 y que no le ajustára cuenta.
