1765 2512
141 257 449 291 le dió pasaporte;
143 302 444 335 que esto pasa en Valencia
147 345 467 377 como en la corte.
135 386 631 420 Aunque amaba al segundo
146 432 514 464 mas que al primero,
142 475 510 508 lo mató por casarse
146 519 416 550 con el tercero;
141 562 543 595 y era un vagamundo,
145 602 741 638 que cansado de ir por el mundo
147 649 462 682 corriendo la tuna
131 693 683 725 y diciendo la buena- ventura,
145 735 413 770 tuvo la fortuna
138 779 666 812 de casarse con la tia Girula;
141 824 483 856 la cual, ya cansada
140 865 766 900 de sufrirle, le echó en la ensalada
138 911 466 942 no sé qué polvito.
148 955 482 987 que le dejó muerto
144 997 447 1030 como un pollito.
180 1041 510 1076 Amanecido el dia,
146 1085 376 1119 la tia Girula
143 1128 506 1161 se levantó llorando
146 1171 458 1208 como una bruja,
146 1215 460 1249 con ayes forzados
144 1258 746 1292 daba gritos muy descompasados.
148 1301 414 1338 Vecinas, decia,
144 1346 674 1380 acudid, calmad la pena mia,
146 1390 554 1424 que estoy en cuidado,
144 1435 690 1466 á mi esposo no sé que le dado
146 1478 522 1511 que está sin aliento.
147 1520 809 1554 ¡Ay Dios mio, si se me habrá muerto!
144 1566 513 1600 Al llanto acudieron
147 1607 733 1644 y entre todas de palos la dieron
141 1653 453 1688 y la maltrataron,
143 1695 775 1735 y de mata maridos no la dejaron:
195 1741 578 1773 Los viudos y solteros
150 1784 458 1819 todos la odiában,
144 1829 627 1861 tanto, que hasta los niños
152 1871 422 1905 la apedreaban;
148 1916 465 1952 mas la tia Girula,
152 1960 452 1993 como la picaban las pulgas,
154 2004 454 2037 trató de casarse,
148 2045 802 2079 que era invierno y quería abrigarse
147 2091 556 2124 aunque á sus maridos
152 2135 722 2167 la taimada no les daba abrigo,
152 2179 490 2212 porque los mataba
150 2223 710 2254 con sangria ó los envenenaba,
160 2267 446 2300 por ir variando,
149 2307 821 2344 y á mas tambien fumaba de contra.
191 2354 581 2387 Puso la tierna viuda (bando.
156 2400 456 2433 la red en pianta
862 248 1209 286 y por fin un gitano
871 294 1206 326 cayó en la trampa,
863 336 1216 369 el cual sin disputa
868 378 1500 412 se encargó del huerto y de la fruta,
866 423 1167 455 y á la novensena
863 465 1451 500 la zurraba muy bien la badana;
867 511 1168 543 pero la andaluza
862 553 1441 587 al gitano le arrimó una purga,
859 598 1180 630 sin ser boticario,
865 640 1497 675 que el pobre se fué al otro barrio,
859 685 1121 718 y la tia Girula
863 727 1333 761 quedó viuda y mas fresca
863 772 1178 805 que una lechuga.
912 815 1294 848 Se casó últimamente
867 859 1142 893 con un soldado
863 903 1286 935 que la ajustó la cuenta
864 947 1174 981 hasta un ochavo,
861 991 1165 1024 porque ya sabia
869 1035 1430 1068 de las mañas que ella se valia,
863 1077 1195 1111 ya estaba avisado,
861 1121 1397 1157 y él decia: no me dá cuidado
866 1166 1208 1198 á mí domar potros,
870 1209 1476 1241 pagará lo que hizo con los otros;
866 1252 1174 1284 la tarde primera
868 1295 1415 1328 va y la saca á merendar fuera
867 1340 1216 1372 monta en su burra
870 1383 1294 1415 y en medio del camino
870 1427 1171 1460 le dió una zurra.
907 1471 1287 1502 Llegó por fin al sitio
867 1514 1137 1547 de la merienda
867 1558 1531 1591 y á la burra la dijo de esta manera:
876 1603 1170 1634 ves como te ato,
867 1644 1508 1677 si del trigo que esta hai inmediato
873 1688 1217 1721 comes ni una caña
874 1731 1432 1764 con la vida pagarás tu hazaña;
869 1776 1241 1809 ¿burra, lo has oido?
873 1818 1402 1851 ves alerta cuidado conmigo;
867 1862 1241 1895 la burra bromeando
874 1905 1544 1938 ciertamente no comprendió el bando,
871 1950 1264 1982 se fue á comer trigo,
869 1993 1404 2027 y el soldado muy enfurecido
879 2036 1285 2070 dió muerte á la burra
871 2079 1553 2118 por ver si escarmentaba la tia Girula.
920 2125 1420 2159 Si no haces lo que mando,
875 2171 1114 2203 picara bruja,
880 2213 1289 2246 lo mismo haré contigo
879 2258 1196 2290 que con la burra;
879 2301 1187 2335 toma ese aparejo,
881 2346 1551 2381 que con él has de entrar en el pueblo,
883 2392 1223 2423 eso quiero, aprisa,
