1737 2508
224 233 792 267 y si nó mas pronto que la vista
219 278 576 312 te parto de un tiro:
221 322 790 355 y Girula exhalando un suspiro,
223 368 613 399 cargó con la albarda,
227 410 862 443 porque el medio todo lo acobarda;
226 455 611 486 de grado ó por fuerza
224 498 862 530 le siguió con su albarda á cuestas,
224 541 512 573 y pasó la novia,
226 584 842 617 por do estaban jugando la pelota,
230 628 532 660 entre los silvidos
223 671 766 704 la pusieron de mata-maridos,
226 714 661 748 que era una hermosura
235 760 771 792 y el soldado ó la mala ventura
227 802 568 835 se fué con la dama
229 846 589 879 á su casa y la novia
226 890 586 923 se echó en la cama.
275 933 576 967 lba la tia Girula
234 977 550 1011 tras del desquite,
225 1021 533 1053 y por asegurarle
227 1064 532 1096 hizo un combite
229 1108 623 1141 para hacer las paces;
228 1151 782 1187 y el decia: mira lo que haces,
234 1197 527 1230 y la amenazaba,
240 1240 694 1273 pero ella no se acordaba,
236 1283 539 1316 siempre decidida
233 1327 752 1359 y resuelta á quitarle la vida;
237 1371 588 1405 preparó un veneno
240 1414 776 1446 en un vaso de ponzoña lleno;
236 1459 568 1490 mas ella ignoraba
239 1501 788 1534 que el soldado todo lo miraba
235 1544 601 1579 y estando comiendo
239 1589 817 1622 cuando el vino iba repartiendo,
235 1632 584 1668 presento al marino
234 1673 764 1711 aquel vaso de veneno activo
235 1722 553 1755 diciendole: bebe,
943 223 1480 260 y él la dijo: el diablo te lleve,
948 268 1256 306 bebe tú primero,
946 309 1491 348 esto dicho y sacando su acero
951 356 1310 392 la hizo abrir la boca
944 396 1549 434 y en el vientre la purga emboca,
949 443 1335 479 dió una media vuelta
945 486 1362 522 y á presencia de todos
947 530 1243 567 se cayó muerta.
994 573 1396 611 Algo mas que de prisa
943 618 1212 655 los convidados
946 662 1340 698 se fueron á sus casas
945 707 1230 741 muy asustados;
954 747 1304 784 dió parte el marido
952 791 1421 829 al alcalde, de lo acaesido:
950 835 1305 873 como era ordinario
948 878 1476 916 á presidio envio al boticario
955 923 1364 960 que vendió el veneno,
1408 960 1629 996 y al sereno:
955 966 1397 1003 pues con él mató á tres
959 1008 1349 1046 la que mató á cuatro
956 1053 1459 1092 justo es que pagára el pato:
959 1097 1285 1134 al quinto no pudo
958 1139 1471 1178 aplicarle la ley del embudo.
996 1186 1301 1222 Alerta, casados,
958 1227 1571 1266 no olvideis la leccion del soldado,
960 1273 1269 1310 cuidado, solteros,
955 1313 1575 1352 no os caseis en pueblos forasteros
962 1359 1308 1395 no deis con alguna
955 1401 1419 1441 de clase de la tia Girula.
998 1446 1369 1482 Hermosas doncellas,
959 1489 1503 1528 ya que sois graciosas y bellas
965 1535 1309 1571 tomad escarmiento
955 1576 1577 1614 de este chiste ocurrido ó cuento.
956 1621 1361 1658 Pues ya he concluido,
957 1666 1338 1702 y perdonen las taltas
958 1710 1255 1747 si las ha habido.
631 1817 1244 1852 CARTA.
283 2065 647 2099 Generoso Periquillo,
237 2109 661 2144 el de la hebilla dorada,
244 2150 593 2188 con el capote raido
241 2196 621 2235 y la montera calada.
283 2238 706 2274 Amigo el mas cicatero
240 2282 713 2320 de cuantos juegan la taba,
252 2325 689 2364 querida de las doncellas,
247 2371 785 2407 (si es que las hay en España.)
282 1910 1591 1960 que envió desde Oran á la corte Perico Pata Gorda á un amigo suyo,
495 1957 1371 1999 aconsejándole que no se case con la tia Girala.
1006 2055 1527 2090 Me alegraré que estés bueno,
965 2099 1347 2133 hijo mio de mi alma;
959 2142 1491 2176 yo, me mantengo tan fresco
965 2187 1363 2220 en esta tierra lozana.
1007 2230 1552 2263 Ya he sabido que en la corte
965 2273 1403 2311 grande revolucion anda,
965 2316 1486 2355 y que han declarado guerra
963 2364 1421 2398 á todas las maturrangas.
