1765 2512
193 209 719 266 el perdon de los pecados.
239 273 847 331 Sagrada Virgen del Cérmen,
196 339 719 398 como esta plaza ganémos
204 405 677 465 ayudarme en esta tarde
195 477 743 538 y por tu gracia tendremos;
192 542 854 596 resurreccion de la carne
245 605 845 660 Con cuantas gotas de sangre
201 672 617 734 ganaron esta ciudad
925 196 1517 251 y el luto de aquellas madres
923 263 1487 314 hablando de esto es contar,
929 329 1387 380 de la vida perdurable.
973 395 1345 446 A Morella la dejé
923 463 1518 516 en aquellos que vencieron
927 526 1401 577 pidamos á nuetro bien
925 591 1478 647 por todos los que murieron
931 656 1499 712 requiescant in pace. Amen.
306 1042 1628 1109 Compuesto por Antonio Sanchez Roldan, natural del viso
205 1098 1632 1166 del Alcor, Provincia de Sevilla trabajador del campo, sin saber
214 1153 1453 1220 leer ni escribir: el que me lea, me dispense las faltas.
849 1535 861 1691 Fin.
716 1937 1137 2094 Impreso en Sevilla.
330 2131 1547 2315 Reimpreso en Carmona:—Imprenta de D. José M. Moreno.
