1737 2508
99 235 533 280 otros unós capullazos
91 294 643 337 mas gordasos que ciruelas.
97 354 574 398 En fin, llegan al taller,
99 412 684 457 en donde están las maestras,
99 470 623 515 estas, aquellas con quien
100 529 621 572 mas satisfaccion con ellas
103 586 619 631 tienen, la pregunta: ¿niña
99 646 667 689 qué traes que almorzar hoy?
102 705 660 750 ea, á ver? ella le responde:
107 764 647 808 ¡hay, hoy señora maestra
109 821 520 868 solo he tenido lugar
112 881 606 926 de comprar esta friolera!
107 943 578 989 y presentan al instante
109 1002 648 1040 dos sardinillas muy perras
112 1057 634 1101 de estas árenques, asadas
104 1115 604 1161 como la tinta de negras,
111 1173 517 1218 y mas, una tajadilla
114 1233 668 1277 de tonono que es mas seca
117 1291 613 1335 que el ojo del tio Benito
109 1350 662 1395 y mas dura que una piedra,
114 1409 762 1454 que este es pese á quien pesare
115 1468 692 1512 el comun almuerzo de ellas,
118 1526 671 1569 y en tiempo de las caballas
116 1582 506 1628 hay es una friolera
114 1643 667 1686 lo que entonces se regalan
119 1702 536 1745 y como se saborean.
163 1758 711 1802 Luego á menear las manos
124 1818 584 1862 para trabajar empiezan
119 1877 647 1919 mas es de lo que trabajan
120 1934 570 1978 el ruido de las tijeras,
125 1992 655 2036 luego ¡qué conversaciones
118 2051 619 2095 que se arman entre ellas!
127 2111 669 2155 ¿óye viste tu en la esquina
128 2169 612 2210 aqui de la calle Nueva,
120 2227 643 2270 dime viste á afeita culos;
122 2286 753 2331 ¿masca chinches te hizo señas?
817 232 1297 280 y á ti, dime te las hizo
819 290 1354 333 aquel de las patas tuertas?
817 348 1359 392 como que queria hablarme
832 407 1325 453 ¡vaya una pieza de leba!
869 464 1380 510 En estas conversaciones
824 524 1268 570 todito el dia se llevan
823 582 1323 631 y solo hacen tres atados
832 642 1393 688 que el demonio que los vea,
827 701 1316 746 luego á la tárde al bajar
831 759 1294 803 por aquellas escaleras,
833 818 1274 863 parecen locas de atar
833 876 1352 919 y son locas desenvueltas,
835 933 1365 978 algunas de ellas se vienen
833 992 1266 1035 á su casita derechas
833 1051 1392 1095 como muchachas honradas,
831 1110 1295 1154 otras van á la taverna
834 1169 1283 1213 á beberse sus vasitos
833 1228 1318 1270 para echar ahajo penas
841 1287 1364 1330 otras que son dormilonas,
839 1344 1380 1387 ó tienen otras tras tiendas
838 1402 1396 1448 ó como el sueño es pesado
841 1461 1338 1506 en tiempo de primavera,
837 1520 1443 1563 ó que se yo por que algunas
838 1579 1385 1624 el Diablo que las entienda,
843 1636 1378 1682 suelen ir tarde y entonces
840 1696 1344 1740 (esto es lo quieren ellas)
840 1749 1448 1799 como no es hora de entrar
847 1813 1368 1859 ya se vé se quedan fuera,
843 1872 1306 1915 se dicen unas á otras
851 1930 1438 1973 que no has entrado morena,
844 1989 1418 2032 si se ha acabado la entrada
853 2046 1372 2091 á ver las delicias nuebas
849 2106 1398 2152 y las viejas vamos, vienes,
851 2164 1325 2214 yo ya las he visto esas
857 2223 1371 2270 y las otras, ven al Prado,
858 2284 1294 2328 vámonos á Castilleja,
