1765 2512
208 258 610 302 Vivia yo cierta vez
174 317 653 361 en casa de dos pureras
165 374 645 423 (no volvere á vivir mas
171 431 755 479 aunque en la calle durmiera)
177 486 743 540 por que siempre estaba loco
178 550 610 598 de dolores de cabeza.
175 606 607 658 A penas venía el dia
185 659 859 716 qué ruido, qué estruendo y gresca
172 722 739 773 armaban: decía una á otra:
176 780 710 833 mira has visto las tijeras?
179 840 619 891 para que las quieres?
187 893 860 950 toma¿de todo han de darte cuenta?
181 953 764 1011 para cortarme este jilángano
191 1014 773 1068 que de las naguas me cuelga
193 1073 685 1130 ¿y el arrebol dime dónde
178 1135 618 1182 lo pusiste? si meneas
179 1190 759 1241 las piernas sabrás en donde,
187 1248 729 1302 ¡qué relamida! ¡qué bestia!
184 1305 734 1358 y el blanquillo, dónde está?
180 1366 709 1415 me dejas ya gran puerca?
183 1425 720 1472 di tú donde está el espejo?
181 1484 679 1530 ahí está en la chimenea,
187 1543 689 1588 en buen sitio lo pusiste,
188 1601 719 1647 oye, tú ya vas compuesta,
186 1659 793 1706 pues yo tambien quiero ahora
192 1717 791 1764 componerme que me esperan
191 1774 828 1823 como á ti, ¡quién? ¿no lo sabes?
203 1834 759 1881 pues me espera Bocanegra,
194 1894 585 1941 oye aquel tan refeo
198 1951 830 2000 de ayer tarde? ppues es prenda!
197 2011 717 2058 mejor mozo que tu novio,
203 2070 703 2119 que perece una escalera,
195 2129 738 2175 con unas patas mas largas
198 2187 695 2237 que parece una cigüeña:
195 2251 761 2298 ¡qué amiga de poner faltas!
194 2314 709 2369 ¿por qué no se mira ella?
941 247 1409 293 En fin salen á la calle
895 308 1392 357 ¡qué fragata á toda bela!
899 366 1400 408 á todos vientos caminan
898 421 1399 469 que parecen dos goletas
903 482 1376 530 ¡qué meneo y remeneos
902 542 1396 585 llevan aquellas traseras,
908 598 1318 645 escotada la mantilla
903 657 1371 704 con una tercia de felpa
907 716 1277 763 y todo solo por ir
899 774 1337 823 luciéndose la peineta
913 832 1391 881 que eso no puede faltar
901 891 1440 940 aunque camisa no tengan:
906 951 1355 997 el brazo de latiguillo;
908 1008 1376 1055 la saya á media pierna:
908 1067 1427 1115 las ligas para que luzcan
912 1124 1393 1171 un poquito colganderas.
904 1180 1498 1232 Los tontones que en la calle
909 1238 1505 1289 de esta suerte las encuentran
910 1295 1373 1350 hechos unos papanatas
910 1356 1471 1410 quedan con la boca abierta.
903 1414 1371 1468 Ellas como lo conocen
912 1470 1477 1526 los miran con sorna y flema
913 1532 1376 1587 y les dicen mira tonto
911 1593 1341 1640 si media casa deseas
910 1646 1411 1698 no tienes que preguntar
923 1704 1461 1757 todo este bajo se arrienda.
957 1762 1472 1814 Por fin llegan á dar vista
919 1822 1439 1873 á la hermosa calle Nueva
924 1877 1603 1932 donde alli hay mas de mil mozos
927 1940 1335 1990 de la primera tijera
923 1997 1465 2057 ¡qué de dichillos les dicen!
921 2058 1489 2113 ¡qué anchas se ponen ellas!
927 2118 1505 2164 muchas se ponen tan ancha:
927 2175 1467 2224 como berdolaga en huerta.
925 2235 1409 2282 Unos les regalan flores;
929 2302 1516 2352 otros blancas azucenas
