1765 2512
171 291 687 343 dice otra, que las madres
165 349 681 401 no lo saben, ¡linda flema
167 411 701 461 en yendo á casa á la hora
164 468 649 520 que salen las cigarreras
163 525 680 577 hay mas! ya se vé que no
165 586 743 640 pero para holgarse es fuerza
173 648 597 694 ir á Castilleja? ¡qué!.
175 704 673 752 en Sevilla cuanto quiera
171 763 609 811 una, se puede holgar.
168 820 768 870 Luego sale de estas huelgas,
165 879 667 930 suele salir lo que sale...
172 938 581 989 ojalá que no saliera!
175 992 715 1045 algunas se están holgando.
172 1054 650 1103 hasta semanas enteras,
165 1111 645 1162 luego acuden á su casa
179 1168 713 1221 cuando á parecer aciertan
183 1228 637 1280 ¡hé! ya pareció la niña
169 1287 687 1338 la madre como una fiera,
172 1346 770 1394 sale á recibirla y dice
168 1403 687 1453 muy enfadada y resuelta:
175 1458 747 1513 chiquilla ¿dónde has estado?
175 1519 691 1572 me entretuvo la maestra,
177 1576 701 1630 madre, y á los pocos dias
175 1637 683 1691 se descubre... friolera...
175 1693 763 1752 pues esto es lo que quedaba
173 1755 617 1811 para coronar la fiesta
173 1813 709 1867 y ellas para que la madre
174 1872 741 1921 no se enfade y la reprenda,
176 1928 677 1979 el mejor modo que elije
175 1988 743 2041 es de su ingénio una treta,
182 2046 675 2100 cuanto la madre respira
879 278 1419 326 responderle con soberbia,
884 338 1396 382 de modo que la atorrulla
891 397 1319 444 y calla la pobre vieja,
895 453 1461 507 ¿qué hay en casa que cenar?
899 514 1441 564 ¿qué tiene que ver la cena?
896 573 1422 615 toma un cantito de pan.
893 632 1357 679 y en un oyito le echa
892 688 1362 734 aceite, y esa está bien
899 748 1554 793 menos la que come...
898 805 1548 851 Yo le daré un consejito
903 862 1548 909 tómenlo por donde quema
896 922 1539 963 á estos muchachos que llaman
898 980 1294 1023 de la primera tíjera
906 1037 1554 1080 que echen nobias si les gustan
899 1098 1345 1140 aunque sean cigarras,
894 1160 1395 1207 y que se casen si gustan
904 1214 1388 1259 ó no se casen con ellas,
903 1271 1371 1317 pero les voy á advertir
901 1330 1523 1376 que allá entre Cabra y Lucena
910 1390 1410 1433 tienen ellas un condado
909 1447 1493 1491 que no es poca conveniencia
903 1507 1503 1555 para cualquier mozo honrado
905 1565 1457 1612 que quiera tanta grandeza:
903 1623 1409 1670 aqui se acaba la historia
901 1681 1395 1728 con todas las cigarreras
902 1741 1520 1787 no hablar que tambien las hay
907 1800 1437 1846 como unas santas de cera,
903 1856 1457 1906 Pido un Victor y el perdon
903 1914 1487 1968 y el que no toque las palmas
897 1977 1371 2023 me C... en su corazon.
832 2097 934 2250 FIN.
694 2297 1077 2340 CARMONA:—1858.
306 2338 1457 2400 Imp: de D. J. M. Moreno. Calle Juan de la Cabra, núm 4.
