1752 2480
165 289 649 327 Pero al inglé y al fransé
162 336 610 377 les puse er josico atró;
168 386 578 425 la lengua se le muó;
184 434 676 474 y fueron mis golpes táles,
175 484 677 522 que por eso, eso morrales
177 532 571 569 no jablan el españó.
124 578 676 624 Cur. Cayesusté, so borrego,
166 628 630 670 ó le jago un boqueron,
172 678 642 715 ponde quepa el corralon
170 726 626 764 con borricos y gayego.
183 773 608 811 Torregorda, la caleta,
173 823 718 864 dos escuadras descargando,
180 872 652 913 quince perros peleando,
171 920 644 958 dies castiyo y la retreta:
176 966 642 1007 Toito lo que he mentao
172 1017 707 1055 le vá á cabé en lo profundo
173 1068 742 1103 y á la puerta pongo er mudo
175 1114 642 1155 con el sombrero quitao.
123 1162 746 1202 Juan. Várgame la sota é basto!
173 1212 628 1246 mas mulé vasté á yevá
175 1259 734 1299 que se merece el mu trasto,
175 1307 732 1349 Porque yo soy Juan Castiyo,
127 1356 804 1396 Cur. Hombé, me jase osté gracia.
163 1404 668 1446 Si meto mano al cuchillo,
180 1452 584 1492 sale Juanito Castiyo
181 1500 704 1542 juyendo de aquí pa el Asia.
182 1548 646 1590 Miste á mi veni á isirme
184 1600 672 1642 que me iba á dá mulé!:..
903 291 1317 326 Sin duá pensaba osté
897 338 1454 375 que de mieo iba á morirme.
903 386 1436 423 Pu si es má: que sierto dia
902 435 1395 471 me quiso yevá la muerte
900 483 1425 521 y le di un soplo tan fuerte
898 533 1428 568 que la maté allí en seguia.
841 579 1432 616 Pilar. Señó Juan, voy á jablá
903 627 1430 663 porque osté asina lo quiso.
901 677 1389 713 Antier tarde estaba osté
905 726 1338 763 al pié de la escaleriya
895 776 1335 812 platicando con Pepilla
903 823 1380 858 de lo que no quieo sabé.
903 874 1366 906 Ayer con otra señora..
903 914 1371 955 esto no es formaliá;
904 970 1364 1005 con que está mu rigulá
901 1017 1476 1055 que á mi me yegue mi hora.
905 1065 1388 1101 Mi dueño es este gachó:
901 1114 1379 1149 y una vez que lo queria:
901 1165 1454 1198 no se acuerde en toa su via
907 1211 1299 1251 que tal Pilá conosió.
856 1260 1411 1301 Cur. Salero, mu bien jablao.
855 1310 1397 1350 Juan. Con que me has aborrecio?
903 1356 1384 1396 Me voy sín sé tu querió?
860 1406 1377 1445 Cur. Y que jase osté parao.
903 1453 1373 1494 La cuestion es concluia,
905 1501 1357 1540 osté se larga á la calle,
899 1550 1413 1592 porque gobierna esé talle,
907 1601 1403 1639 él maton de Andalucia.
699 1866 961 1937 Fin.
261 2215 1535 2268 CARMONA:1860.
252 2283 1413 2325 Imp. de D. José Maria Moreno calle de Madre de Diós.
