1765 2512
362 275 886 317 dos calé y se le escucha.
326 324 902 365 Pil. Pus bien, comiense osté ya.
328 373 904 414 Cur. Sepasté, cachito é sielo,
374 423 902 461 que ar punto que la diqué,
376 470 700 509 erretio me queé
376 519 930 556 lo mesmo que un caramelo.
327 567 948 605 Pil. Osté me engaña so jaque
332 616 954 654 Cur. Si yo en algo le he mentio
367 667 895 701 que pege aquí un estayio
376 713 974 752 lo mesmo que un siquitraque.
370 760 850 803 Conque asina, corazón,
371 811 745 849 lo que le voy á peí
372 858 958 899 si acaso es que me dá el sí...
324 907 567 945 pil. El qué?
604 958 941 995 Cur. La conversacion.
323 1006 839 1043 Pil. Ay salero! no pue sé
324 1053 996 1092 Cur. ¿Y poque no, sal de espuma?
326 1101 949 1141 Pil. Porque tiene ya su pluma
374 1152 810 1188 el tintero que osté vé.
328 1199 950 1238 Cur. Es que esa pluma se tira.
328 1248 946 1286 Pil. Po si es un moso, Jesú
372 1297 906 1333 que es mesté hacele la crú
370 1344 900 1381 como á los mengues, señó.
372 1393 947 1433 Poíque en jinchando la jeta
371 1440 858 1481 y aquella cara esguasnia,
377 1490 903 1529 es capás de una embestia
372 1538 876 1577 tragarse hasta la caléta.
328 1588 892 1629 Cur. Yo le jablo al balenton,
371 1639 879 1676 y si quié echarmela é guapo
366 1685 866 1726 lo via meté de un sopapo
370 1731 876 1773 en la piquera é un belbn;
320 1783 998 1820 Pil. Cuéntame osté uná aventdra:
338 1831 930 1871 Cur. Bues abra osté, criatura,
378 1879 792 1918 las orejas pa escuchá.
372 1927 907 1967 Uña ves en la gran China.
369 1978 823 2014 porque jonjabé una fea
375 2026 834 2061 tuve una media pelea
368 2076 930 2114 por causa de aquella endina.
370 2124 960 2165 Toos se juntaron allí
368 2173 930 2212 mosos, chavales y gùapotes
365 2222 978 2262 cojieron jasta pelotes
359 2271 937 2312 pa tirámelos, ámi.
1091 282 1493 318 Cometí tal desacato
1103 333 1541 367 y arrié tanta guantá,
1107 379 1577 415 que desde entonces acá
1109 424 1624 464 estan tos los chinos chato.
1106 472 1620 512 De moo que el mas felí
1100 522 1606 560 de los que viven hoy dia,
1100 570 1644 612 es el que tiene, alma mia,
1101 618 1498 655 medio deito è narí.
1107 670 1519 707 Quieramusté, ñá Pila,
1104 720 1534 755 quierame por su salú
1097 766 1568 804 ó vasté á verme ¡Jesús!
1095 813 1610 852 mas frito que un calamá.
1044 862 1628 901 Pil. Pus vaya usté sin tardá
1098 912 1570 950 á mi casa entro un rato,
1099 960 1632 997 y así que pruebe su trato
1102 1008 1548 1045 lo acabare é esengañá.
1057 1057 1676 1095 Cur. Yo no pueo esperá tanto.
1100 1105 1618 1142 Y sepa osté mu de vera
1100 1154 1737 1193 que quien me tenga á la vera
1095 1202 1576 1239 á su lao tiene un santo.
1100 1250 1716 1288 Mas si en medio é este fregao
1104 1298 1640 1340 viene arguno á meté pata,
1106 1348 1490 1384 comiensa la saragata
1093 1395 1623 1433 y me güerbo endemoniao.
1104 1444 1694 1483 Con que, ya está osté enterá,
1091 1491 1568 1529 si usté me camela á mí
1103 1539 1540 1578 va osté á yevarse, jui!
1096 1590 1558 1628 emonio santo á la pá.
1047 1640 1704 1678 Pil. Pus entonces, Curro, vete,
1099 1689 1553 1731 y dile á ese chinorrí
1105 1738 1595 1775 que te jamas Mata-siete
1101 1786 1669 1826 y qüe ho hay mosos pa tí.
1043 1836 1696 1870 Juan. ¿A donde caminas, Curro?
1159 1884 1704 1920 Cur. En busca de un mál gaché
1103 1932 1545 1967 pátragarmelo, tan fijo
1103 1980 1645 2016 como siete y tres son dié.
1055 2029 1718 2065 Juan. Sosiegate hombre, un poco.
1100 2078 1534 2114 no te vayas á esponer,
1096 2126 1720 2166 qué aunque le sobra el valor;
1095 2176 1680 2216 te puede faltan tambien.
1049 2227 1673 2262 Cuy Po señó, yaspierdojel tino:
1088 2274 1678 2312 puo desi ¡queventeste dias
