1737 2508
312 279 670 315 me cayó la loteria
318 326 763 364 con el tio y el sobrino.
319 376 693 413 Tamien es causaliá,
315 424 762 465 que cuanto yo lá diqué
319 471 732 511 la filamos toitos tré,
311 515 762 560 y es pa mí sola no má.
320 566 694 608 A suicasa voy á dí.
312 617 754 656 à contarle lo que pasa,
315 663 760 704 y á que me diga en su casa
318 712 674 750 lo que tenia é isí.
318 761 753 806 Y si por casualia
310 812 774 850 me deja por otro moso,
314 860 893 912 ayí á rosoy á beyoso
318 908 760 948 comienso á da é jofetá.
456 1010 750 1042 Juan Castillo.
314 1054 894 1101 Yo no sé quien mo sujeta
311 1101 895 1149 si es un santo ó querubin,
312 1150 911 1204 que no jago una jaratá
306 1200 801 1239 pa que se acuerden é mí,
308 1251 943 1304 ¡Quien habia é figurarse
304 1300 815 1344 que Pilarillo á la fin
308 1347 796 1384 y al cabo é quince mece
311 1391 692 1431 tenia é portarse así!
308 1441 713 1484 Esta mañana salió
311 1489 731 1531 y dijo espérame aqui;
312 1538 896 1590 hace dos horas y media...
311 1588 785 1637 y la perrá sinvení.
307 1636 779 1674 Mas... yo la asiguataré!
307 1679 661 1723 y si la dico por fin
303 1732 802 1773 con un chavó platicando,
304 1778 776 1823 los güesos le voi á cruji,
299 1824 676 1868 y ó seguiita la dejo
307 1877 852 1919 jasta sécula sin fin. (Pausa)
252 1923 847 1967 Pil. Gracias á Dios que se fué
293 1972 719 2017 y me dejó aqui solita,
302 2024 804 2064 pa que puea mi personita
303 2071 758 2112 hablá con aquel gaché.
252 2118 928 2163 Cur. ¿Si osté mesdá su permiso?...
247 2164 796 2209 Pil. Ya lo tiene osté tomao.
251 2215 867 2258 Cur. Pero como estoy cortao
285 2260 747 2309 peirselo me es presiso.
988 283 1584 321 Pil. Ay que genio mas cortito!
996 332 1536 368 Cur. Con que digasté pueo entrá?
987 380 1606 416 Pit. ¿No se lo he dicho asté ya
1043 427 1544 464 ó se jase osté el chiquito?
995 475 1494 514 Cur. Pu señó ya me colé.
996 523 1602 560 Pil. ¿No era osté tan balenton?
994 572 1533 611 Cur. Es que too mi corazon
1033 620 1561 661 se me encoje al ver á oste.
1041 669 1504 708 Si hubiera visto al subí
1040 719 1574 757 algun gachó en la escalera,
1039 765 1549 806 hubiese entrao é carrera
1038 814 1438 854 pa verlo salí po ayí.
1119 863 1540 907 (Señala a la ventana.)
1038 908 1523 955 Miste cual es mi geniaso;
1028 958 1524 1002 si yo viera que un chavó
1040 1008 1458 1046 le decia asté con Dió
1030 1056 1401 1097 lo jasia dos peaso.
1036 1104 1522 1146 Yo lo digo, y aquí acaba.
1034 1157 1540 1193 Si algun estrangero viene
1034 1201 1532 1245 y vé la sal que osté tiene,
1034 1250 1522 1294 se le cae hasta la baba.
1027 1300 1326 1338 Si no esyerdá,
1030 1347 1582 1392 que me jame un perro dogo,
1029 1397 1508 1436 Jay! de coraje me ajogo
1035 1445 1506 1488 solo en pensarlo na má.
1033 1497 1613 1546 Esto se crió pa mi.
1032 1544 1523 1592 Y pa quitarnos é lio
1026 1593 1608 1640 lo mesmo osté que su tio
1030 1639 1488 1680 se van á largá de aquí,
1022 1691 1556 1728 porque es tal la fuerza mia
1027 1739 1608 1777 que tengo pa dá un moquete
1027 1788 1516 1825 que me llaman Mata-siete
1034 1836 1404 1875 eñ toita Andalucia.
982 1882 1652 1926 Juan. Po si una ves en la Francia...
1023 1932 1488 1974 y cudiao que no fué ná,
1024 1981 1459 2021 tuve que andá á jofetá
1031 2031 1477 2069 por no tené tolerancia.
1019 2079 1487 2117 Puo disírlo con jatancia
1022 2128 1552 2167 que fué tan crúa mi guerra
1022 2176 1474 2215 que vino la Ingalaterra,
940 2226 1530 2270 Portugá, la gran Turquia;
1016 2265 1421 2305 vino toa la Moreria.
