1737 2508
1496 153 1506 303 3
219 277 611 308 que si lo miras, caerás
209 316 706 348 muerto de susto y asombro:
220 355 596 388 Llégate á el sin recelo,
213 396 627 428 y le hallarás un manojo
215 435 577 468 de llaves y puedes ir
215 475 626 508 abriendo los Calabozos,
221 514 716 551 y aunque veas lo que vieres,
224 555 718 589 no huyas porque te informo,
217 596 717 629 que es duplicarme las penas
225 635 628 666 en tormentos rigorosos.
213 675 606 706 Sigue mis pasos, serás
218 715 666 750 el hombre mas venturoso,
222 755 654 789 que por la altanera fama
221 796 647 828 publica el Clarin sonoro:
222 835 654 866 diciéndome: mientras yo
217 874 650 908 me retiro á mi locutorio,
221 915 635 946 á suplicarle á tus Dioses
226 955 676 986 tu pretencion tenga logro:
221 995 672 1027 Alá te guarde, y defienda.
226 1032 688 1069 Fuese en fin, y quedé solo,
220 1073 622 1107 deseoso de la empresa,
223 1113 721 1147 y á los riesgos me antepongo
227 1154 659 1186 por entre robles y selvas,
228 1193 711 1228 sin saber por donde ó como;
223 1234 774 1269 en breve me hallé á las puertas
224 1273 627 1306 de un Palacio suntuoso
222 1313 680 1348 que apenas abrí la puerta,
224 1355 644 1385 tiró un golpe impetuoso,
229 1394 734 1427 que la Torre, y yo quedamos
225 1435 715 1466 temblando, mudo y absorto.
218 1475 784 1508 Huirle el cuerpo á sus impulsos,
223 1514 696 1548 que si me detengo un poco,
224 1554 658 1585 contra la pared me cose,
223 1594 781 1628 pues dió en un mármol lustroso
223 1634 652 1667 y entró la acerada punta
223 1675 662 1707 mas de seis dedos u ocho:
224 1714 674 1749 Astilló, y cayó el Gigante,
223 1754 649 1786 y luego al instente tomo
224 1794 704 1828 las llaves, y empecé á abrir,
223 1835 714 1867 en la primera hallé un Toro,
221 1875 694 1908 que apenas abrí la puerta,
221 1914 652 1947 fué tán recio el alboroto,
234 1954 610 1986 que desunia las peñas
221 1993 706 2028 con sus dos alfanges corbos;
226 2033 625 2066 llegó á mí para tirarme
221 2074 654 2106 un recio golpe, y lo cojo
233 2114 688 2145 por las hastas, y torciendo
225 2154 627 2186 aquel cuello benevioso,
226 2193 674 2226 cayó en tierra, y tá cerviz
223 2235 592 2268 indómita se la corto;
940 277 1378 310 lo dejé, y en otra puerta
936 319 1396 350 puse la llave, y tan pronto
940 357 1358 389 como abrí, se salió à mí
940 396 1396 429 un Leon, que por los ojos
940 436 1368 468 rayos de fuego arrojaba,
942 473 1385 509 y puesto en pié daba solo
946 517 1414 549 muestras de ser las ruinas
947 555 1344 589 y de las vidas despojos;
943 597 1475 628 con sus diez sangrientas dagas
948 637 1408 669 iba á dividirme en trozos,
949 676 1406 710 mas haciéndole de fuerte,
946 715 1376 748 tan arrogante y furioso,
948 757 1418 788 las manos le eché á la boca
939 794 1374 829 y se la abrí de tal modo,
948 836 1416 869 que desquijaré sus fuerzas,
947 876 1374 908 como Sanson con el otro.
946 915 1386 948 De aquí pasé á la tercera,
949 956 1405 988 este fué el mayor de todos
949 995 1388 1028 los temores, pues apenas
945 1036 1384 1068 la llave en la puerta toco,
944 1075 1318 1107 impensadamente sale
948 1115 1362 1147 un esqueleto horroroso,
942 1155 1394 1187 un espectáculo horrible,
944 1195 1432 1226 sin carnes los huesos todos:
951 1235 1380 1267 la muerte en fin, y traia
945 1276 1480 1307 una guadaña en sus hombros,
950 1315 1352 1347 diciendome: cómo aquí
944 1354 1303 1386 atrevido y licencioso
949 1395 1386 1427 has entrado á quebrantar
951 1435 1362 1467 el precepto y el decoro?
946 1475 1362 1508 Pues por tu osadia irás
948 1515 1356 1547 á sepultarte á ese foso:
952 1555 1308 1587 Enarboló la cuchilla,
947 1596 1359 1627 para matizarla en rojo,
950 1634 1378 1667 en el coral de mis venas,;
946 1675 1334 1706 muy cólerico y furioso
947 1715 1443 1747 pronto le apliqué las manos,
949 1754 1417 1786 y contra el suelo la arrojo,
955 1794 1384 1826 que iba haciendo por las peñas
949 1834 1377 1867 gran parte de territorio;
955 1874 1390 1906 el peñon mas formidable
958 1914 1362 1946 se desvanecia en polvo:
948 1955 1470 1986 fué tal el rumor y estruendo,
959 1994 1359 2026 que se terraplenó todo,
952 2035 1492 2066 cuando ahuyentando tinieblas,
958 2073 1343 2106 vi salir de un Oratorio
954 2114 1406 2147 la deidad mas peregrina,
955 2155 1388 2187 el prodigio mas heróico,
955 2193 1465 2227 que en humanas hermosuras
949 2233 1391 2270 pudo caber, y el adorno
