1765 2512
303 259 333 291 2
218 301 570 334 ó paises de cipreces
214 341 621 374 ó alcázares de biombos:
221 380 553 415 Alegre me divertia,
224 419 651 454 escuchando lo armonioso
226 460 651 494 de las fuentes, y las aves
224 498 655 533 con sus cánticos sonoros.
224 540 665 574 Dulce acento prorumpian
223 580 690 615 clarin de suavidad, y gozo,
228 619 637 656 y por la falda, ó cenefa
228 658 687 694 de aquel Moncayo iba solo
224 699 646 734 brujuleando por sendas
232 739 680 774 de murtas, y cinamomos,
230 779 746 814 cuando de entre unosfanreles
228 818 631 854 sentí pasos presurosos:
236 859 625 894 salia un vulto, si bien,
230 900 723 934 por mas que la vista pongo,
234 940 622 973 no reparé si era almia,
233 979 735 1013 si de esté mundo, ó del otro:
235 1019 716 1052 no han visto tal vez un rayó
238 1059 658 1092 salir de la nube aborto,
233 1098 660 1132 que con grande regocijo
233 1140 668 1172 la mide en espacio corto,
241 1179 569 1212 é exalacion fugitiva
242 1219 627 1252 entre los azules globos
242 1258 707 1294 correr, y en lineas de fuego
240 1297 630 1332 alas prestarles el noto
235 1339 702 1372 en breve impedí sus pasos,
233 1379 639 1411 y á remorear me pongo
243 1418 617 1451 con el acero desnudo,
244 1457 764 1491 siendo á su violencia estorbo,
244 1496 707 1532 cuando en mi presencia ví
249 1536 697 1572 una mujer, raro asombro.
239 1577 671 1615 y aunque en la fisonomia
241 1617 735 1654 pronosticaba ser mónstruo,
243 1658 575 1694 por el dilatado pelo
252 1697 614 1731 ondeado, y espacioso,
244 1738 696 1772 á el uso dal primer padre
249 1776 663 1811 le vestia el cuerpo todo;
252 1817 724 1852 mas de una Diana, ó Venus
249 1856 649 1892 era su angélico rostro.
247 1897 655 1931 Elevada quedó á el ver
253 1937 613 1971 de mi espíritu brioso
254 1977 626 2012 lo animado del valor
247 2016 685 2052 lo resuelto y lo animoso.
259 2057 665 2091 Despegando sus corales,
260 2098 680 2131 hechos sus ojos arroyos,
252 2137 678 2172 me dice: gallardo Jóven,
260 2178 636 2211 de tu valor reconozco,
255 2217 710 2252 que sin duda eres Alcides.
251 2258 709 2294 pues me seguiste animoso,
937 292 1331 327 y resuelto determinas,
942 331 1414 366 sin recelarte de asombros,
936 370 1334 404 á saber de este suceso
952 411 1440 444 la causa, el porqué, ó como:
949 451 1405 484 Y supuesto que los Astros
953 490 1301 525 en ti dominaron solo
951 531 1341 565 tanto espiritu esta vez,
954 569 1305 605 á tu pecho generoso
943 610 1337 645 he de fiar mi secreto;
949 649 1369 684 pero primero es forzoso
952 689 1506 726 me digas tu nombre: entonces
954 729 1347 766 sin rodeos ni episodios
956 769 1435 807 le dije: escucharme atenta!
964 809 1497 844 Mi nombre propio es Francisco
961 848 1326 885 de Paula de Morales:
964 888 1471 925 dijome entonces, no ignoro,
953 929 1533 965 que de tal nombre á tal hombre
964 970 1297 1004 fia mi secreto todo.
959 1008 1395 1044 Has de saber soy Selima,
971 1049 1416 1083 hija de un Principe Moro,
970 1089 1403 1122 del caudal mas opulento,
964 1126 1557 1166 que ha habido en el mundo todo
965 1166 1369 1206 y cuando la Cristiandad
967 1208 1449 1242 nos conquistó, ciego y loco,
969 1247 1469 1283 por no darle á los Cristianos
966 1288 1382 1321 este caudal tan copioso,
969 1327 1393 1362 dispuso que sus alhajas
968 1369 1382 1403 costosas de plata y oro,
971 1407 1348 1442 en un depósito oculto
972 1448 1318 1482 formase rico tesoro,
972 1486 1535 1522 cual no le habrá visto el mundo,
967 1527 1367 1563 ni ha penetrado el mas docto;
975 1569 1367 1603 y falto de fé y piedad,
979 1607 1391 1641 dispuso el mas rigoroso
980 1647 1381 1682 pensamiento contra mí,
980 1687 1465 1722 que caber pudo en oprobios;
971 1725 1459 1764 y fué, que embargó mi vida
972 1767 1407 1802 en pacto con el demonio,
980 1805 1455 1842 que no me venza la muerte
979 1847 1455 1881 hasta tanto, que un coloso,
986 1886 1439 1922 que de acero fino esgrima
978 1926 1417 1962 de una lanza, y esto solo
987 1966 1493 2001 ha de rendir con mis frases,
984 2005 1541 2040 que ahora en breve te informo.
975 2046 1397 2080 Sobre la mano siniestra
977 2087 1381 2121 del Castillo te supongo,
986 2125 1483 2162 que por la parte de adentro
986 2166 1499 2202 has de ver de aqueste modo:
983 2208 1371 2241 Un horroroso Gigante,
987 2245 1561 2284 que está en pié, y tan horroroso,
