1765 2512
302 246 326 278 4
204 281 649 324 de unas doradas preseas
202 320 687 363 de Damascos inuy costosos:
213 360 673 403 iba á besarme mis nianos,
208 400 675 441 y en mis brazos la recojo;
207 441 697 484 y asiéndome de una mano,
210 479 689 523 por un estrecho, y angosto
215 519 629 563 callejon me llevó á dar
215 559 635 602 á un paraje, donde solo
219 599 607 643 una viva luz nos daba
228 640 688 684 lugar, que viesemos todos
223 681 625 723 cuantos metales habia,
225 719 743 763 que por muchos no los copio;
224 757 721 803 y me ha dicho: como dueño
226 798 730 843 de aqueste caudal, dispónlo:
227 840 665 883 Ahí están unos Caballos,
226 879 671 922 ensilla el mejor de todos,
235 920 647 963 que en uno pretendo ir,
227 957 689 1003 si en ello fueres gustoso:
231 998 715 1043 me puedes dar el bautismo,
234 1039 669 1082 serás mi querido esposo;
239 1081 587 1123 le agradecí la fineza,
239 1121 633 1162 y fuera de mí de gozo,
243 1158 629 1203 en dos Etiopes brutos
245 1199 736 1243 cuatrocientas barras pongo
240 1241 577 1282 de oro fino de tiva,
235 1280 647 1326 y por ir mas poderoso,
245 1318 627 1363 puse de plata maciza
246 1357 730 1402 otras tantos, y os informo,
256 1395 789 1442 que ni aun el Rey me igualaba
257 1437 657 1483 en caudal, sino yo solo:
257 1478 675 1520 y en un vole var pegaso,
256 1515 753 1562 hijo de vorio, á ser pronto,
255 1554 733 1603 nos montamos, y le dimos
251 1595 741 1643 rienda á los vagajes todos.
255 1638 679 1683 Andariamos dos millas,
260 1673 825 1724 cuando por entre unos troncos
929 257 1437 300 salen diez hombres armados,
931 295 1427 341 que sin hablar con nosotros
938 336 1403 380 nos daban portoro y plata,
935 375 1425 419 en cambio polvora y plomo:
931 416 1357 459 En el incendio mataron
938 455 1397 498 los brutos, y á al alboroso
940 502 1237 538 el mio se disparó,
935 536 1344 579 y salvando como Corzo
943 575 1403 618 las ramas, baje á un Valle,
943 612 1427 659 dando en un piélago ondoso
947 656 1413 697 de un profundo lagunillo;
949 696 1417 737 tres veces visite el fondo,
953 737 1403 780 y yá en las últimas ansias,
947 775 1393 819 permitió el cielo piadoso,
955 815 1381 857 que cobrase nueva vida:
951 855 1361 897 desperte muy pesaroso,
957 895 1425 937 en ver pérdida tan grande,
955 935 1451 977 que dije, ó sueño engañoso,
961 974 1411 1017 ó manantial de mentiras,
963 1014 1489 1056 que ofreces mucho y das poco,
957 1057 1305 1095 ó traidor, adulador;
959 1093 1483 1136 falso, pues tienes dos rostros,
963 1133 1463 1176 enemigo mas que el mundo,
969 1170 1487 1217 mas que la carne y demonio:
971 1213 1485 1258 y aunque conozco mi engaño,
964 1253 1333 1298 todavia estoy dudoso,
973 1292 1416 1336 porque me parece cierto
973 1330 1395 1377 lo que con el tacto toco.
975 1372 1420 1417 Esta pérdida es por quien
980 1411 1421 1458 me quejo, suspiro y lloro:
977 1453 1335 1497 mirad si tengo razon
978 1492 1433 1536 de mostrarme tan quejoso,
976 1531 1469 1576 donde Francisco de Morales
980 1573 1371 1616 le notifica á el curioso,
981 1610 1473 1657 que no den crédito á sueños,
981 1648 1467 1698 porque es muy pecaminoso
887 1914 1059 1949 FIN.
315 2195 1634 2270 CARMONA:—Imp. de D. Jose Maria Moreno, Madre de Dios, 1.
