<?xml version="1.0" encoding="UTF-8" standalone="yes"?>
<PcGts xmlns="http://schema.primaresearch.org/PAGE/gts/pagecontent/2013-07-15" xmlns:xsi="http://www.w3.org/2001/XMLSchema-instance" xsi:schemaLocation="http://schema.primaresearch.org/PAGE/gts/pagecontent/2013-07-15 http://schema.primaresearch.org/PAGE/gts/pagecontent/2013-07-15/pagecontent.xsd">
    <Metadata>
        <Creator>prov=University of Rostock/Institute of Mathematics/CITlab|PLANET AI GmbH/Gundram Leifert/gundram.leifert@planet-ai.de:name=Pliegos de Cordel (XIXe) - v4(htr_id=27283)::::v=2.6.7
prov=University of Rostock/Institute of Mathematics/CITlab|PLANET AI GmbH/Tobias Gruening/tobias.gruening@planet-ai.de:name=de.uros.citlab.module.baseline2polygon.B2PSeamMultiOriented:v=2.6.7
prov=University of Rostock/Institute of Mathematics/CITlab|PLANET AI GmbH/Tobias Gruening/tobias.gruening@planet-ai.de:name=/net_tf/LA73_249_0mod360.pb:de.uros.citlab.segmentation.CITlab_LA_ML:v=2.6.7
Transkribus</Creator>
        <Created>2020-12-01T15:06:55.794+01:00</Created>
        <LastChange>2020-12-09T13:57:13.475+01:00</LastChange>
        <Comments>
                Measurement unit: pixel
                PrimaryLanguage: 
                Producer: Transkribus
            </Comments>
        <TranskribusMetadata docId="525383" pageId="22318448" pageNr="137" tsid="50212837" status="DONE" userId="66244" imgUrl="https://files.transkribus.eu/Get?id=DXLWROIVQCAXCBYBCEKPINKF&amp;fileType=view" xmlUrl="https://files.transkribus.eu/Get?id=JSKCMKZGZZQMEIKXYFKHFYWH" imageId="17387963"/>
    </Metadata>
    <Page imageFilename="Moreno_177_3.jpg" imageWidth="1737" imageHeight="2508">
        <PrintSpace>
            <Coords points="1,0 1737,0 1737,2231 1,2231"/>
        </PrintSpace>
        <ReadingOrder>
            <OrderedGroup id="ro_1607519344779" caption="Regions reading order">
                <RegionRefIndexed index="0" regionRef="r_1_1"/>
                <RegionRefIndexed index="1" regionRef="r_2_1"/>
                <RegionRefIndexed index="2" regionRef="r_3_1"/>
            </OrderedGroup>
        </ReadingOrder>
        <TextRegion type="paragraph" id="r_1_1" custom="readingOrder {index:0;}">
            <Coords points="1560,204 1600,204 1600,256 1560,256"/>
            <TextLine id="line_1607518628637_102" custom="readingOrder {index:0;}">
                <Coords points="1568,250 1599,250 1599,208 1568,208"/>
                <TextEquiv>
                    <Unicode>3</Unicode>
                </TextEquiv>
            </TextLine>
            <TextEquiv>
                <Unicode>3</Unicode>
            </TextEquiv>
        </TextRegion>
        <TextRegion orientation="0.0" type="paragraph" id="r_2_1" custom="readingOrder {index:1;}">
            <Coords points="284,268 994,268 994,2231 284,2231"/>
            <TextLine id="r_2_1l1" custom="readingOrder {index:0;}">
                <Coords points="296,338 321,337 347,336 372,335 398,334 424,334 449,333 475,332 500,332 526,331 552,330 577,330 603,329 628,329 654,328 680,328 705,328 731,328 756,328 782,328 808,329 808,295 782,294 756,294 731,294 705,294 680,294 654,294 628,295 603,295 577,296 552,296 526,297 500,298 475,298 449,299 424,300 398,300 372,301 347,302 321,303 296,304"/>
                <Baseline points="296,327 321,326 347,325 372,324 398,323 424,323 449,322 475,321 500,321 526,320 552,319 577,319 603,318 628,318 654,317 680,317 705,317 731,317 756,317 782,317 808,318"/>
                <TextEquiv>
                    <Unicode>y haciéndole en una tabla</Unicode>
                </TextEquiv>
            </TextLine>
            <TextLine id="r_2_1l2" custom="readingOrder {index:1;}">
                <Coords points="302,387 327,386 352,385 378,384 403,383 429,382 454,381 480,381 505,380 530,379 556,378 581,378 607,378 632,377 658,377 683,377 709,377 709,343 683,343 658,343 632,343 607,344 581,344 556,344 530,345 505,346 480,347 454,347 429,348 403,349 378,350 352,351 327,352 302,353"/>
                <Baseline points="302,376 327,375 352,374 378,373 403,372 429,371 454,370 480,370 505,369 530,368 556,367 581,367 607,367 632,366 658,366 683,366 709,366"/>
                <TextEquiv>
                    <Unicode>un agujero cuadrado,</Unicode>
                </TextEquiv>
            </TextLine>
            <TextLine id="r_2_1l3" custom="readingOrder {index:2;}">
                <Coords points="296,435 323,434 350,433 378,432 405,431 433,430 460,429 488,428 515,427 543,427 570,426 597,425 625,425 652,424 680,424 707,424 735,424 762,424 790,425 817,425 845,426 845,393 817,392 790,392 762,391 735,391 707,391 680,391 652,391 625,392 597,392 570,393 543,394 515,394 488,395 460,396 433,397 405,398 378,399 350,400 323,401 296,402"/>
                <Baseline points="296,424 323,423 350,422 378,421 405,420 433,419 460,418 488,417 515,416 543,416 570,415 597,414 625,414 652,413 680,413 707,413 735,413 762,413 790,414 817,414 845,415"/>
                <TextEquiv>
                    <Unicode>metió el cañon del trabuco,</Unicode>
                </TextEquiv>
            </TextLine>
            <TextLine id="r_2_1l4" custom="readingOrder {index:3;}">
                <Coords points="294,481 319,481 344,480 369,480 394,479 419,478 444,478 470,477 495,476 520,476 545,475 570,474 595,474 621,473 646,473 671,472 696,472 721,472 746,473 772,473 772,440 746,440 721,439 696,439 671,439 646,440 621,440 595,441 570,441 545,442 520,443 495,443 470,444 444,445 419,445 394,446 369,447 344,447 319,448 294,448"/>
                <Baseline points="294,470 319,470 344,469 369,469 394,468 419,467 444,467 470,466 495,465 520,465 545,464 570,463 595,463 621,462 646,462 671,461 696,461 721,461 746,462 772,462"/>
                <TextEquiv>
                    <Unicode>y atentamente mirando,</Unicode>
                </TextEquiv>
            </TextLine>
            <TextLine id="r_2_1l5" custom="readingOrder {index:4;}">
                <Coords points="294,528 319,528 345,528 370,527 396,527 422,526 447,526 473,525 499,525 524,524 550,523 575,522 601,522 627,521 652,521 678,521 704,520 729,521 755,521 781,521 781,487 755,487 729,487 704,486 678,487 652,487 627,487 601,488 575,488 550,489 524,490 499,491 473,491 447,492 422,492 396,493 370,493 345,494 319,494 294,494"/>
                <Baseline points="294,517 319,517 345,517 370,516 396,516 422,515 447,515 473,514 499,514 524,513 550,512 575,511 601,511 627,510 652,510 678,510 704,509 729,510 755,510 781,510"/>
                <TextEquiv>
                    <Unicode>vió subir pon la escalera</Unicode>
                </TextEquiv>
            </TextLine>
            <TextLine id="r_2_1l6" custom="readingOrder {index:5;}">
                <Coords points="304,577 329,576 354,575 379,575 404,574 429,574 454,573 479,572 504,572 529,571 554,570 579,570 604,570 629,569 654,569 679,569 704,569 729,569 754,570 779,570 779,537 754,537 729,536 704,536 679,536 654,536 629,536 604,537 579,537 554,537 529,538 504,539 479,539 454,540 429,541 404,541 379,542 354,542 329,543 304,544"/>
                <Baseline points="304,566 329,565 354,564 379,564 404,563 429,563 454,562 479,561 504,561 529,560 554,559 579,559 604,559 629,558 654,558 679,558 704,558 729,558 754,559 779,559"/>
                <TextEquiv>
                    <Unicode>dos emb zados bizarros;</Unicode>
                </TextEquiv>
            </TextLine>
            <TextLine id="r_2_1l7" custom="readingOrder {index:6;}">
                <Coords points="299,622 324,623 349,623 374,622 400,622 425,622 450,621 475,621 501,620 526,620 551,619 576,618 602,618 627,618 652,618 677,618 703,618 728,619 753,619 779,620 779,587 753,586 728,586 703,585 677,585 652,585 627,585 602,585 576,585 551,586 526,587 501,587 475,588 450,588 425,589 400,589 374,589 349,590 324,590 299,589"/>
                <Baseline points="299,611 324,612 349,612 374,611 400,611 425,611 450,610 475,610 501,609 526,609 551,608 576,607 602,607 627,607 652,607 677,607 703,607 728,608 753,608 779,609"/>
                <TextEquiv>
                    <Unicode>y ya que los tuvo cerca,</Unicode>
                </TextEquiv>
            </TextLine>
            <TextLine id="r_2_1l8" custom="readingOrder {index:7;}">
                <Coords points="303,672 328,672 353,672 379,671 404,671 429,670 455,669 480,669 505,668 531,667 556,666 581,666 607,665 632,665 657,665 683,665 708,665 734,666 734,632 708,631 683,631 657,631 632,631 607,631 581,632 556,632 531,633 505,634 480,635 455,635 429,636 404,637 379,637 353,638 328,638 303,638"/>
                <Baseline points="303,661 328,661 353,661 379,660 404,660 429,659 455,658 480,658 505,657 531,656 556,655 581,655 607,654 632,654 657,654 683,654 708,654 734,655"/>
                <TextEquiv>
                    <Unicode>dijo Nebrón enojado:</Unicode>
                </TextEquiv>
            </TextLine>
            <TextLine id="r_2_1l9" custom="readingOrder {index:8;}">
                <Coords points="301,721 329,721 357,720 386,719 414,719 443,718 471,718 499,717 528,716 556,716 585,715 613,715 641,714 670,714 698,713 727,713 755,712 783,712 812,711 840,711 869,710 869,676 840,677 812,677 783,678 755,678 727,679 698,679 670,680 641,680 613,681 585,681 556,682 528,682 499,683 471,684 443,684 414,685 386,685 357,686 329,687 301,687"/>
                <Baseline points="301,710 329,710 357,709 386,708 414,708 443,707 471,707 499,706 528,705 556,705 585,704 613,704 641,703 670,703 698,702 727,702 755,701 783,701 812,700 840,700 869,699"/>
                <TextEquiv>
                    <Unicode>Ai vá aquese triunfo, jaques,</Unicode>
                </TextEquiv>
            </TextLine>
            <TextLine id="r_2_1l10" custom="readingOrder {index:9;}">
                <Coords points="302,770 328,770 354,769 380,769 406,768 432,767 458,766 484,766 510,765 536,764 563,764 589,763 615,763 641,762 667,762 693,761 719,761 745,761 771,761 798,761 798,727 771,727 745,727 719,727 693,727 667,728 641,728 615,729 589,729 563,730 536,730 510,731 484,732 458,732 432,733 406,734 380,735 354,735 328,736 302,736"/>
                <Baseline points="302,759 328,759 354,758 380,758 406,757 432,756 458,755 484,755 510,754 536,753 563,753 589,752 615,752 641,751 667,751 693,750 719,750 745,750 771,750 798,750"/>
                <TextEquiv>
                    <Unicode>y al proviso despachados</Unicode>
                </TextEquiv>
            </TextLine>
            <TextLine id="r_2_1l11" custom="readingOrder {index:10;}">
                <Coords points="297,818 324,817 351,816 378,816 405,815 432,815 459,814 487,814 514,813 541,813 568,812 595,812 622,811 649,811 677,810 704,810 731,809 758,809 785,808 812,807 840,807 840,773 812,773 785,774 758,775 731,775 704,776 677,776 649,777 622,777 595,778 568,778 541,779 514,779 487,780 459,780 432,781 405,781 378,782 351,782 324,783 297,784"/>
                <Baseline points="297,807 324,806 351,805 378,805 405,804 432,804 459,803 487,803 514,802 541,802 568,801 595,801 622,800 649,800 677,799 704,799 731,798 758,798 785,797 812,796 840,796"/>
                <TextEquiv>
                    <Unicode>fueron á dan cuenta á Dios</Unicode>
                </TextEquiv>
            </TextLine>
            <TextLine id="r_2_1l12" custom="readingOrder {index:11;}">
                <Coords points="310,865 336,865 362,864 388,864 414,863 441,863 467,863 493,862 519,862 545,862 572,861 598,861 624,860 650,860 676,860 703,859 729,859 755,859 781,858 807,858 834,857 834,824 807,825 781,825 755,826 729,826 703,826 676,827 650,827 624,827 598,828 572,828 545,829 519,829 493,829 467,830 441,830 414,830 388,831 362,831 336,832 310,832"/>
                <Baseline points="310,854 336,854 362,853 388,853 414,852 441,852 467,852 493,851 519,851 545,851 572,850 598,850 624,849 650,849 676,849 703,848 729,848 755,848 781,847 807,847 834,846"/>
                <TextEquiv>
                    <Unicode>de sus culpas, y pecados.</Unicode>
                </TextEquiv>
            </TextLine>
            <TextLine id="r_2_1l13" custom="readingOrder {index:12;}">
                <Coords points="307,910 332,911 357,911 383,911 408,911 433,911 459,910 484,910 509,909 535,909 560,908 586,908 611,907 636,907 662,907 687,907 712,907 738,908 763,908 789,910 789,877 763,875 738,875 712,874 687,874 662,874 636,874 611,874 586,875 560,875 535,876 509,876 484,877 459,877 433,878 408,878 383,878 357,878 332,878 307,877"/>
                <Baseline points="307,899 332,900 357,900 383,900 408,900 433,900 459,899 484,899 509,898 535,898 560,897 586,897 611,896 636,896 662,896 687,896 712,896 738,897 763,897 789,899"/>
                <TextEquiv>
                    <Unicode>Y bajando á la ventera,</Unicode>
                </TextEquiv>
            </TextLine>
            <TextLine id="r_2_1l14" custom="readingOrder {index:13;}">
                <Coords points="306,962 332,962 358,962 384,962 410,961 437,961 463,960 489,959 515,958 542,957 568,956 594,956 620,955 647,955 673,956 699,956 725,958 752,959 752,925 725,924 699,922 673,922 647,921 620,921 594,922 568,922 542,923 515,924 489,925 463,926 437,927 410,927 384,928 358,928 332,928 306,928"/>
                <Baseline points="306,951 332,951 358,951 384,951 410,950 437,950 463,949 489,948 515,947 542,946 568,945 594,945 620,944 647,944 673,945 699,945 725,947 752,948"/>
                <TextEquiv>
                    <Unicode>luego la ha fusilado,</Unicode>
                </TextEquiv>
            </TextLine>
            <TextLine id="r_2_1l15" custom="readingOrder {index:14;}">
                <Coords points="309,1008 334,1009 359,1010 385,1010 410,1010 435,1010 461,1009 486,1008 511,1007 537,1006 562,1005 587,1005 613,1004 638,1004 663,1004 689,1005 714,1006 740,1008 740,974 714,972 689,971 663,970 638,970 613,970 587,971 562,971 537,972 511,973 486,974 461,975 435,976 410,976 385,976 359,976 334,975 309,974"/>
                <Baseline points="309,997 334,998 359,999 385,999 410,999 435,999 461,998 486,997 511,996 537,995 562,994 587,994 613,993 638,993 663,993 689,994 714,995 740,997"/>
                <TextEquiv>
                    <Unicode>y en un palo lo picó,</Unicode>
                </TextEquiv>
            </TextLine>
            <TextLine id="r_2_1l16" custom="readingOrder {index:15;}">
                <Coords points="318,1060 343,1059 368,1059 393,1058 418,1057 443,1056 468,1056 493,1055 518,1055 543,1054 568,1054 593,1053 618,1053 643,1053 668,1053 693,1053 718,1054 744,1055 744,1022 718,1021 693,1020 668,1020 643,1020 618,1020 593,1020 568,1021 543,1021 518,1022 493,1022 468,1023 443,1023 418,1024 393,1025 368,1026 343,1026 318,1027"/>
                <Baseline points="318,1049 343,1048 368,1048 393,1047 418,1046 443,1045 468,1045 493,1044 518,1044 543,1043 568,1043 593,1042 618,1042 643,1042 668,1042 693,1042 718,1043 744,1044"/>
                <TextEquiv>
                    <Unicode>y le hizo mil pedazos,</Unicode>
                </TextEquiv>
            </TextLine>
            <TextLine id="r_2_1l17" custom="readingOrder {index:16;}">
                <Coords points="314,1107 339,1107 364,1106 390,1105 415,1105 441,1104 466,1104 492,1103 517,1103 543,1102 568,1102 594,1101 619,1101 645,1101 670,1101 696,1100 721,1100 747,1100 747,1067 721,1067 696,1067 670,1068 645,1068 619,1068 594,1068 568,1069 543,1069 517,1070 492,1070 466,1071 441,1071 415,1072 390,1072 364,1073 339,1074 314,1074"/>
                <Baseline points="314,1096 339,1096 364,1095 390,1094 415,1094 441,1093 466,1093 492,1092 517,1092 543,1091 568,1091 594,1090 619,1090 645,1090 670,1090 696,1089 721,1089 747,1089"/>
                <TextEquiv>
                    <Unicode>Sacó su caballo fuera</Unicode>
                </TextEquiv>
            </TextLine>
            <TextLine id="r_2_1l18" custom="readingOrder {index:17;}">
                <Coords points="309,1154 334,1154 360,1154 386,1154 412,1153 437,1153 463,1152 489,1151 515,1151 541,1150 566,1150 592,1149 618,1149 644,1148 669,1148 695,1148 721,1148 747,1148 773,1149 773,1115 747,1114 721,1114 695,1114 669,1114 644,1114 618,1115 592,1115 566,1116 541,1116 515,1117 489,1117 463,1118 437,1119 412,1119 386,1120 360,1120 334,1120 309,1120"/>
                <Baseline points="309,1143 334,1143 360,1143 386,1143 412,1142 437,1142 463,1141 489,1140 515,1140 541,1139 566,1139 592,1138 618,1138 644,1137 669,1137 695,1137 721,1137 747,1137 773,1138"/>
                <TextEquiv>
                    <Unicode>y su trabuco cargando,</Unicode>
                </TextEquiv>
            </TextLine>
            <TextLine id="r_2_1l19" custom="readingOrder {index:18;}">
                <Coords points="319,1202 344,1202 369,1202 395,1202 420,1201 446,1201 471,1200 496,1199 522,1198 547,1198 573,1197 598,1196 623,1195 649,1195 674,1195 700,1195 725,1195 750,1196 776,1197 801,1198 827,1200 827,1170 801,1168 776,1167 750,1166 725,1165 700,1165 674,1165 649,1165 623,1165 598,1166 573,1167 547,1168 522,1168 496,1169 471,1170 446,1171 420,1171 395,1172 369,1172 344,1172 319,1172"/>
                <Baseline points="319,1192 344,1192 369,1192 395,1192 420,1191 446,1191 471,1190 496,1189 522,1188 547,1188 573,1187 598,1186 623,1185 649,1185 674,1185 700,1185 725,1185 750,1186 776,1187 801,1188 827,1190"/>
                <TextEquiv>
                    <Unicode>salió, y á poco distrito.</Unicode>
                </TextEquiv>
            </TextLine>
            <TextLine id="r_2_1l20" custom="readingOrder {index:19;}">
                <Coords points="322,1250 351,1250 380,1249 410,1249 439,1248 469,1248 498,1247 528,1247 557,1246 587,1246 616,1245 645,1245 675,1244 704,1244 734,1243 763,1243 793,1243 822,1242 852,1242 881,1242 911,1241 911,1211 881,1212 852,1212 822,1212 793,1213 763,1213 734,1213 704,1214 675,1214 645,1215 616,1215 587,1216 557,1216 528,1217 498,1217 469,1218 439,1218 410,1219 380,1219 351,1220 322,1220"/>
                <Baseline points="322,1240 351,1240 380,1239 410,1239 439,1238 469,1238 498,1237 528,1237 557,1236 587,1236 616,1235 645,1235 675,1234 704,1234 734,1233 763,1233 793,1233 822,1232 852,1232 881,1232 911,1231"/>
                <TextEquiv>
                    <Unicode>con una Ermita encontrando,</Unicode>
                </TextEquiv>
            </TextLine>
            <TextLine id="r_2_1l21" custom="readingOrder {index:20;}">
                <Coords points="324,1299 350,1299 377,1298 403,1298 430,1298 456,1297 483,1296 509,1296 536,1295 562,1295 589,1294 615,1294 642,1293 668,1293 695,1293 722,1293 722,1259 695,1259 668,1259 642,1259 615,1260 589,1260 562,1261 536,1261 509,1262 483,1262 456,1263 430,1264 403,1264 377,1264 350,1265 324,1265"/>
                <Baseline points="324,1288 350,1288 377,1287 403,1287 430,1287 456,1286 483,1285 509,1285 536,1284 562,1284 589,1283 615,1283 642,1282 668,1282 695,1282 722,1282"/>
                <TextEquiv>
                    <Unicode>al Ermitaño le dijo:</Unicode>
                </TextEquiv>
            </TextLine>
            <TextLine id="r_2_1l22" custom="readingOrder {index:21;}">
                <Coords points="324,1347 352,1347 381,1347 409,1347 438,1346 467,1346 495,1345 524,1345 553,1344 581,1343 610,1343 639,1342 667,1342 696,1341 725,1340 753,1340 782,1339 811,1339 839,1338 868,1338 897,1338 897,1304 868,1304 839,1304 811,1305 782,1305 753,1306 725,1306 696,1307 667,1308 639,1308 610,1309 581,1309 553,1310 524,1311 495,1311 467,1312 438,1312 409,1313 381,1313 352,1313 324,1313"/>
                <Baseline points="324,1336 352,1336 381,1336 409,1336 438,1335 467,1335 495,1334 524,1334 553,1333 581,1332 610,1332 639,1331 667,1331 696,1330 725,1329 753,1329 782,1328 811,1328 839,1327 868,1327 897,1327"/>
                <TextEquiv>
                    <Unicode>Ha de seber, buen hermano,</Unicode>
                </TextEquiv>
            </TextLine>
            <TextLine id="r_2_1l23" custom="readingOrder {index:22;}">
                <Coords points="320,1396 348,1396 377,1396 405,1395 434,1395 463,1394 491,1394 520,1393 549,1393 577,1392 606,1392 635,1391 663,1390 692,1390 721,1389 749,1389 778,1388 807,1387 835,1386 864,1385 893,1384 893,1351 864,1352 835,1353 807,1354 778,1355 749,1356 721,1356 692,1357 663,1357 635,1358 606,1359 577,1359 549,1360 520,1360 491,1361 463,1361 434,1362 405,1362 377,1363 348,1363 320,1363"/>
                <Baseline points="320,1385 348,1385 377,1385 405,1384 434,1384 463,1383 491,1383 520,1382 549,1382 577,1381 606,1381 635,1380 663,1379 692,1379 721,1378 749,1378 778,1377 807,1376 835,1375 864,1374 893,1373"/>
                <TextEquiv>
                    <Unicode>que soy Juan Garcia Nebrón</Unicode>
                </TextEquiv>
            </TextLine>
            <TextLine id="r_2_1l24" custom="readingOrder {index:23;}">
                <Coords points="319,1444 350,1444 382,1443 414,1443 445,1442 477,1442 509,1441 540,1441 572,1440 604,1440 636,1439 667,1439 699,1438 731,1437 762,1437 794,1436 826,1436 857,1435 889,1434 921,1433 953,1433 953,1399 921,1399 889,1400 857,1401 826,1402 794,1402 762,1403 731,1403 699,1404 667,1405 636,1405 604,1406 572,1406 540,1407 509,1407 477,1408 445,1408 414,1409 382,1409 350,1410 319,1410"/>
                <Baseline points="319,1433 350,1433 382,1432 414,1432 445,1431 477,1431 509,1430 540,1430 572,1429 604,1429 636,1428 667,1428 699,1427 731,1426 762,1426 794,1425 826,1425 857,1424 889,1423 921,1422 953,1422"/>
                <TextEquiv>
                    <Unicode>el mismo que le está hablando,</Unicode>
                </TextEquiv>
            </TextLine>
            <TextLine id="r_2_1l25" custom="readingOrder {index:24;}">
                <Coords points="334,1491 359,1491 384,1491 410,1491 435,1491 461,1491 486,1490 511,1490 537,1489 562,1489 588,1488 613,1487 638,1487 664,1486 689,1486 715,1485 740,1485 765,1485 791,1484 816,1484 842,1485 842,1451 816,1450 791,1450 765,1451 740,1451 715,1451 689,1452 664,1452 638,1453 613,1453 588,1454 562,1455 537,1455 511,1456 486,1456 461,1457 435,1457 410,1457 384,1457 359,1457 334,1457"/>
                <Baseline points="334,1480 359,1480 384,1480 410,1480 435,1480 461,1480 486,1479 511,1479 537,1478 562,1478 588,1477 613,1476 638,1476 664,1475 689,1475 715,1474 740,1474 765,1474 791,1473 816,1473 842,1474"/>
                <TextEquiv>
                    <Unicode>y le ha contado el suceso,</Unicode>
                </TextEquiv>
            </TextLine>
            <TextLine id="r_2_1l26" custom="readingOrder {index:25;}">
                <Coords points="321,1542 350,1541 380,1540 410,1539 440,1539 470,1538 499,1537 529,1537 559,1536 589,1536 619,1535 648,1535 678,1534 708,1534 738,1533 768,1533 797,1532 827,1532 857,1531 887,1531 917,1530 917,1497 887,1498 857,1498 827,1499 797,1499 768,1500 738,1500 708,1501 678,1501 648,1502 619,1502 589,1503 559,1503 529,1504 499,1504 470,1505 440,1506 410,1506 380,1507 350,1508 321,1509"/>
                <Baseline points="321,1531 350,1530 380,1529 410,1528 440,1528 470,1527 499,1526 529,1526 559,1525 589,1525 619,1524 648,1524 678,1523 708,1523 738,1522 768,1522 797,1521 827,1521 857,1520 887,1520 917,1519"/>
                <TextEquiv>
                    <Unicode>que en la venta le ha pasado</Unicode>
                </TextEquiv>
            </TextLine>
            <TextLine id="r_2_1l27" custom="readingOrder {index:26;}">
                <Coords points="327,1588 353,1588 379,1587 405,1587 431,1587 457,1587 483,1586 509,1586 535,1585 561,1585 587,1584 613,1583 639,1583 665,1582 691,1581 717,1581 743,1580 769,1579 795,1579 821,1578 847,1578 847,1545 821,1545 795,1546 769,1546 743,1547 717,1548 691,1548 665,1549 639,1550 613,1550 587,1551 561,1552 535,1552 509,1553 483,1553 457,1554 431,1554 405,1554 379,1554 353,1555 327,1555"/>
                <Baseline points="327,1577 353,1577 379,1576 405,1576 431,1576 457,1576 483,1575 509,1575 535,1574 561,1574 587,1573 613,1572 639,1572 665,1571 691,1570 717,1570 743,1569 769,1568 795,1568 821,1567 847,1567"/>
                <TextEquiv>
                    <Unicode>Dió la vuelta á Cartagena,</Unicode>
                </TextEquiv>
            </TextLine>
            <TextLine id="r_2_1l28" custom="readingOrder {index:27;}">
                <Coords points="334,1637 363,1637 393,1636 422,1636 452,1635 481,1635 511,1634 540,1633 570,1633 599,1632 629,1631 659,1631 688,1630 718,1629 747,1629 777,1628 806,1628 836,1627 865,1627 895,1626 925,1626 925,1592 895,1592 865,1593 836,1593 806,1594 777,1594 747,1595 718,1595 688,1596 659,1597 629,1597 599,1598 570,1599 540,1599 511,1600 481,1601 452,1601 422,1602 393,1602 363,1603 334,1603"/>
                <Baseline points="334,1626 363,1626 393,1625 422,1625 452,1624 481,1624 511,1623 540,1622 570,1622 599,1621 629,1620 659,1620 688,1619 718,1618 747,1618 777,1617 806,1617 836,1616 865,1616 895,1615 925,1615"/>
                <TextEquiv>
                    <Unicode>con un amigo ha encontrado,</Unicode>
                </TextEquiv>
            </TextLine>
            <TextLine id="r_2_1l29" custom="readingOrder {index:28;}">
                <Coords points="331,1684 356,1685 382,1685 407,1685 433,1684 459,1684 484,1684 510,1683 536,1682 561,1682 587,1681 613,1680 638,1680 664,1679 690,1678 715,1677 741,1677 767,1676 792,1675 818,1675 844,1675 844,1641 818,1641 792,1641 767,1642 741,1643 715,1643 690,1644 664,1645 638,1646 613,1646 587,1647 561,1648 536,1648 510,1649 484,1650 459,1650 433,1650 407,1651 382,1651 356,1651 331,1650"/>
                <Baseline points="331,1673 356,1674 382,1674 407,1674 433,1673 459,1673 484,1673 510,1672 536,1671 561,1671 587,1670 613,1669 638,1669 664,1668 690,1667 715,1666 741,1666 767,1665 792,1664 818,1664 844,1664"/>
                <TextEquiv>
                    <Unicode>el cual le estuvo diciendo</Unicode>
                </TextEquiv>
            </TextLine>
            <TextLine id="r_2_1l30" custom="readingOrder {index:29;}">
                <Coords points="332,1733 358,1733 384,1733 410,1733 436,1733 462,1732 488,1732 514,1731 540,1731 566,1730 592,1730 618,1729 644,1728 670,1728 696,1727 722,1726 748,1726 774,1725 800,1725 827,1724 827,1690 800,1691 774,1691 748,1692 722,1692 696,1693 670,1694 644,1694 618,1695 592,1696 566,1696 540,1697 514,1697 488,1698 462,1698 436,1699 410,1699 384,1699 358,1699 332,1699"/>
                <Baseline points="332,1722 358,1722 384,1722 410,1722 436,1722 462,1721 488,1721 514,1720 540,1720 566,1719 592,1719 618,1718 644,1717 670,1717 696,1716 722,1715 748,1715 774,1714 800,1714 827,1713"/>
                <TextEquiv>
                    <Unicode>como estaba pregonado,</Unicode>
                </TextEquiv>
            </TextLine>
            <TextLine id="r_2_1l31" custom="readingOrder {index:30;}">
                <Coords points="335,1782 360,1782 385,1782 411,1782 436,1782 462,1782 487,1781 512,1781 538,1780 563,1779 589,1778 614,1777 639,1776 665,1776 690,1775 716,1775 741,1774 767,1774 767,1740 741,1740 716,1741 690,1741 665,1742 639,1742 614,1743 589,1744 563,1745 538,1746 512,1747 487,1747 462,1748 436,1748 411,1748 385,1748 360,1748 335,1748"/>
                <Baseline points="335,1771 360,1771 385,1771 411,1771 436,1771 462,1771 487,1770 512,1770 538,1769 563,1768 589,1767 614,1766 639,1765 665,1765 690,1764 716,1764 741,1763 767,1763"/>
                <TextEquiv>
                    <Unicode>por ambas Andalucias</Unicode>
                </TextEquiv>
            </TextLine>
            <TextLine id="r_2_1l32" custom="readingOrder {index:31;}">
                <Coords points="345,1830 370,1830 395,1830 420,1830 446,1829 471,1828 496,1828 522,1827 547,1827 572,1826 598,1825 623,1824 648,1824 673,1823 699,1823 724,1822 749,1822 775,1822 800,1822 825,1822 851,1822 851,1788 825,1788 800,1788 775,1788 749,1788 724,1788 699,1789 673,1789 648,1790 623,1790 598,1791 572,1792 547,1793 522,1793 496,1794 471,1794 446,1795 420,1796 395,1796 370,1796 345,1796"/>
                <Baseline points="345,1819 370,1819 395,1819 420,1819 446,1818 471,1817 496,1817 522,1816 547,1816 572,1815 598,1814 623,1813 648,1813 673,1812 699,1812 724,1811 749,1811 775,1811 800,1811 825,1811 851,1811"/>
                <TextEquiv>
                    <Unicode>por sus feroces desgarros.</Unicode>
                </TextEquiv>
            </TextLine>
            <TextLine id="r_2_1l33" custom="readingOrder {index:32;}">
                <Coords points="339,1878 365,1879 391,1879 417,1878 443,1878 470,1878 496,1877 522,1876 548,1875 574,1874 601,1873 627,1873 653,1872 679,1872 705,1871 732,1871 758,1871 784,1871 810,1871 837,1872 837,1838 810,1837 784,1837 758,1837 732,1837 705,1837 679,1838 653,1838 627,1839 601,1839 574,1840 548,1841 522,1842 496,1843 470,1844 443,1844 417,1844 391,1845 365,1845 339,1844"/>
                <Baseline points="339,1867 365,1868 391,1868 417,1867 443,1867 470,1867 496,1866 522,1865 548,1864 574,1863 601,1862 627,1862 653,1861 679,1861 705,1860 732,1860 758,1860 784,1860 810,1860 837,1861"/>
                <TextEquiv>
                    <Unicode>A que respondió Nebrón,</Unicode>
                </TextEquiv>
            </TextLine>
            <TextLine id="r_2_1l34" custom="readingOrder {index:33;}">
                <Coords points="342,1928 369,1927 397,1926 425,1925 453,1925 481,1924 508,1924 536,1923 564,1923 592,1922 620,1922 647,1922 675,1921 703,1920 731,1920 759,1920 786,1919 814,1919 842,1918 870,1917 898,1917 898,1883 870,1883 842,1884 814,1885 786,1885 759,1886 731,1886 703,1886 675,1887 647,1888 620,1888 592,1888 564,1889 536,1889 508,1890 481,1890 453,1891 425,1891 397,1892 369,1893 342,1894"/>
                <Baseline points="342,1917 369,1916 397,1915 425,1914 453,1914 481,1913 508,1913 536,1912 564,1912 592,1911 620,1911 647,1911 675,1910 703,1909 731,1909 759,1909 786,1908 814,1908 842,1907 870,1906 898,1906"/>
                <TextEquiv>
                    <Unicode>que no se le daba un cuarto:</Unicode>
                </TextEquiv>
            </TextLine>
            <TextLine id="r_2_1l35" custom="readingOrder {index:34;}">
                <Coords points="344,1975 369,1975 394,1975 419,1974 444,1974 470,1973 495,1973 520,1972 545,1972 570,1971 596,1971 621,1970 646,1970 671,1969 696,1969 722,1968 747,1968 772,1967 797,1967 822,1967 848,1967 848,1933 822,1933 797,1933 772,1933 747,1934 722,1934 696,1935 671,1935 646,1936 621,1936 596,1937 570,1937 545,1938 520,1938 495,1939 470,1939 444,1940 419,1940 394,1941 369,1941 344,1941"/>
                <Baseline points="344,1964 369,1964 394,1964 419,1963 444,1963 470,1962 495,1962 520,1961 545,1961 570,1960 596,1960 621,1959 646,1959 671,1958 696,1958 722,1957 747,1957 772,1956 797,1956 822,1956 848,1956"/>
                <TextEquiv>
                    <Unicode>Y ajustando alli una carga</Unicode>
                </TextEquiv>
            </TextLine>
            <TextLine id="r_2_1l36" custom="readingOrder {index:35;}">
                <Coords points="343,2022 369,2023 395,2023 421,2022 448,2022 474,2022 500,2021 526,2020 553,2020 579,2019 605,2019 631,2018 658,2018 684,2018 710,2017 736,2018 763,2018 763,1985 736,1985 710,1984 684,1985 658,1985 631,1985 605,1986 579,1986 553,1987 526,1987 500,1988 474,1989 448,1989 421,1989 395,1990 369,1990 343,1989"/>
                <Baseline points="343,2011 369,2012 395,2012 421,2011 448,2011 474,2011 500,2010 526,2009 553,2009 579,2008 605,2008 631,2007 658,2007 684,2007 710,2006 736,2007 763,2007"/>
                <TextEquiv>
                    <Unicode>de seda fina por alto,</Unicode>
                </TextEquiv>
            </TextLine>
            <TextLine id="r_2_1l37" custom="readingOrder {index:36;}">
                <Coords points="344,2071 369,2071 395,2071 420,2071 446,2070 471,2070 497,2069 523,2069 548,2068 574,2067 599,2067 625,2066 650,2066 676,2065 702,2065 727,2064 753,2064 778,2064 804,2064 830,2065 830,2032 804,2031 778,2031 753,2031 727,2031 702,2032 676,2032 650,2033 625,2033 599,2034 574,2034 548,2035 523,2036 497,2036 471,2037 446,2037 420,2038 395,2038 369,2038 344,2038"/>
                <Baseline points="344,2060 369,2060 395,2060 420,2060 446,2059 471,2059 497,2058 523,2058 548,2057 574,2056 599,2056 625,2055 650,2055 676,2054 702,2054 727,2053 753,2053 778,2053 804,2053 830,2054"/>
                <TextEquiv>
                    <Unicode>se partió á la Andalucía,</Unicode>
                </TextEquiv>
            </TextLine>
            <TextLine id="r_2_1l38" custom="readingOrder {index:37;}">
                <Coords points="350,2122 375,2122 400,2121 426,2121 451,2120 477,2119 502,2119 528,2118 553,2117 579,2116 604,2115 629,2115 655,2114 680,2113 706,2113 731,2112 757,2112 782,2112 808,2112 833,2113 859,2113 859,2079 833,2079 808,2078 782,2078 757,2078 731,2078 706,2079 680,2079 655,2080 629,2081 604,2081 579,2082 553,2083 528,2084 502,2085 477,2085 451,2086 426,2087 400,2087 375,2088 350,2088"/>
                <Baseline points="350,2111 375,2111 400,2110 426,2110 451,2109 477,2108 502,2108 528,2107 553,2106 579,2105 604,2104 629,2104 655,2103 680,2102 706,2102 731,2101 757,2101 782,2101 808,2101 833,2102 859,2102"/>
                <TextEquiv>
                    <Unicode>y junto á Guadix pasando,</Unicode>
                </TextEquiv>
            </TextLine>
            <TextLine id="r_2_1l39" custom="readingOrder {index:38;}">
                <Coords points="348,2171 373,2170 398,2169 423,2169 448,2168 474,2167 499,2167 524,2166 549,2165 574,2165 600,2164 625,2163 650,2163 675,2162 700,2162 726,2161 751,2161 776,2160 801,2160 827,2159 827,2126 801,2127 776,2127 751,2128 726,2128 700,2129 675,2129 650,2130 625,2130 600,2131 574,2132 549,2132 524,2133 499,2134 474,2134 448,2135 423,2136 398,2136 373,2137 348,2138"/>
                <Baseline points="348,2160 373,2159 398,2158 423,2158 448,2157 474,2156 499,2156 524,2155 549,2154 574,2154 600,2153 625,2152 650,2152 675,2151 700,2151 726,2150 751,2150 776,2149 801,2149 827,2148"/>
                <TextEquiv>
                    <Unicode>en una venta una noche,</Unicode>
                </TextEquiv>
            </TextLine>
            <TextLine id="r_2_1l40" custom="readingOrder {index:39;}">
                <Coords points="336,2221 363,2220 390,2219 417,2219 445,2218 472,2217 499,2217 527,2216 554,2215 581,2214 609,2214 636,2213 663,2213 691,2212 718,2212 745,2211 773,2211 800,2210 827,2210 855,2210 855,2176 827,2176 800,2176 773,2177 745,2177 718,2178 691,2178 663,2179 636,2179 609,2180 581,2180 554,2181 527,2182 499,2183 472,2183 445,2184 417,2185 390,2185 363,2186 336,2187"/>
                <Baseline points="336,2210 363,2209 390,2208 417,2208 445,2207 472,2206 499,2206 527,2205 554,2204 581,2203 609,2203 636,2202 663,2202 691,2201 718,2201 745,2200 773,2200 800,2199 827,2199 855,2199"/>
                <TextEquiv>
                    <Unicode>recogido ya en su cuarto,</Unicode>
                </TextEquiv>
            </TextLine>
            <TextEquiv>
                <Unicode>y haciéndole en una tabla
un agujero cuadrado,
metió el cañon del trabuco,
y atentamente mirando,
vió subir pon la escalera
dos emb zados bizarros;
y ya que los tuvo cerca,
dijo Nebrón enojado:
Ai vá aquese triunfo, jaques,
y al proviso despachados
fueron á dan cuenta á Dios
de sus culpas, y pecados.
Y bajando á la ventera,
luego la ha fusilado,
y en un palo lo picó,
y le hizo mil pedazos,
Sacó su caballo fuera
y su trabuco cargando,
salió, y á poco distrito.
con una Ermita encontrando,
al Ermitaño le dijo:
Ha de seber, buen hermano,
que soy Juan Garcia Nebrón
el mismo que le está hablando,
y le ha contado el suceso,
que en la venta le ha pasado
Dió la vuelta á Cartagena,
con un amigo ha encontrado,
el cual le estuvo diciendo
como estaba pregonado,
por ambas Andalucias
por sus feroces desgarros.
A que respondió Nebrón,
que no se le daba un cuarto:
Y ajustando alli una carga
de seda fina por alto,
se partió á la Andalucía,
y junto á Guadix pasando,
en una venta una noche,
recogido ya en su cuarto,</Unicode>
            </TextEquiv>
        </TextRegion>
        <TextRegion orientation="0.0" type="paragraph" id="r_3_1" custom="readingOrder {index:2;}">
            <Coords points="1005,250 1737,250 1737,2210 1005,2210"/>
            <TextLine id="r_3_1l1" custom="readingOrder {index:0;}">
                <Coords points="1019,318 1044,318 1069,318 1095,318 1120,318 1145,318 1171,317 1196,316 1221,316 1247,315 1272,314 1297,313 1323,312 1348,311 1373,311 1399,310 1424,310 1449,310 1475,310 1475,276 1449,276 1424,276 1399,276 1373,277 1348,277 1323,278 1297,279 1272,280 1247,281 1221,282 1196,282 1171,283 1145,284 1120,284 1095,284 1069,284 1044,284 1019,284"/>
                <Baseline points="1019,307 1044,307 1069,307 1095,307 1120,307 1145,307 1171,306 1196,305 1221,305 1247,304 1272,303 1297,302 1323,301 1348,300 1373,300 1399,299 1424,299 1449,299 1475,299"/>
                <TextEquiv>
                    <Unicode>oyó golpes á la puerta,</Unicode>
                </TextEquiv>
            </TextLine>
            <TextLine id="r_3_1l2" custom="readingOrder {index:1;}">
                <Coords points="1018,367 1044,367 1071,366 1098,366 1125,365 1152,364 1179,364 1206,363 1233,362 1260,362 1287,361 1313,360 1340,360 1367,359 1394,358 1421,358 1448,357 1475,357 1502,356 1529,355 1556,355 1556,321 1529,321 1502,322 1475,323 1448,323 1421,324 1394,324 1367,325 1340,326 1313,326 1287,327 1260,328 1233,328 1206,329 1179,330 1152,330 1125,331 1098,332 1071,332 1044,333 1018,333"/>
                <Baseline points="1018,356 1044,356 1071,355 1098,355 1125,354 1152,353 1179,353 1206,352 1233,351 1260,351 1287,350 1313,349 1340,349 1367,348 1394,347 1421,347 1448,346 1475,346 1502,345 1529,344 1556,344"/>
                <TextEquiv>
                    <Unicode>y al mesonero han hablado:</Unicode>
                </TextEquiv>
            </TextLine>
            <TextLine id="r_3_1l3" custom="readingOrder {index:2;}">
                <Coords points="1018,415 1044,414 1070,414 1096,413 1122,413 1149,412 1175,412 1201,411 1227,411 1254,410 1280,409 1306,409 1332,408 1359,407 1385,407 1411,406 1437,405 1464,405 1464,371 1437,371 1411,372 1385,373 1359,373 1332,374 1306,375 1280,375 1254,376 1227,377 1201,377 1175,378 1149,378 1122,379 1096,379 1070,380 1044,380 1018,381"/>
                <Baseline points="1018,404 1044,403 1070,403 1096,402 1122,402 1149,401 1175,401 1201,400 1227,400 1254,399 1280,398 1306,398 1332,397 1359,396 1385,396 1411,395 1437,394 1464,394"/>
                <TextEquiv>
                    <Unicode>Caballero, por su vida,</Unicode>
                </TextEquiv>
            </TextLine>
            <TextLine id="r_3_1l4" custom="readingOrder {index:3;}">
                <Coords points="1020,464 1051,464 1083,463 1115,463 1147,462 1179,461 1210,460 1242,459 1274,458 1306,457 1338,456 1369,455 1401,454 1433,453 1465,452 1497,452 1528,451 1560,451 1592,451 1624,451 1656,451 1656,417 1624,417 1592,417 1560,417 1528,417 1497,418 1465,418 1433,419 1401,420 1369,421 1338,422 1306,423 1274,424 1242,425 1210,426 1179,427 1147,428 1115,429 1083,429 1051,430 1020,430"/>
                <Baseline points="1020,453 1051,453 1083,452 1115,452 1147,451 1179,450 1210,449 1242,448 1274,447 1306,446 1338,445 1369,444 1401,443 1433,442 1465,441 1497,441 1528,440 1560,440 1592,440 1624,440 1656,440"/>
                <TextEquiv>
                    <Unicode>que le abra á un pobré anciano</Unicode>
                </TextEquiv>
            </TextLine>
            <TextLine id="r_3_1l5" custom="readingOrder {index:4;}">
                <Coords points="1021,514 1046,513 1071,512 1097,511 1122,510 1148,509 1173,508 1198,507 1224,506 1249,506 1275,505 1300,504 1325,504 1351,503 1376,503 1402,503 1427,503 1452,503 1478,503 1503,503 1529,504 1529,470 1503,469 1478,469 1452,469 1427,469 1402,469 1376,469 1351,469 1325,470 1300,470 1275,471 1249,472 1224,472 1198,473 1173,474 1148,475 1122,476 1097,477 1071,478 1046,479 1021,480"/>
                <Baseline points="1021,503 1046,502 1071,501 1097,500 1122,499 1148,498 1173,497 1198,496 1224,495 1249,495 1275,494 1300,493 1325,493 1351,492 1376,492 1402,492 1427,492 1452,492 1478,492 1503,492 1529,493"/>
                <TextEquiv>
                    <Unicode>que entrage de Nazareno,</Unicode>
                </TextEquiv>
            </TextLine>
            <TextLine id="r_3_1l6" custom="readingOrder {index:5;}">
                <Coords points="1023,560 1048,560 1073,560 1099,559 1124,558 1150,558 1175,557 1201,556 1226,555 1252,554 1277,552 1302,552 1328,551 1353,550 1379,550 1404,550 1430,551 1455,551 1481,552 1481,519 1455,518 1430,518 1404,517 1379,517 1353,517 1328,518 1302,519 1277,519 1252,521 1226,522 1201,523 1175,524 1150,525 1124,525 1099,526 1073,527 1048,527 1023,527"/>
                <Baseline points="1023,549 1048,549 1073,549 1099,548 1124,547 1150,547 1175,546 1201,545 1226,544 1252,543 1277,541 1302,541 1328,540 1353,539 1379,539 1404,539 1430,540 1455,540 1481,541"/>
                <TextEquiv>
                    <Unicode>con un madero pesado,</Unicode>
                </TextEquiv>
            </TextLine>
            <TextLine id="r_3_1l7" custom="readingOrder {index:6;}">
                <Coords points="1018,605 1043,606 1068,606 1093,606 1119,606 1144,606 1169,605 1195,605 1220,604 1245,603 1271,602 1296,601 1321,601 1346,599 1372,599 1397,598 1422,597 1448,597 1473,597 1498,597 1524,597 1524,564 1498,564 1473,564 1448,564 1422,564 1397,565 1372,566 1346,566 1321,568 1296,568 1271,569 1245,570 1220,571 1195,572 1169,572 1144,573 1119,573 1093,573 1068,573 1043,573 1018,572"/>
                <Baseline points="1018,594 1043,595 1068,595 1093,595 1119,595 1144,595 1169,594 1195,594 1220,593 1245,592 1271,591 1296,590 1321,590 1346,588 1372,588 1397,587 1422,586 1448,586 1473,586 1498,586 1524,586"/>
                <TextEquiv>
                    <Unicode>y con un hábito humilde,</Unicode>
                </TextEquiv>
            </TextLine>
            <TextLine id="r_3_1l8" custom="readingOrder {index:7;}">
                <Coords points="1026,655 1051,655 1077,654 1102,654 1128,654 1153,653 1179,652 1204,652 1230,651 1255,651 1281,650 1307,650 1332,649 1358,648 1383,648 1409,647 1434,646 1460,646 1485,646 1511,645 1537,645 1537,611 1511,611 1485,612 1460,612 1434,612 1409,613 1383,614 1358,614 1332,615 1307,616 1281,616 1255,617 1230,617 1204,618 1179,618 1153,619 1128,620 1102,620 1077,620 1051,621 1026,621"/>
                <Baseline points="1026,644 1051,644 1077,643 1102,643 1128,643 1153,642 1179,641 1204,641 1230,640 1255,640 1281,639 1307,639 1332,638 1358,637 1383,637 1409,636 1434,635 1460,635 1485,635 1511,634 1537,634"/>
                <TextEquiv>
                    <Unicode>viene sus culpas pagando.</Unicode>
                </TextEquiv>
            </TextLine>
            <TextLine id="r_3_1l9" custom="readingOrder {index:8;}">
                <Coords points="1019,705 1044,704 1069,703 1095,703 1120,702 1145,701 1171,700 1196,699 1222,699 1247,698 1272,698 1298,697 1323,697 1348,696 1374,696 1399,696 1425,695 1425,661 1399,662 1374,662 1348,662 1323,663 1298,663 1272,664 1247,664 1222,665 1196,665 1171,666 1145,667 1120,668 1095,669 1069,669 1044,670 1019,671"/>
                <Baseline points="1019,694 1044,693 1069,692 1095,692 1120,691 1145,690 1171,689 1196,688 1222,688 1247,687 1272,687 1298,686 1323,686 1348,685 1374,685 1399,685 1425,684"/>
                <TextEquiv>
                    <Unicode>No fiandose Nebrón,</Unicode>
                </TextEquiv>
            </TextLine>
            <TextLine id="r_3_1l10" custom="readingOrder {index:9;}">
                <Coords points="1029,754 1055,753 1081,752 1107,751 1133,750 1159,750 1185,749 1212,748 1238,748 1264,747 1290,746 1316,746 1342,745 1369,744 1395,744 1421,743 1447,743 1473,742 1499,742 1526,741 1526,707 1499,708 1473,708 1447,709 1421,709 1395,710 1369,710 1342,711 1316,712 1290,712 1264,713 1238,714 1212,714 1185,715 1159,716 1133,716 1107,717 1081,718 1055,719 1029,720"/>
                <Baseline points="1029,743 1055,742 1081,741 1107,740 1133,739 1159,739 1185,738 1212,737 1238,737 1264,736 1290,735 1316,735 1342,734 1369,733 1395,733 1421,732 1447,732 1473,731 1499,731 1526,730"/>
                <TextEquiv>
                    <Unicode>con el trabuco abrazado,</Unicode>
                </TextEquiv>
            </TextLine>
            <TextLine id="r_3_1l11" custom="readingOrder {index:10;}">
                <Coords points="1031,800 1057,800 1084,800 1111,799 1137,799 1164,798 1191,798 1217,797 1244,796 1271,796 1298,795 1324,794 1351,794 1378,793 1404,792 1431,792 1458,791 1484,791 1511,790 1538,790 1565,790 1565,756 1538,756 1511,756 1484,757 1458,757 1431,758 1404,758 1378,759 1351,760 1324,760 1298,761 1271,762 1244,762 1217,763 1191,764 1164,764 1137,765 1111,765 1084,766 1057,766 1031,766"/>
                <Baseline points="1031,789 1057,789 1084,789 1111,788 1137,788 1164,787 1191,787 1217,786 1244,785 1271,785 1298,784 1324,783 1351,783 1378,782 1404,781 1431,781 1458,780 1484,780 1511,779 1538,779 1565,779"/>
                <TextEquiv>
                    <Unicode>abrió la puerta, y quedose</Unicode>
                </TextEquiv>
            </TextLine>
            <TextLine id="r_3_1l12" custom="readingOrder {index:11;}">
                <Coords points="1029,848 1054,848 1079,848 1105,847 1130,847 1155,846 1181,846 1206,845 1232,845 1257,844 1282,843 1308,843 1333,842 1358,841 1384,840 1409,839 1435,838 1435,804 1409,805 1384,806 1358,807 1333,808 1308,809 1282,809 1257,810 1232,811 1206,811 1181,812 1155,812 1130,813 1105,813 1079,814 1054,814 1029,814"/>
                <Baseline points="1029,837 1054,837 1079,837 1105,836 1130,836 1155,835 1181,835 1206,834 1232,834 1257,833 1282,832 1308,832 1333,831 1358,830 1384,829 1409,828 1435,827"/>
                <TextEquiv>
                    <Unicode>del todo maravillado</Unicode>
                </TextEquiv>
            </TextLine>
            <TextLine id="r_3_1l13" custom="readingOrder {index:12;}">
                <Coords points="1037,896 1063,896 1089,896 1115,896 1141,895 1168,894 1194,894 1220,893 1246,892 1273,891 1299,890 1325,889 1351,889 1378,888 1404,887 1430,887 1456,887 1483,886 1483,852 1456,853 1430,853 1404,853 1378,854 1351,855 1325,855 1299,856 1273,857 1246,858 1220,859 1194,860 1168,860 1141,861 1115,862 1089,862 1063,862 1037,862"/>
                <Baseline points="1037,885 1063,885 1089,885 1115,885 1141,884 1168,883 1194,883 1220,882 1246,881 1273,880 1299,879 1325,878 1351,878 1378,877 1404,876 1430,876 1456,876 1483,875"/>
                <TextEquiv>
                    <Unicode>de ver aquel venerable</Unicode>
                </TextEquiv>
            </TextLine>
            <TextLine id="r_3_1l14" custom="readingOrder {index:13;}">
                <Coords points="1039,946 1064,946 1089,946 1115,945 1140,945 1166,944 1191,943 1217,942 1242,941 1268,940 1293,939 1318,938 1344,937 1369,936 1395,936 1420,936 1446,936 1471,937 1497,938 1497,904 1471,903 1446,902 1420,902 1395,902 1369,902 1344,903 1318,904 1293,905 1268,906 1242,907 1217,908 1191,909 1166,910 1140,911 1115,911 1089,912 1064,912 1039,912"/>
                <Baseline points="1039,935 1064,935 1089,935 1115,934 1140,934 1166,933 1191,932 1217,931 1242,930 1268,929 1293,928 1318,927 1344,926 1369,925 1395,925 1420,925 1446,925 1471,926 1497,927"/>
                <TextEquiv>
                    <Unicode>con un madero pesado,</Unicode>
                </TextEquiv>
            </TextLine>
            <TextLine id="r_3_1l15" custom="readingOrder {index:14;}">
                <Coords points="1035,995 1060,994 1085,994 1110,993 1135,993 1160,992 1185,991 1211,990 1236,989 1261,988 1286,987 1311,986 1336,986 1362,985 1387,985 1412,984 1437,984 1462,983 1487,983 1513,984 1513,950 1487,949 1462,949 1437,950 1412,950 1387,951 1362,951 1336,952 1311,952 1286,953 1261,954 1236,955 1211,956 1185,957 1160,958 1135,959 1110,959 1085,960 1060,960 1035,961"/>
                <Baseline points="1035,984 1060,983 1085,983 1110,982 1135,982 1160,981 1185,980 1211,979 1236,978 1261,977 1286,976 1311,975 1336,975 1362,974 1387,974 1412,973 1437,973 1462,972 1487,972 1513,973"/>
                <TextEquiv>
                    <Unicode>y que con voz lastimosa</Unicode>
                </TextEquiv>
            </TextLine>
            <TextLine id="r_3_1l16" custom="readingOrder {index:15;}">
                <Coords points="1035,1043 1062,1042 1090,1042 1118,1041 1146,1040 1174,1039 1202,1039 1230,1038 1258,1037 1286,1036 1314,1035 1341,1034 1369,1033 1397,1033 1425,1032 1453,1031 1481,1031 1509,1031 1537,1030 1565,1030 1593,1030 1593,996 1565,996 1537,996 1509,997 1481,997 1453,997 1425,998 1397,999 1369,999 1341,1000 1314,1001 1286,1002 1258,1003 1230,1004 1202,1005 1174,1005 1146,1006 1118,1007 1090,1008 1062,1008 1035,1009"/>
                <Baseline points="1035,1032 1062,1031 1090,1031 1118,1030 1146,1029 1174,1028 1202,1028 1230,1027 1258,1026 1286,1025 1314,1024 1341,1023 1369,1022 1397,1022 1425,1021 1453,1020 1481,1020 1509,1020 1537,1019 1565,1019 1593,1019"/>
                <TextEquiv>
                    <Unicode>ha dicho: perdone hermano</Unicode>
                </TextEquiv>
            </TextLine>
            <TextLine id="r_3_1l17" custom="readingOrder {index:16;}">
                <Coords points="1038,1089 1064,1089 1091,1089 1117,1089 1144,1089 1170,1088 1197,1087 1223,1087 1250,1086 1276,1085 1303,1084 1330,1083 1356,1082 1383,1081 1409,1081 1436,1080 1462,1080 1489,1079 1515,1079 1542,1079 1569,1080 1569,1046 1542,1045 1515,1045 1489,1045 1462,1046 1436,1046 1409,1047 1383,1047 1356,1048 1330,1049 1303,1050 1276,1051 1250,1052 1223,1053 1197,1053 1170,1054 1144,1055 1117,1055 1091,1055 1064,1055 1038,1055"/>
                <Baseline points="1038,1078 1064,1078 1091,1078 1117,1078 1144,1078 1170,1077 1197,1076 1223,1076 1250,1075 1276,1074 1303,1073 1330,1072 1356,1071 1383,1070 1409,1070 1436,1069 1462,1069 1489,1068 1515,1068 1542,1068 1569,1069"/>
                <TextEquiv>
                    <Unicode>por amor de Dios del Cielo</Unicode>
                </TextEquiv>
            </TextLine>
            <TextLine id="r_3_1l18" custom="readingOrder {index:17;}">
                <Coords points="1043,1139 1068,1139 1093,1138 1118,1138 1144,1137 1169,1136 1194,1135 1220,1134 1245,1134 1270,1132 1296,1131 1321,1130 1346,1130 1371,1129 1397,1128 1422,1128 1447,1127 1473,1127 1498,1127 1523,1127 1549,1127 1549,1093 1523,1093 1498,1093 1473,1093 1447,1093 1422,1094 1397,1094 1371,1095 1346,1096 1321,1096 1296,1097 1270,1098 1245,1100 1220,1100 1194,1101 1169,1102 1144,1103 1118,1104 1093,1104 1068,1105 1043,1105"/>
                <Baseline points="1043,1128 1068,1128 1093,1127 1118,1127 1144,1126 1169,1125 1194,1124 1220,1123 1245,1123 1270,1121 1296,1120 1321,1119 1346,1119 1371,1118 1397,1117 1422,1117 1447,1116 1473,1116 1498,1116 1523,1116 1549,1116"/>
                <TextEquiv>
                    <Unicode>el enfado que le he dado,</Unicode>
                </TextEquiv>
            </TextLine>
            <TextLine id="r_3_1l19" custom="readingOrder {index:18;}">
                <Coords points="1043,1186 1071,1187 1100,1187 1129,1186 1158,1186 1187,1185 1215,1184 1244,1182 1273,1181 1302,1180 1331,1179 1359,1177 1388,1176 1417,1175 1446,1174 1475,1174 1503,1174 1532,1174 1561,1174 1590,1175 1619,1177 1619,1143 1590,1141 1561,1140 1532,1140 1503,1140 1475,1140 1446,1140 1417,1141 1388,1142 1359,1143 1331,1145 1302,1146 1273,1147 1244,1148 1215,1150 1187,1151 1158,1152 1129,1152 1100,1153 1071,1153 1043,1152"/>
                <Baseline points="1043,1175 1071,1176 1100,1176 1129,1175 1158,1175 1187,1174 1215,1173 1244,1171 1273,1170 1302,1169 1331,1168 1359,1166 1388,1165 1417,1164 1446,1163 1475,1163 1503,1163 1532,1163 1561,1163 1590,1164 1619,1166"/>
                <TextEquiv>
                    <Unicode>porque la noche es muy fría,</Unicode>
                </TextEquiv>
            </TextLine>
            <TextLine id="r_3_1l20" custom="readingOrder {index:19;}">
                <Coords points="1044,1234 1069,1234 1095,1234 1121,1234 1147,1234 1173,1233 1199,1232 1225,1231 1251,1230 1277,1229 1303,1228 1329,1227 1355,1226 1381,1225 1407,1224 1433,1224 1459,1224 1485,1224 1511,1225 1537,1226 1537,1192 1511,1191 1485,1190 1459,1190 1433,1190 1407,1190 1381,1191 1355,1192 1329,1193 1303,1194 1277,1195 1251,1196 1225,1197 1199,1198 1173,1199 1147,1200 1121,1200 1095,1200 1069,1200 1044,1200"/>
                <Baseline points="1044,1223 1069,1223 1095,1223 1121,1223 1147,1223 1173,1222 1199,1221 1225,1220 1251,1219 1277,1218 1303,1217 1329,1216 1355,1215 1381,1214 1407,1213 1433,1213 1459,1213 1485,1213 1511,1214 1537,1215"/>
                <TextEquiv>
                    <Unicode>y los años son colmados.</Unicode>
                </TextEquiv>
            </TextLine>
            <TextLine id="r_3_1l21" custom="readingOrder {index:20;}">
                <Coords points="1052,1283 1077,1283 1102,1282 1128,1282 1153,1281 1178,1280 1204,1280 1229,1279 1254,1278 1280,1277 1305,1277 1330,1276 1356,1275 1381,1275 1406,1274 1432,1274 1457,1273 1482,1273 1508,1273 1508,1239 1482,1239 1457,1239 1432,1240 1406,1240 1381,1241 1356,1241 1330,1242 1305,1243 1280,1243 1254,1244 1229,1245 1204,1246 1178,1246 1153,1247 1128,1248 1102,1248 1077,1249 1052,1249"/>
                <Baseline points="1052,1272 1077,1272 1102,1271 1128,1271 1153,1270 1178,1269 1204,1269 1229,1268 1254,1267 1280,1266 1305,1266 1330,1265 1356,1264 1381,1264 1406,1263 1432,1263 1457,1262 1482,1262 1508,1262"/>
                <TextEquiv>
                    <Unicode>Compadeciose Nebrón,</Unicode>
                </TextEquiv>
            </TextLine>
            <TextLine id="r_3_1l22" custom="readingOrder {index:21;}">
                <Coords points="1047,1332 1072,1332 1098,1331 1124,1330 1150,1329 1175,1328 1201,1328 1227,1327 1253,1326 1279,1325 1304,1324 1330,1323 1356,1323 1382,1322 1407,1322 1433,1321 1459,1321 1485,1321 1511,1320 1511,1287 1485,1288 1459,1288 1433,1288 1407,1289 1382,1289 1356,1290 1330,1290 1304,1291 1279,1292 1253,1293 1227,1294 1201,1295 1175,1295 1150,1296 1124,1297 1098,1298 1072,1299 1047,1299"/>
                <Baseline points="1047,1321 1072,1321 1098,1320 1124,1319 1150,1318 1175,1317 1201,1317 1227,1316 1253,1315 1279,1314 1304,1313 1330,1312 1356,1312 1382,1311 1407,1311 1433,1310 1459,1310 1485,1310 1511,1309"/>
                <TextEquiv>
                    <Unicode>y para cama le ha dado</Unicode>
                </TextEquiv>
            </TextLine>
            <TextLine id="r_3_1l23" custom="readingOrder {index:22;}">
                <Coords points="1048,1381 1073,1380 1098,1379 1123,1378 1149,1377 1174,1376 1199,1376 1224,1375 1250,1375 1275,1374 1300,1374 1325,1373 1351,1372 1376,1372 1401,1371 1426,1370 1452,1369 1477,1367 1502,1366 1528,1365 1528,1332 1502,1333 1477,1334 1452,1336 1426,1337 1401,1338 1376,1339 1351,1339 1325,1340 1300,1341 1275,1341 1250,1342 1224,1342 1199,1343 1174,1343 1149,1344 1123,1345 1098,1346 1073,1347 1048,1348"/>
                <Baseline points="1048,1370 1073,1369 1098,1368 1123,1367 1149,1366 1174,1365 1199,1365 1224,1364 1250,1364 1275,1363 1300,1363 1325,1362 1351,1361 1376,1361 1401,1360 1426,1359 1452,1358 1477,1356 1502,1355 1528,1354"/>
                <TextEquiv>
                    <Unicode>la capa, con que quedó</Unicode>
                </TextEquiv>
            </TextLine>
            <TextLine id="r_3_1l24" custom="readingOrder {index:23;}">
                <Coords points="1048,1429 1073,1428 1099,1427 1125,1426 1151,1425 1177,1424 1202,1423 1228,1423 1254,1422 1280,1421 1306,1421 1332,1420 1357,1420 1383,1419 1409,1419 1435,1418 1461,1418 1487,1417 1487,1384 1461,1385 1435,1385 1409,1386 1383,1386 1357,1387 1332,1387 1306,1388 1280,1388 1254,1389 1228,1390 1202,1390 1177,1391 1151,1392 1125,1393 1099,1394 1073,1395 1048,1396"/>
                <Baseline points="1048,1418 1073,1417 1099,1416 1125,1415 1151,1414 1177,1413 1202,1412 1228,1412 1254,1411 1280,1410 1306,1410 1332,1409 1357,1409 1383,1408 1409,1408 1435,1407 1461,1407 1487,1406"/>
                <TextEquiv>
                    <Unicode>el Nazareno acostado,</Unicode>
                </TextEquiv>
            </TextLine>
            <TextLine id="r_3_1l25" custom="readingOrder {index:24;}">
                <Coords points="1051,1474 1076,1475 1101,1475 1126,1475 1152,1474 1177,1474 1202,1473 1227,1472 1253,1472 1278,1471 1303,1470 1328,1469 1354,1468 1379,1467 1404,1467 1429,1466 1455,1466 1480,1465 1505,1465 1531,1466 1531,1433 1505,1432 1480,1432 1455,1433 1429,1433 1404,1434 1379,1434 1354,1435 1328,1436 1303,1437 1278,1438 1253,1439 1227,1439 1202,1440 1177,1441 1152,1441 1126,1442 1101,1442 1076,1442 1051,1441"/>
                <Baseline points="1051,1463 1076,1464 1101,1464 1126,1464 1152,1463 1177,1463 1202,1462 1227,1461 1253,1461 1278,1460 1303,1459 1328,1458 1354,1457 1379,1456 1404,1456 1429,1455 1455,1455 1480,1454 1505,1454 1531,1455"/>
                <TextEquiv>
                    <Unicode>y Juan no quiso dormir</Unicode>
                </TextEquiv>
            </TextLine>
            <TextLine id="r_3_1l26" custom="readingOrder {index:25;}">
                <Coords points="1047,1526 1072,1525 1098,1524 1123,1523 1149,1522 1175,1521 1200,1521 1226,1520 1251,1519 1277,1518 1303,1518 1328,1517 1354,1516 1379,1516 1405,1515 1431,1514 1456,1514 1482,1513 1507,1513 1533,1513 1559,1512 1559,1479 1533,1480 1507,1480 1482,1480 1456,1481 1431,1481 1405,1482 1379,1483 1354,1483 1328,1484 1303,1485 1277,1485 1251,1486 1226,1487 1200,1488 1175,1488 1149,1489 1123,1490 1098,1491 1072,1492 1047,1493"/>
                <Baseline points="1047,1515 1072,1514 1098,1513 1123,1512 1149,1511 1175,1510 1200,1510 1226,1509 1251,1508 1277,1507 1303,1507 1328,1506 1354,1505 1379,1505 1405,1504 1431,1503 1456,1503 1482,1502 1507,1502 1533,1502 1559,1501"/>
                <TextEquiv>
                    <Unicode>porque anda sobresaltado.</Unicode>
                </TextEquiv>
            </TextLine>
            <TextLine id="r_3_1l27" custom="readingOrder {index:26;}">
                <Coords points="1053,1572 1079,1571 1106,1570 1132,1570 1159,1569 1185,1569 1212,1568 1238,1567 1265,1567 1291,1566 1318,1565 1345,1565 1371,1564 1398,1563 1424,1563 1451,1562 1477,1561 1504,1560 1530,1559 1557,1558 1584,1557 1584,1524 1557,1525 1530,1526 1504,1527 1477,1528 1451,1529 1424,1530 1398,1530 1371,1531 1345,1532 1318,1532 1291,1533 1265,1534 1238,1534 1212,1535 1185,1536 1159,1536 1132,1537 1106,1537 1079,1538 1053,1539"/>
                <Baseline points="1053,1561 1079,1560 1106,1559 1132,1559 1159,1558 1185,1558 1212,1557 1238,1556 1265,1556 1291,1555 1318,1554 1345,1554 1371,1553 1398,1552 1424,1552 1451,1551 1477,1550 1504,1549 1530,1548 1557,1547 1584,1546"/>
                <TextEquiv>
                    <Unicode>Cuando pasando dos horas:</Unicode>
                </TextEquiv>
            </TextLine>
            <TextLine id="r_3_1l28" custom="readingOrder {index:27;}">
                <Coords points="1064,1619 1089,1619 1114,1618 1139,1618 1164,1618 1189,1617 1214,1616 1239,1616 1264,1615 1289,1615 1315,1614 1340,1613 1365,1612 1390,1612 1415,1611 1440,1610 1465,1609 1490,1609 1515,1608 1541,1607 1541,1573 1515,1574 1490,1575 1465,1575 1440,1576 1415,1577 1390,1578 1365,1578 1340,1579 1315,1580 1289,1581 1264,1581 1239,1582 1214,1582 1189,1583 1164,1584 1139,1584 1114,1584 1089,1585 1064,1585"/>
                <Baseline points="1064,1608 1089,1608 1114,1607 1139,1607 1164,1607 1189,1606 1214,1605 1239,1605 1264,1604 1289,1604 1315,1603 1340,1602 1365,1601 1390,1601 1415,1600 1440,1599 1465,1598 1490,1598 1515,1597 1541,1596"/>
                <TextEquiv>
                    <Unicode>ve que se vá levantando</Unicode>
                </TextEquiv>
            </TextLine>
            <TextLine id="r_3_1l29" custom="readingOrder {index:28;}">
                <Coords points="1059,1668 1085,1667 1111,1667 1137,1666 1163,1665 1190,1665 1216,1664 1242,1664 1268,1663 1295,1663 1321,1662 1347,1661 1373,1660 1400,1659 1426,1658 1452,1657 1478,1656 1505,1654 1505,1620 1478,1622 1452,1623 1426,1624 1400,1625 1373,1626 1347,1627 1321,1628 1295,1629 1268,1629 1242,1630 1216,1630 1190,1631 1163,1631 1137,1632 1111,1633 1085,1633 1059,1634"/>
                <Baseline points="1059,1657 1085,1656 1111,1656 1137,1655 1163,1654 1190,1654 1216,1653 1242,1653 1268,1652 1295,1652 1321,1651 1347,1650 1373,1649 1400,1648 1426,1647 1452,1646 1478,1645 1505,1643"/>
                <TextEquiv>
                    <Unicode>el Nazareno, y miraba</Unicode>
                </TextEquiv>
            </TextLine>
            <TextLine id="r_3_1l30" custom="readingOrder {index:29;}">
                <Coords points="1056,1715 1082,1715 1108,1715 1134,1715 1160,1714 1186,1714 1212,1713 1239,1712 1265,1712 1291,1711 1317,1710 1343,1710 1369,1709 1395,1708 1422,1707 1448,1706 1474,1706 1500,1705 1526,1705 1552,1705 1579,1704 1579,1670 1552,1671 1526,1671 1500,1671 1474,1672 1448,1672 1422,1673 1395,1674 1369,1675 1343,1676 1317,1676 1291,1677 1265,1678 1239,1678 1212,1679 1186,1680 1160,1680 1134,1681 1108,1681 1082,1681 1056,1681"/>
                <Baseline points="1056,1704 1082,1704 1108,1704 1134,1704 1160,1703 1186,1703 1212,1702 1239,1701 1265,1701 1291,1700 1317,1699 1343,1699 1369,1698 1395,1697 1422,1696 1448,1695 1474,1695 1500,1694 1526,1694 1552,1694 1579,1693"/>
                <TextEquiv>
                    <Unicode>si estaba Nebrón velando.</Unicode>
                </TextEquiv>
            </TextLine>
            <TextLine id="r_3_1l31" custom="readingOrder {index:30;}">
                <Coords points="1059,1763 1087,1763 1116,1763 1145,1762 1174,1762 1202,1762 1231,1761 1260,1760 1289,1759 1317,1758 1346,1758 1375,1757 1404,1756 1432,1755 1461,1754 1490,1753 1519,1752 1547,1752 1576,1751 1605,1751 1634,1751 1634,1717 1605,1717 1576,1717 1547,1718 1519,1718 1490,1719 1461,1720 1432,1721 1404,1722 1375,1723 1346,1724 1317,1724 1289,1725 1260,1726 1231,1727 1202,1728 1174,1728 1145,1728 1116,1729 1087,1729 1059,1729"/>
                <Baseline points="1059,1752 1087,1752 1116,1752 1145,1751 1174,1751 1202,1751 1231,1750 1260,1749 1289,1748 1317,1747 1346,1747 1375,1746 1404,1745 1432,1744 1461,1743 1490,1742 1519,1741 1547,1741 1576,1740 1605,1740 1634,1740"/>
                <TextEquiv>
                    <Unicode>Y Juan que vido esta accion,</Unicode>
                </TextEquiv>
            </TextLine>
            <TextLine id="r_3_1l32" custom="readingOrder {index:31;}">
                <Coords points="1061,1810 1086,1811 1112,1811 1137,1811 1163,1810 1188,1810 1214,1809 1240,1808 1265,1807 1291,1807 1316,1806 1342,1805 1367,1804 1393,1803 1419,1802 1444,1802 1470,1802 1495,1801 1521,1801 1547,1802 1547,1768 1521,1767 1495,1767 1470,1768 1444,1768 1419,1768 1393,1769 1367,1770 1342,1771 1316,1772 1291,1773 1265,1773 1240,1774 1214,1775 1188,1776 1163,1776 1137,1777 1112,1777 1086,1777 1061,1776"/>
                <Baseline points="1061,1799 1086,1800 1112,1800 1137,1800 1163,1799 1188,1799 1214,1798 1240,1797 1265,1796 1291,1796 1316,1795 1342,1794 1367,1793 1393,1792 1419,1791 1444,1791 1470,1791 1495,1790 1521,1790 1547,1791"/>
                <TextEquiv>
                    <Unicode>sin menearse de un lado,</Unicode>
                </TextEquiv>
            </TextLine>
            <TextLine id="r_3_1l33" custom="readingOrder {index:32;}">
                <Coords points="1064,1861 1089,1861 1115,1860 1141,1859 1167,1858 1193,1857 1219,1857 1245,1856 1271,1856 1297,1855 1322,1854 1348,1854 1374,1853 1400,1853 1426,1852 1452,1851 1478,1851 1504,1850 1530,1849 1530,1816 1504,1817 1478,1818 1452,1818 1426,1819 1400,1820 1374,1820 1348,1821 1322,1821 1297,1822 1271,1823 1245,1823 1219,1824 1193,1824 1167,1825 1141,1826 1115,1827 1089,1828 1064,1828"/>
                <Baseline points="1064,1850 1089,1850 1115,1849 1141,1848 1167,1847 1193,1846 1219,1846 1245,1845 1271,1845 1297,1844 1322,1843 1348,1843 1374,1842 1400,1842 1426,1841 1452,1840 1478,1840 1504,1839 1530,1838"/>
                <TextEquiv>
                    <Unicode>estubo hiecho dormido;</Unicode>
                </TextEquiv>
            </TextLine>
            <TextLine id="r_3_1l34" custom="readingOrder {index:33;}">
                <Coords points="1058,1908 1084,1908 1110,1908 1136,1908 1162,1907 1188,1907 1214,1906 1240,1905 1266,1904 1293,1903 1319,1902 1345,1901 1371,1900 1397,1899 1423,1898 1449,1898 1475,1897 1501,1897 1528,1897 1528,1864 1501,1864 1475,1864 1449,1865 1423,1865 1397,1866 1371,1867 1345,1868 1319,1869 1293,1870 1266,1871 1240,1872 1214,1873 1188,1874 1162,1874 1136,1875 1110,1875 1084,1875 1058,1875"/>
                <Baseline points="1058,1897 1084,1897 1110,1897 1136,1897 1162,1896 1188,1896 1214,1895 1240,1894 1266,1893 1293,1892 1319,1891 1345,1890 1371,1889 1397,1888 1423,1887 1449,1887 1475,1886 1501,1886 1528,1886"/>
                <TextEquiv>
                    <Unicode>y con el ojo atildando,</Unicode>
                </TextEquiv>
            </TextLine>
            <TextLine id="r_3_1l35" custom="readingOrder {index:34;}">
                <Coords points="1062,1956 1088,1956 1114,1956 1140,1955 1166,1955 1192,1954 1218,1953 1244,1953 1270,1952 1296,1951 1323,1951 1349,1950 1375,1949 1401,1949 1427,1948 1453,1947 1479,1947 1505,1946 1531,1946 1557,1945 1584,1945 1584,1911 1557,1911 1531,1912 1505,1912 1479,1913 1453,1913 1427,1914 1401,1915 1375,1915 1349,1916 1323,1917 1296,1917 1270,1918 1244,1919 1218,1919 1192,1920 1166,1921 1140,1921 1114,1922 1088,1922 1062,1922"/>
                <Baseline points="1062,1945 1088,1945 1114,1945 1140,1944 1166,1944 1192,1943 1218,1942 1244,1942 1270,1941 1296,1940 1323,1940 1349,1939 1375,1938 1401,1938 1427,1937 1453,1936 1479,1936 1505,1935 1531,1935 1557,1934 1584,1934"/>
                <TextEquiv>
                    <Unicode>vió que el habito se quita,</Unicode>
                </TextEquiv>
            </TextLine>
            <TextLine id="r_3_1l36" custom="readingOrder {index:35;}">
                <Coords points="1066,2003 1091,2003 1117,2004 1142,2004 1168,2004 1193,2004 1219,2003 1245,2002 1270,2001 1296,2000 1321,1999 1347,1998 1373,1998 1398,1997 1424,1996 1449,1996 1475,1996 1501,1996 1501,1962 1475,1962 1449,1962 1424,1962 1398,1963 1373,1964 1347,1964 1321,1965 1296,1966 1270,1967 1245,1968 1219,1969 1193,1970 1168,1970 1142,1970 1117,1970 1091,1969 1066,1969"/>
                <Baseline points="1066,1992 1091,1992 1117,1993 1142,1993 1168,1993 1193,1993 1219,1992 1245,1991 1270,1990 1296,1989 1321,1988 1347,1987 1373,1987 1398,1986 1424,1985 1449,1985 1475,1985 1501,1985"/>
                <TextEquiv>
                    <Unicode>y las barbas ha tirado,</Unicode>
                </TextEquiv>
            </TextLine>
            <TextLine id="r_3_1l37" custom="readingOrder {index:36;}">
                <Coords points="1067,2053 1099,2053 1132,2052 1165,2051 1197,2051 1230,2050 1263,2049 1295,2048 1328,2047 1361,2046 1394,2045 1426,2044 1459,2044 1492,2043 1524,2042 1557,2041 1590,2040 1622,2040 1655,2039 1688,2038 1721,2037 1721,2003 1688,2004 1655,2005 1622,2006 1590,2006 1557,2007 1524,2008 1492,2009 1459,2010 1426,2010 1394,2011 1361,2012 1328,2013 1295,2014 1263,2015 1230,2016 1197,2017 1165,2017 1132,2018 1099,2019 1067,2019"/>
                <Baseline points="1067,2042 1099,2042 1132,2041 1165,2040 1197,2040 1230,2039 1263,2038 1295,2037 1328,2036 1361,2035 1394,2034 1426,2033 1459,2033 1492,2032 1524,2031 1557,2030 1590,2029 1622,2029 1655,2028 1688,2027 1721,2026"/>
                <TextEquiv>
                    <Unicode>con que quedó hecho un mancebo</Unicode>
                </TextEquiv>
            </TextLine>
            <TextLine id="r_3_1l38" custom="readingOrder {index:37;}">
                <Coords points="1061,2102 1090,2102 1119,2101 1148,2101 1177,2101 1207,2100 1236,2099 1265,2099 1294,2098 1323,2097 1353,2096 1382,2096 1411,2095 1440,2094 1469,2093 1499,2092 1528,2091 1557,2090 1586,2090 1615,2089 1645,2088 1645,2054 1615,2055 1586,2056 1557,2056 1528,2057 1499,2058 1469,2059 1440,2060 1411,2061 1382,2062 1353,2062 1323,2063 1294,2064 1265,2065 1236,2065 1207,2066 1177,2067 1148,2067 1119,2067 1090,2068 1061,2068"/>
                <Baseline points="1061,2091 1090,2091 1119,2090 1148,2090 1177,2090 1207,2089 1236,2088 1265,2088 1294,2087 1323,2086 1353,2085 1382,2085 1411,2084 1440,2083 1469,2082 1499,2081 1528,2080 1557,2079 1586,2079 1615,2078 1645,2077"/>
                <TextEquiv>
                    <Unicode>con charpa, y coletoarmado.</Unicode>
                </TextEquiv>
            </TextLine>
            <TextLine id="r_3_1l39" custom="readingOrder {index:38;}">
                <Coords points="1065,2149 1091,2149 1117,2149 1143,2149 1169,2148 1195,2148 1221,2147 1247,2147 1273,2146 1299,2145 1325,2144 1351,2144 1377,2143 1403,2142 1429,2142 1455,2141 1481,2141 1507,2140 1533,2140 1559,2140 1559,2106 1533,2106 1507,2106 1481,2107 1455,2107 1429,2108 1403,2108 1377,2109 1351,2110 1325,2110 1299,2111 1273,2112 1247,2113 1221,2113 1195,2114 1169,2114 1143,2115 1117,2115 1091,2115 1065,2115"/>
                <Baseline points="1065,2138 1091,2138 1117,2138 1143,2138 1169,2137 1195,2137 1221,2136 1247,2136 1273,2135 1299,2134 1325,2133 1351,2133 1377,2132 1403,2131 1429,2131 1455,2130 1481,2130 1507,2129 1533,2129 1559,2129"/>
                <TextEquiv>
                    <Unicode>Y arrimándose á lá Cruz,</Unicode>
                </TextEquiv>
            </TextLine>
            <TextLine id="r_3_1l40" custom="readingOrder {index:39;}">
                <Coords points="1073,2198 1101,2199 1129,2199 1157,2199 1185,2198 1213,2198 1241,2197 1269,2196 1297,2196 1325,2195 1354,2194 1382,2193 1410,2192 1438,2191 1466,2190 1494,2190 1522,2189 1550,2189 1578,2188 1606,2188 1635,2188 1635,2154 1606,2154 1578,2154 1550,2155 1522,2155 1494,2156 1466,2156 1438,2157 1410,2158 1382,2159 1354,2160 1325,2161 1297,2162 1269,2162 1241,2163 1213,2164 1185,2164 1157,2165 1129,2165 1101,2165 1073,2164"/>
                <Baseline points="1073,2187 1101,2188 1129,2188 1157,2188 1185,2187 1213,2187 1241,2186 1269,2185 1297,2185 1325,2184 1354,2183 1382,2182 1410,2181 1438,2180 1466,2179 1494,2179 1522,2178 1550,2178 1578,2177 1606,2177 1635,2177"/>
                <TextEquiv>
                    <Unicode>vió que con grande cuidado,</Unicode>
                </TextEquiv>
            </TextLine>
            <TextEquiv>
                <Unicode>oyó golpes á la puerta,
y al mesonero han hablado:
Caballero, por su vida,
que le abra á un pobré anciano
que entrage de Nazareno,
con un madero pesado,
y con un hábito humilde,
viene sus culpas pagando.
No fiandose Nebrón,
con el trabuco abrazado,
abrió la puerta, y quedose
del todo maravillado
de ver aquel venerable
con un madero pesado,
y que con voz lastimosa
ha dicho: perdone hermano
por amor de Dios del Cielo
el enfado que le he dado,
porque la noche es muy fría,
y los años son colmados.
Compadeciose Nebrón,
y para cama le ha dado
la capa, con que quedó
el Nazareno acostado,
y Juan no quiso dormir
porque anda sobresaltado.
Cuando pasando dos horas:
ve que se vá levantando
el Nazareno, y miraba
si estaba Nebrón velando.
Y Juan que vido esta accion,
sin menearse de un lado,
estubo hiecho dormido;
y con el ojo atildando,
vió que el habito se quita,
y las barbas ha tirado,
con que quedó hecho un mancebo
con charpa, y coletoarmado.
Y arrimándose á lá Cruz,
vió que con grande cuidado,</Unicode>
            </TextEquiv>
        </TextRegion>
    </Page>
</PcGts>
