1636 2468
255 271 281 317 2
153 329 517 364 A Cartagena pasó,
157 375 750 411 y en el camino ha encontrado
159 421 621 460 una venta, ya la noche
159 470 683 507 venia tendiendo su manto:
157 519 663 555 llegó Juan, pidió posada,
160 567 670 604 lo que se le fué otorgado;
155 616 602 650 y registrando la venta
159 665 712 700 con muy grande desenfado,
159 711 672 747 y viendo que nadie habia,
159 760 754 796 ha entrado con gran cuidado.
154 808 634 844 Preguntóle á la ventera
163 858 770 893 que hacia sola en aquel campo,
153 903 503 941 y si tenia marido:
162 953 601 989 Y ella dijo con recato,
155 1002 674 1037 que si, y que habia salido
155 1049 656 1085 á un viage muy dilatado.
160 1097 544 1133 Preguntóle si tenia
157 1145 602 1182 un cuarto desocupado,
153 1193 786 1232 en que hospedarse, y responde,
161 1242 720 1279 que tan solo habia uno alto.
156 1290 660 1329 Dijo Nebrón lo mostrase,
157 1338 612 1373 y la muger ha tomado
160 1386 656 1421 un candil, detras de ella
158 1433 715 1470 se fué, y admitió su cuarto.
159 1482 664 1520 Bajóse, y tomó las armas,
160 1529 602 1565 juntamente sucaballo,
157 1577 634 1614 y en su cuarto lo metió,
160 1626 748 1662 medio por su pie ó en brazos.
157 1673 576 1710 La ventera renegaba,
158 1723 630 1758 porque subia el caballo:
157 1770 534 1805 y Nebrón la sosegó
153 1817 712 1855 con modos muy cortesanos,
161 1866 639 1902 diciendo, que el dormia
153 1914 694 1951 siempre junto á su caballo.
154 1962 580 1998 Se sosego la ventera,
157 2010 704 2046 y Nebrón con gran cuidado
163 2058 674 2096 quedóse en el cuarto solo
161 2106 752 2143 fingiendo que se ha acostado:
162 2155 746 2191 cuando allá á la media noche
156 2204 709 2240 viene con muy lentos pasos
882 326 1376 362 la ventera; mas Nebrón,
880 373 1398 411 que de todo anda avisado,
875 420 1398 457 con muy grande disimulo,
873 469 1373 505 con el trabuco abrazado:
879 517 1400 553 ola, quién vá? preguntóle,
877 564 1406 599 y ella respondió algo bajo:
886 612 1380 651 El candil se me apagaba,
881 660 1387 696 y yo he venido á atizarlo.
876 710 1352 745 Atizó el candil, y fuese,
875 755 1350 794 y cortés le ha saludado,
884 805 1354 843 diciendole que perdone,
881 853 1413 890 si en algo le ha molestado.
878 901 1321 937 Se salió del aposento,
877 947 1352 988 por la escalera bajando,
885 999 1372 1033 y Nebron por si algo via
879 1046 1414 1084 á la puerta se ha asomado,
879 1093 1276 1131 y con atencion oyó
875 1142 1452 1179 que la ventera está hablando
883 1191 1436 1227 con hombres, y que decian:
881 1238 1384 1275 El picaro ha despertado,
881 1288 1402 1323 pero la armaré con queso,
875 1335 1457 1371 para que quede entrampado.
880 1385 1366 1419 Dichas aquestas razones,
875 1432 1367 1467 Nebrón le dijo á su sayo:
878 1478 1426 1515 El que está bien prevenido,
885 1528 1450 1563 jamás vencido se ha hallado.
887 1576 1440 1611 Cuando al cabo de una hora,
873 1622 1471 1660 vé que arrempujan del cuarto
879 1671 1443 1709 la puerta, y que la ventera
877 1721 1474 1756 otra vez dentro se ha entrado,
879 1768 1337 1804 haciendo mucho ruido,
879 1815 1434 1852 y hace Nebrón que cansado
878 1864 1365 1899 pagaba tributo al sueño:
877 1913 1466 1949 viendo que no ha despertado,
883 1961 1295 1996 se salió del aposento
877 2009 1344 2045 con un paso acelerado.
878 2057 1428 2095 Nebrón se levantó al punto,
887 2105 1351 2141 y blandamente pisando,
877 2154 1368 2189 arrimóse ácia la puerta
883 2203 1361 2239 con el rejon en la mano,
