1737 2508
1537 152 1571 306 7
258 292 753 337 abren candados, y llaves
254 342 855 385 y entrando el Alcaide adentro,
253 389 849 433 le dí un golpe con los grillos,
254 439 864 482 y se quedó á mis pies muerto,
249 488 719 528 y quitandole las llaves,
251 536 763 577 liberté á todos los presos.
251 584 790 624 Tambien le quité un rejon,
256 632 746 673 y con este mismo acero,
266 680 780 721 por entre muchas espadas
259 728 838 769 tomé amparo en el Convento
260 777 760 817 Trinitario, donde estuve,
257 824 708 865 amparado del cilencio.
257 872 772 914 Don Francisco Berrandón,
261 920 809 961 que era de mi padre deudo,
267 968 749 1010 me avisó de que mi tio.
255 1018 809 1058 ha dias de que era muerto,
257 1065 783 1106 y que al tiempo de morir,
261 1114 785 1155 viéndose en aquel aprieto,
258 1161 746 1203 hizo un perdon general,
258 1209 732 1250 y con muy poco dinero
264 1257 771 1299 le hice algunos sufragios,
270 1305 827 1347 Dios le haya dado su Reyno.
264 1354 744 1396 La obligacion de Jabon
268 1402 811 1443 de Cañete, y otros pueblos
268 1451 680 1492 en este tiempo traia
271 1501 770 1541 con mi caballo, y dinero,
273 1548 662 1587 y todo lo necesario,
271 1594 841 1636 á Osuna, con grande riesgo.
275 1641 745 1684 Siendo Don José Clavijo
274 1690 755 1733 Corregidor pretendiendo
271 1739 692 1780 adelatar sus honores
274 1784 883 1828 con mi prision, vivo, ó muerto
279 1835 797 1878 me compró por un doblon
276 1883 868 1924 á un traidor de un mesonero.
284 1932 735 1974 Apenas entré en Osuna
277 1979 791 2023 le dan el soplo, y saliendo
280 2028 704 2069 con toda la gurullada
284 2080 774 2116 de alguaciles, y porteros,
287 2126 743 2165 me cercan toda la casa
281 2175 726 2215 con indecible secreto.
977 279 1407 321 Yo que cercado me ví
970 329 1496 370 me levanté echando retos,
975 378 1468 418 con el rejon en la mano,
984 424 1452 465 estas palabras diciendo.
985 473 1533 514 Aquel que me echare mano,
982 521 1509 562 comienze á decir el Credo:
990 570 1498 611 Mas al salir por la puerta
981 618 1543 659 tuve tan terrible encuentro,
978 666 1453 707 que se me puso delante
980 714 1462 756 el Corregidor, diciendo:
990 763 1443 805 date preso á la justicia,
989 812 1519 856 y yo agraviado de aquesto,
986 861 1506 901 mano metí á una pistola,
983 908 1549 950 y asertando el tiro al pecho,
997 957 1473 998 por no dar luz el fogón,
988 1005 1451 1045 alli no lo dejó muerto.
986 1053 1524 1093 Salí pues con gran trabajo,
983 1100 1514 1141 tome la Torre al Convento
996 1148 1511 1189 de Victorios, donde estuve
996 1198 1531 1237 peleando cuerpo á cuerpo.
991 1246 1525 1285 Tres Ministros le maté
992 1294 1603 1335 que andaban buscando medios
1006 1342 1435 1384 para quitarme la vida
993 1390 1528 1430 con los mayores esfuerzos.
999 1438 1433 1478 Un Ministro diligente,
997 1487 1531 1526 de gran animo, y esfuerzo,
998 1535 1405 1575 confiado en su valor,
996 1583 1555 1622 fué su diligencia en tiempo,
1004 1631 1481 1671 que me descuidé, y lo ví
1001 1680 1450 1719 en el escalon postrero.
1003 1728 1533 1766 Dile un golpe en la, cabeza,
1001 1776 1515 1814 pero fué con tal esfuerzo,
1000 1824 1507 1863 que lo que subió de pies,
1011 1872 1504 1912 volvió ábajar de cerebro.
1003 1920 1487 1960 Me fui á curar á Cañete,
1007 1968 1491 2008 y luego asi que supieron
1008 2016 1442 2057 mis amigos este caso,
1006 2064 1549 2106 lo han tomado por empeño.
999 2112 1527 2154 Juan Gomez el de Granada,
1003 2163 1527 2203 que es mi leal compañero,
