1720 2456
239 244 281 297 6
141 307 696 346 poniéndome en el Bautismo
148 357 686 393 por el gusto de mi Abuelo,
136 403 752 442 Juan Garcia, y por mis Padres,
138 453 688 489 cuando mayor me pusieron
137 503 524 539 el apellido Nebrón,
135 550 662 585 de Leon fuera mas bueno.
135 598 640 634 Apenas tuve tres lustros,
135 646 816 682 que son quince años mal hechos,
138 694 719 731 dí la muerte á un primo mio
146 743 630 781 por unos falsos enredos.
137 791 625 825 Supe que mi tio andaba
135 838 692 875 buscándome con estremos.
145 887 683 923 Me fui una noche á Cañete
152 934 580 972 para matarle resuelto,
143 985 675 1022 y apenas entré en mi casa,
139 1031 692 1069 me quedé vencído al sueño,
147 1081 615 1118 y conociendo mi Madre
146 1128 683 1165 mi obstinado pensamiento,
141 1177 769 1213 me hincho la escopeta de agua,
152 1224 674 1263 porque no surtiese efecto.
142 1273 514 1309 Apenas el otro dia
151 1321 705 1356 tendió el Sol sus rayos bellos
142 1369 590 1405 sali á buscar á mi tio,
145 1416 657 1455 y apenas vi al pobre viejo,
146 1465 638 1502 cuando atrevido disparo,
151 1513 678 1549 y erró la escopeta el fuego:
141 1560 619 1598 Fué providencia Divina
148 1610 670 1646 el no hacer tal desacierto,
154 1658 746 1694 dando la muerte á un anciano,
147 1706 683 1743 habiendo á su hijo muerto.
156 1755 568 1792 Alborotado el Lugar,
156 1803 654 1840 puse tierra de por medio.
145 1851 666 1887 Fuí á Málga donde entré
155 1899 638 1937 en casa de un Caballero,
153 1948 740 1985 que este en su hacienda tenía
156 1996 671 2033 un mayordomo estrangero
156 2045 608 2081 Tuvimos unas palabras,
157 2094 621 2131 cosa de muy poco peso,
159 2141 559 2183 y me trató de rapaz,
151 2192 621 2235 yo, como era forastero,
862 307 1344 347 le quise dar á entender,
866 355 1366 393 que conociese mi aliento.
866 404 1414 443 Le dí muerte aquella noche,
870 451 1348 489 y los demás compañeros
870 500 1356 542 se fueron, y me dejaron,
870 548 1300 587 y como si nada hecho
861 597 1332 636 hubiera, me fuí á Coin,
869 644 1537 683 que hay seis leguas de por medio.
868 694 1256 734 Alegre me paseaba,
872 742 1428 780 y una noche cuando el Cielo
872 790 1294 829 parecia que esgrimia
865 839 1410 880 contra mi rayos, y truenos,
865 887 1292 925 vino una requisitoria
870 936 1380 974 con tan profundo secreto,
865 984 1418 1022 que en una prision me hallé,
871 1031 1418 1070 sin ser de mis armos dueño.
879 1080 1306 1119 Valime de una señora,
876 1130 1395 1167 que era Doña Elvira Tello,
877 1176 1370 1213 y esta en mi prision traia
873 1220 1532 1261 á todo el mundo revuelto,
877 1269 1533 1310 y á Galeras me sentencian
867 1322 1403 1357 por sus importantes ruegos.
878 1367 1534 1405 Pero por mi grande industria
874 1418 1350 1453 dispuse buscar el medio
880 1467 1279 1503 mejor á mi libertad,
875 1515 1418 1551 fue engañando al Carcelero,
870 1562 1360 1600 suplicandole una noche,
883 1611 1366 1647 por estar triste, y sujeto,
876 1658 1342 1695 me quitase una cadena
878 1707 1390 1744 para descanso del cuerpo.
872 1755 1288 1793 Hizo lo que le pedia;
877 1804 1548 1839 mas por piedad, que por miedo.
872 1852 1424 1887 Solteme pues de los grillos,
887 1899 1494 1936 porque eran los pies pequeños,
882 1948 1290 1984 sin dificultad alguna,
877 1994 1364 2031 y ya que me vide suelto,
883 2044 1378 2081 aguardaba por instantes,
881 2092 1392 2127 que viniera el carcelero:
889 2140 1418 2177 cuando allá por la mañana,
883 2190 1449 2235 y que el alva iba rompiendo,
