1737 2508
381 305 1488 456 SEGUNDA PARTE.
298 688 1626 741 En la que se refiere lo que pasaron en su cau-
231 760 1634 811 tiverio don Antono Benavides y doña Maria Te-
236 829 1632 882 resa; como llegaron con felicidad á España y se
231 900 1580 952 casaron con lo demás que verá, el curioso lector.
285 1091 824 1122 Ya que en la primera parte
230 1133 621 1166 ofrecí daria cuenta
239 1178 819 1210 del fin que tuvo esta história
233 1220 727 1254 de don Antonio Lacerda
239 1265 761 1296 quedamos en que cautivos
231 1308 770 1343 los dos amantes se quedan,
239 1353 819 1386 dentro de Argel don Antonio
239 1397 713 1430 arrastrando una cadena,
235 1439 728 1475 y á Túnez fué de regalo
229 1483 615 1517 doña María Teresa.
236 1528 766 1560 Llegó pues con el presente
233 1572 848 1605 un turco que es quien lo lleva
230 1616 822 1649 á un gran señor a quien iba
227 1660 619 1692 remitida la belleza
238 1703 732 1737 de dama tan desgraciada;
231 1747 743 1781 y apenas el pliego entrega
229 1790 698 1823 con el regalo ya dicho,
237 1835 804 1869 cuando el noble turco queda
236 1878 714 1911 absorto de la hermosura
237 1922 743 1957 que la magestad supréma
230 1966 656 1999 epilogó en esta dama
237 2011 712 2045 ostentando su grandeza.
234 2054 741 2088 Y viendo que sus dos soles
239 2098 695 2131 estaban vertiendo perlas
237 2141 715 2178 lamentando su desdicha,
241 2186 730 2219 le dijo el turco no temas
240 2230 744 2264 cristiana, pues te aseguro
238 2272 715 2307 vienes á tu casa mesma;
230 2318 836 2352 no pienses que como esclava
235 2363 716 2397 estarás en mi presencia.
955 1088 1404 1122 Respondió doña María;
959 1133 1564 1170 yo, señor, que piense es fuerza,
952 1176 1518 1211 isoy tu esclava, pues fortuna
950 1221 1498 1255 con un vuelco de su rueda
952 1264 1450 1297 me redujo á este estado
951 1309 1495 1344 dichoso porque en el pueda
950 1351 1451 1386 servirte con mucho gusto
953 1396 1449 1428 obediente á tu grandeza
948 1440 1532 1478 Dijo el turco: sobre hermosa,
955 1483 1490 1519 sois cristiaa muy discreta.
952 1527 1479 1563 Despachó luego al instante
947 1571 1408 1604 al enviado con treinta
955 1615 1337 1648 cequíes de gratitud
959 1659 1516 1693 para él solo, y otros treinta
960 1702 1373 1736 valones de rica grana
952 1747 1475 1782 y hermosas ropas de seda
955 1791 1359 1826 para su corresponsal
947 1834 1426 1869 como grata recompensa
948 1878 1326 1910 del regalo recibido
946 1922 1462 1957 que estima sobre manera.
951 1966 1444 1998 Al cabo de algunos dias
959 2010 1517 2042 el turco, como se encuentra
962 2054 1374 2087 tan herido del amor,
956 2098 1430 2131 pues sus crueles saetas
960 2142 1472 2176 penetraron hasta el alma,
964 2187 1456 2218 discurria allá en su idea
964 2230 1378 2262 una ocasion oportuna
955 2275 1459 2306 con que hablarla pudiera
953 2316 1392 2351 á su adorada cautiva,
953 2362 1482 2396 á aquel cielo que venera
