1737 2508
263 307 771 356 Reconociendo esta accion
265 351 764 399 don Antonio de Lacerda,
262 393 824 446 le dice: quién eres, hombre,
261 440 819 490 que tan bizarro te muestres?
256 484 700 526 Dijo el esclavo: yo soy
256 528 867 578 un turco, á quien las trajedias
258 572 766 618 de mi fortuna inconstante
254 618 707 660 redujo á tanta miseria
258 661 748 708 de ser esclavo én Sicilia:
256 706 768 753 pero noble en tal manera,
248 752 784 797 que si volviera á mi patria,
251 794 733 840 vasallos me obedecieran.
245 836 706 883 Este he sido y este soy,
245 883 814 931 perdonad mi osada empresa,
247 926 707 969 que solo vquise servinos
238 969 754 1015 en accion tan baja y féa
243 1013 840 1063 como en la que los contracios
241 1057 707 1104 ejercitaron sus fuerzas..
230 1102 769 1146 No respondió don Antonio.
231 1146 764 1186 mas que decirle que fuera
229 1186 695 1235 á acompañarle gustoso,
229 1230 761 1281 advirtiendo que era fuerza
229 1275 730 1321 el que los dos á sagrado
219 1319 771 1368 se retiraran, porque hecha
231 1363 740 1411 una muerte en el fracaso.
225 1406 721 1456 quedaba por cosa cierta.
228 1452 778 1502 Retiráronse á un convento,
218 1497 730 1544 y a otro dia con presteza
224 1539 735 1585 supo el dueño del esclavo.
223 1584 728 1631 que se valió con cautela:
223 1626 689 1672 de un amigo confidente
220 1670 702 1718 para hacer la diligencia
216 1714 725 1764 del rescate y con dinero,
215 1758 671 1805 que la libertad tragera
213 1803 659 1846 como en efecto asi fué
208 1849 691 1894 y túvola sin resistencia.
211 1890 775 1938 Llamó al turco don Antonio;
202 1931 729 1982 y hablóle de esta manera:
212 1977 738 2027 ya estás libre noble turco,
205 2019 705 2068 que si anoche tu nobleza
203 2063 770 2116 amparo me dió en el campo,
200 2106 610 2152 agradeciendo finezas,
192 2150 658 2199 hoy te doy la libertad;
194 2195 741 2246 este es el auto que espresa
196 2240 698 2286 tu rescate, ahí le tienes:
194 2283 780 2337 y porque mas bien lo creas,
196 2331 759 2377 ya queda en el puerto nave
198 2378 743 2422 que te conduzca á tu tiera.
1552 306 1574 338 3
990 330 1459 378 El turco de agradecido
988 375 1448 424 vertia lágrimas tiernas.
989 420 1506 471 y le dijo: ¡oh! quiera Alá,
980 463 1535 516 que algun dia pagar pueda
986 507 1447 553 beneficio tan supremo;
984 555 1538 605 y que la inconstante rueda
985 596 1381 639 de la fortuna se fije
983 640 1535 692 solo en dichas de tu esfera.
976 685 1448 729 Despidiéronse amorosos
981 732 1571 784 partiendo el turco á su tierra,
975 778 1471 820 y el famoso don Antonio
979 820 1399 860 escribióle la tragedia
975 865 1519 913 que acontecio, á la hermosa
976 906 1357 945 doña María Teresa,
972 953 1439 994 La escribió por estenso
967 996 1497 1044 todo el caso, y que si era.
971 1042 1342 1081 gustosa, la sacaria
971 1086 1468 1131 en aquella noche mesma
964 1125 1437 1176 por seguro de su casa,
960 1171 1398 1215 y puesto con ligereza
963 1216 1424 1259 en una nave española
962 1259 1545 1310 que estaba ya de su cuenta
965 1304 1491 1351 para hacer viaje á España
957 1348 1464 1393 que enviase la respuesta,
956 1392 1527 1441 pues la justicia en Palermo.
950 1435 1475 1481 que le buscase era fuerza:
952 1478 1456 1523 y de esta suerte cesaban
948 1522 1445 1568 tantá multitud de penas
944 1567 1406 1610 como el corazon tenia
946 1611 1390 1653 temeroso de perderla.
943 1656 1342 1696 Recibió doña María
948 1697 1482 1745 esta carta, y con presteza
940 1739 1448 1788 respondióle: camante mio,
940 1784 1552 1838 dulce iman de mis pontencias,
936 1831 1406 1871 ya reconoces mi afecto
933 1872 1452 1919 el riesgo que con cautela
939 1916 1444 1962 te ha buscado un alevoso:
936 1955 1462 2008 y así respondo, que queda
933 2004 1508 2053 mi amor constante esperando
928 2046 1483 2096 el seguirte en tus tragedias.
928 2089 1460 2139 Dios te guarde dueño mio.
929 2134 1405 2178 Soy tuya Maria Teresa.»
925 2178 1468 2229 Cerró el pliego y remitióle,
920 2223 1406 2266 el cual al instante llega
917 2264 1440 2315 á manos de don Antonio,
922 2311 1426 2356 y en leyéndolo se apresta
926 2356 1436 2399 para el caso, disponiendo
924 2402 1437 2445 que se pusiese á la vela
