1765 2512
200 163 228 316 2
101 284 611 328 y siendo de catorce años
98 329 499 366 di paróle una saéta
108 373 565 410 el vendado niño ciego
109 415 621 454 (que mas su poder ostenta
108 461 689 498 en lo humilde, tierno y debil,
112 504 724 545 que en él que fuerte desprecia
103 550 539 586 sus amorosos arpones,
102 593 640 630 resistiéndose á sus flechas,)
102 637 548 674 é nclinó su voluntad
104 680 684 718 á un andaluz de Antequera,
104 724 640 764 que le llaman don Autonio
103 770 545 806 Benavides de Lacerda,
98 813 664 850 tan singular, que en España
103 857 558 894 es notoria su ñobleza.
96 901 587 937 Estos dos finos amantes
101 945 668 982 se estiman con tantas veras,
108 989 712 1028 que en los dos cuerpos un alma
106 1034 639 1071 con el amor se alimentan.
99 1078 607 1114 Viviendo con esta union
109 1122 650 1159 en que el amor los sujeta,
97 1166 607 1204 quiso don Juan Piñateli,
104 1211 568 1248 napolitano en inquietas
105 1255 499 1292 sediciones deshacer,
101 1298 635 1335 tanta union con violengja.
100 1342 607 1380 Escribióle á don Antonio
99 1385 603 1425 un papel en que le reta
103 1431 673 1469 para el campo, y luego en él
105 1475 567 1511 le dirá la causa cierta,
105 1518 591 1558 que le mueve al desafio
107 1563 635 1599 de aquella campal empresa.
104 1606 618 1644 Admitiólo luego al punto
103 1652 658 1689 su valor no dando treguas
106 1695 549 1732 hasta saber el motivo
102 1739 611 1775 que al napolitano mueva.
107 1782 592 1821 Llegaron los dos al sitio
107 1827 545 1863 señalado y sin espera
106 1871 533 1907 así dijo don Antonio
109 1913 597 1951 á Piñateli; ya es fuerza,
112 1958 677 1996 que aquí me digas la causa
104 2003 655 2040 que ine trae á la palestra.
105 2048 505 2082 Y Piñateli responde
106 2090 641 2127 con muy pronta diligencia:
109 2134 602 2172 sí la diré, pues es justo
103 2178 597 2216 que mi dolor os refiera.
101 2221 667 2260 Esa deidad que en el pecho
103 2267 583 2306 ¿colocastes por diadema
104 2307 663 2350 de tu amor firme y dichoso
101 2357 725 2397 ses quien mueve mis empresas;
822 275 1363 311 ese cielo á que yo aspiro,
825 319 1202 356 doña María Teresa
823 360 1317 399 de Faro, Leon y Torres
834 406 1363 446 es causa de mis dolencias:
831 449 1339 492 y así suspende el impulso
834 495 1295 534 que llevas en poseerla,
834 538 1321 578 o los filos de mi espada
831 583 1233 620 castigaran tus ideas.
836 626 1322 666 El valiente don Antomio
827 671 1353 708 al escuchar tal respuesta,
832 713 1397 754 no hay tigre fiero de Albañia
832 759 1413 798 que á su enojo igualar pueda,
827 802 1247 843 y le dice: fementida
826 847 1301 885 Piñateli gcomo intentas
825 892 1395 931 quitarine el alma que tengo
837 934 1387 973 dando vida á mis potencias?
827 978 1442 1021 ¿no sabes que es corto orgullo
823 1024 1340 1062 el tuyo para la enpresa,
823 1065 1305 1111 y que es imposible eso
823 1111 1311 1148 aunque Nápoles vinier
821 1156 1279 1192 Se arroja con valentía
828 1200 1359 1237 con tan no vista destreza,
828 1245 1386 1282 que le alcanzo con un tajo,
833 1289 1273 1324 rompiéndolé la cabeza.
824 1333 1278 1370 En cuvo trábado lance
832 1379 1181 1414 dijo Piñateli: ea,
827 1422 1297 1457 favor aqui de los mios,
833 1465 1305 1504 y seis o siete le cercan
835 1509 1333 1546 que en emboscadá tenia,
837 1553 1295 1589 los cuales. con ligereza
838 1597 1360 1634 embisten con don Antonio
827 1640 1401 1677 quien esgrimiendo su diestra,
836 1683 1307 1722 á los primeros embistes
833 1727 1409 1765 uno mue to quedó en tierra.
837 1771 1341 1809 En este fuerte intermedio
832 1817 1389 1854 de accion tan infume y fea,
834 1862 1291 1898 un turco acaso pasaba,
827 1906 1285 1947 y mirando la tragediá,
842 1948 1374 1984 tomó la espada del muerto,
839 1993 1321 2031 y con inveucibles fuerzas
830 2037 1291 2074 al lado de don Antonio
834 2082 1315 2116 se puso diciendo, perra,
839 2124 1308 2161 canalla traidora, ¿cómo
839 2168 1385 2204 con tam no vista insolencia
839 2214 1339 2248 batallais tantos con uno?
841 2257 1360 2293 Y partiendo con destreza,
836 2302 1334 2338 go quedó traidor algimo
844 2348 1387 2384 en el campo que no huyera.
