1765 2512
224 229 266 302 6
129 308 615 342 por imán de su alvedrio
130 352 644 386 y norte de sus potencias,
132 395 690 431 á aquel prodigio humanado,
134 439 526 474 doña María Teresa,
131 484 634 519 que triste y desconsolada
130 527 610 561 en sus oraciones tiernas
132 571 636 605 clamaba à la virgen pura
133 614 635 649 diciendo de esta manera:
120 660 608 693 madre de desamparados,
128 703 698 742 virgen pura, hermosa y bella,
124 747 619 780 alcanzad de vuestro hijo
124 791 662 825 señor nuestro, me defienda
121 834 594 869 de tantas persecuciones
120 879 718 915 con que este turco me cerca.
125 922 642 961 No permitais, inadre mia,
132 968 590 1001 ya que cantiva me vea
124 1011 714 1048 el que ofenda á vuestro hijo,
128 1055 692 1090 sed ini amparo y mi defensa.
118 1101 512 1132 Así suspiraba triste
121 1144 627 1177 pero su amo que observa
123 1188 592 1223 sus aflicciones, la dice:
128 1232 624 1268 es posible, ingrata bella,
119 1277 674 1310 que la tristeza en tu pecho
122 1319 635 1352 tan defirme se aposenta?
118 1363 591 1396 tú cres señora absoluta
126 1408 662 1442 de mí alvedrio, y si fueras
114 1451 576 1489 agradecida á mi amor,
116 1495 648 1533 lo fueras de mis riquezas;
124 1540 620 1573 pero si ingrata prosigues
124 1585 659 1617 con el menósprecio, piensa
119 1629 674 1664 que quien te estima soy yo,
124 1673 542 1706 y si ciuel tu belleza
122 1717 671 1748 no corrresponde á mi amor
114 1761 622 1796 y desprecias mis finezas,
111 1805 701 1836 lo que po hagan mis cariños
114 1849 598 1881 la de lograrlo la fuerza.
116 1893 658 1927 Mas vién dola tan constante,
113 1938 615 1971 y firine hacer resistencia,
117 1981 505 2012 obstinado se arrojó
118 2025 686 2061 con acciones descompuestas,
117 2070 640 2101 que fué preciso á la dama
120 2114 636 2149 le dijese: aguarda espera,
124 2159 720 2190 que si piensas que estoy sola,
118 2201 638 2233 no estoy sola, no lo creas,
122 2247 654 2279 que tango amante presente,
125 2290 719 2323 que se pondrá en mi defensa,
122 2335 546 2373 y que sabrá castigar
124 2379 524 2412 demasias desatentas.
855 309 1424 341 Dijo el tuirco: ¿cómo es eso?
853 353 1439 390 ¿pues quién en mi casa fuera
847 397 1383 429 capaz para ser tu amante,
868 441 1392 474 que tan solo yo no fuera?
858 484 1342 517 Respondióle muy briosa
863 528 1243 561 doña María Teresa:
852 573 1335 605 quien mi corazon ocupa
859 617 1438 648 cual dueño de mis potencias
857 661 1470 693 aunque ausente, con su imagen
856 704 1348 737 haciendome esta defensa.
856 748 1344 781 Replicole: no es posible
857 792 1407 824 si mas elaro no lo muestras.
851 836 1268 868 Entonces doña Maria
845 879 1348 913 le respondió: porque veas
856 924 1438 959 que esmuy cierto lo que digo,
848 968 1326 1000 esta caridad lo muestra.
855 1012 1483 1047 ¿No has visto un pomposo árbol
851 1055 1355 1089 arraigado en fértil tierra,
853 1100 1362 1133 que el labrador ingenioso
860 1143 1388 1176 queriendo que el fruto sea
850 1189 1310 1222 la medida de su gusto,
849 1231 1441 1266 le acora en parte, y conciencia
847 1276 1338 1309 le introcuce cierta rama
851 1319 1352 1353 de otro árbol, de manera
858 1364 1352 1398 que queda con él unida,
849 1408 1329 1444 y se ve por esperieucia,
849 1451 1439 1484 que echa el fruto introducido
850 1497 1300 1534 y el de su naturaleza,
847 1539 1396 1573 sienda tan firme esta qnion
845 1582 1407 1618 qué inseparable se muestra?
845 1627 1363 1660 Pues de esta suerte yo fui
847 1672 1299 1705 producida de la tierra,
845 1713 1333 1748 llegó el amor ingeñioso
847 1759 1274 1794 con una aguda sáeta
856 1803 1331 1837 que me pasó el corazon
856 1847 1286 1880 e introducida la deja,
841 1891 1333 1924 con cuya especie ingirió
848 1936 1220 1968 distinta naturaleza
850 1978 1311 2012 á la mia, la cual vive
847 2023 1434 2057 tan patente en mis potencias,
847 2068 1407 2100 que sin que pierda yo el ser,
848 2111 1338 2144 el suyo unido se queda:
843 2153 1345 2190 y tambien de la amorosa
852 2198 1396 2232 de don Antonio de Lacerda;
843 2242 1324 2275 mira si estarà presente
839 2287 1369 2320 donde estoy yo de manera
843 2330 1400 2364 que no puede el uno al otro
844 2377 1413 2410 desasirse aunque tu quieras.
