1737 2508
1367 339 1615 417 (Núm. 162.)
319 432 1609 518 D. ANTONIO BENAVIDES DELAGERDA.
255 1432 1678 1474 Nueva relacion en la cual se refiere como un caballero andaluz se
256 1481 1678 1522 enamoró de una señora natural de Palermo, por la cual tuvo una
261 1530 1671 1573 reñida pendencia, y habiéndose embarcado para España, fueron
309 1578 1622 1619 cautivos de moros, con todo lo demás que verá el curioso lector.
764 1659 1156 1813 PRIMERA PARTE.
298 1841 738 1874 A vos reina Soberana,
249 1885 794 1917 madre de Dios pura y bella,
254 1929 804 1961 pido alumbreis mis sentidos,
259 1972 755 2004 para que mi torpe lengua
253 2016 738 2048 pueda referir la historia
253 2060 742 2092 mas peregrina y adversa
251 2104 800 2136 que en las humanas edades
263 2146 743 2180 por esquisita se cuenta.
252 2192 762 2224 En el pensil mas florido
249 2236 657 2268 que rica naturaleza
252 2281 742 2312 puede producir primores
256 2324 830 2359 de hermosura y de grandeza,
255 2368 734 2401 donde mostró su porder
256 2414 762 2449 el autor de Cielo y tierra
982 1843 1497 1878 (que con decir, es Palermo
983 1886 1387 1920 se dijo toda belleza)
971 1927 1520 1967 se crió una hermosa dama,
977 1972 1566 2013 tan preciosa que en si mesma
975 2017 1457 2054 lleva el aboño de linda,
981 2061 1593 2099 con desgracias que le esperan.
982 2104 1459 2140 Es su nombre y apellido
977 2148 1348 2182 doña María Teresa
974 2193 1481 2228 de Faro, Leon y Torres,
974 2236 1540 2274 casa tan noble, que cuentan
978 2282 1499 2318 que muy pocas en Palermo
978 2326 1486 2361 la igualan en la nobleza.
975 2369 1449 2405 Con ostentacion y gala
969 2414 1444 2451 creció esta dama bella,
