1737 2508
74 235 609 275 que yo empeño mi palabra
79 284 604 321 de hacer vivas diligencias,
72 331 680 370 aunque en el cabo del Mundo
72 380 528 417 ese Príncipe estuviera.
78 428 619 467 La Princesa luego al punto
73 478 568 515 metiendo su mano bella,
73 528 580 565 sacó del pecho un espejo,
79 575 556 613 y se lo dió muy risueña;
73 624 583 663 el Conde quedó turbado,
87 672 515 709 y le dice la Princesa:
84 722 751 759 Pues, Conde, ¿de qué os turbais?
82 771 614 807 Y el Conde le respondiera:
79 820 551 857 Princesa y Señora mia,
87 867 603 907 ¿es posible de que quieras,
77 917 591 953 habiendo Principes tantos
87 967 599 1002 que aspiran á tu grandeza
86 1015 583 1051 pagarte tan mal, Señora?
86 1063 616 1102 Mira, advierte y considera,
81 1111 562 1148 el que yo soy tu vasallo,
88 1160 616 1197 tú mi dueño y mi Princesa.
92 1210 608 1246 Ya he llegado á declararte,
88 1258 614 1296 le dijo en palabras tiernas;
85 1306 614 1343 y así, Conde, tu has de ser
88 1354 608 1391 el que ciña esta Diadema.
96 1402 612 1442 Considere aquí el discreto,
92 1452 612 1490 cuando ruega una belleza,
88 1500 610 1538 cuando una Corona obliga,
91 1547 614 1586 y un Reino se le presenta,
88 1598 640 1637 que pudiera hacer ninguno
86 1647 597 1685 sino admitir la propuesta;
87 1695 550 1732 respondiòle cortesano.
98 1745 597 1781 Y Cupido con dos flechas
93 1792 553 1828 hirió sus dos corazones
95 1842 552 1878 recíprocos, de manera,
96 1891 596 1930 que se beben los alientos;
97 1940 616 1976 pero esto con la decencia,
103 1988 651 2025 porque nunca á lo atrevido
100 2037 622 2074 abrieron la franca puerta.
97 2086 627 2121 A este tiempo á Dinamarca
95 2134 553 2170 le puso guerra Suecia;
103 2183 651 2218 y el Rey entonces, al Conde
100 2232 593 2269 lo envió, para que fuera
94 2283 564 2321 como su gran General,
1350 178 1379 213 3
805 230 1242 267 á resistir tanta fuerza.
799 278 1352 315 Obedeció el Conde, y luego
802 327 1308 364 se fué á ver á la Princesa
803 375 1288 412 diciendo lo que su Padre
806 425 1318 461 manda, dispone y ordena:.
808 473 1311 511 la Princesa aunque sentia
802 524 1280 560 de Federico la ausencia,
797 572 1203 609 con ánimo generoso,
805 619 1305 657 para que fuera le alienta:
811 669 1371 705 presentóle un Cisne hermoso
811 717 1283 753 que sin duda alguna era
807 765 1279 801 de aquel Carro fabuloso,
809 814 1354 851 que han fingido los Poétas.
804 863 1382 902 Mucho lo agradece el Conde,
803 912 1343 952 y á su hermana la Duquesa
811 962 1273 998 cuenta dá de su partida,
809 1009 1310 1045 y su hermana le presenta
810 1057 1294 1095 armas, y una Compañía
810 1106 1258 1143 de esclarecida Nobleza,
809 1155 1341 1194 para la guardia y custodia
815 1204 1261 1240 de su persona discreta.
808 1252 1260 1290 Partió luego Federico
815 1302 1294 1338 dándole al airé banderas
810 1349 1254 1387 desplegando tafetanes;
814 1398 1269 1438 y las cajas y trompetas
816 1448 1318 1487 para la Princesa hermosa
815 1497 1319 1533 son saétas que atraviesan
818 1544 1254 1581 aquel corazon amante
807 1594 1288 1629 de la constante firmeza.
811 1641 1392 1678 Fuese el Conde, donde dejo
819 1691 1472 1728 en sus marchas y en sus guerras
813 1739 1412 1778 por decir, que en Dinamarca,
817 1788 1305 1825 en aqueste tiempo entra
823 1837 1344 1874 de Albania un Embajador;
823 1885 1297 1926 y así que tuvo licencia
812 1935 1368 1971 de presentar su Embajada,
823 1983 1279 2019 va pidiendo la Princesa
827 2032 1342 2069 para el Príncipe Albanés:
818 2080 1350 2117 y viendo las conveniencias,
828 2129 1360 2165 que al Reino de Dinamarca
819 2178 1393 2213 se siguen de esta propuesta.
820 2227 1340 2262 El Rey y el Consejo todo,
820 2278 1400 2314 sin dar cuenta á la Princesa,
