1765 2512
236 262 270 296 4
138 301 603 350 otorgaron la Embájada
143 356 643 398 con alegria, y con fiestá;
137 398 649 453 y despues de ya otorgada
139 448 699 496 le dan cuenta á la Princesa,
143 494 640 546 la cual pesarosa y triste
154 513 1355 591 viendo á su amante en la guerra, que le lleven á su casa,
155 589 707 645 y viendo, que de este lance
149 642 661 690 no tiene quien la defienda
159 692 591 744 y que toda Dinamarca
161 740 633 788 que se case le amonesta,
160 787 599 837 mirando por este lazo
157 835 705 885 del Reino las conveniencias;
159 886 641 933 solloza, gíme y suspira,
163 933 694 981 sin tener quien la defienda.
169 984 575 1030 En esto un año pasó
168 1029 681 1079 cuando vino de la guerra
170 1082 599 1126 el General Federico,
175 1130 625 1174 victorioso, de manera,
174 1179 681 1224 que banderas y despojos,
183 1225 687 1272 dicen su victoria excelsa.
181 1275 655 1322 Y con aquestas noticias,
185 1322 691 1375 previene solemnes fiestas
183 1374 667 1420 en la grande Dinamarca;
181 1422 643 1475 y fué para la Princesa,
183 1469 665 1520 juzgando fuese su alivio,
183 1515 721 1566 noticia, que mas le alegra.
188 1540 872 1606 Entró el Conde, y luego al punto
192 1621 541 1663 á recibirle saliera
203 1659 793 1712 el Rey con todos sus Grandes;
199 1710 727 1759 salió tambien la Princesa
199 1762 671 1809 en carroza de cristales,
203 1809 677 1855 á darle la enhorabuena.
201 1853 766 1905 Muy alegre estaba el Conde
204 1887 897 1943 cuando el Rey le ha dado cuenta
205 1960 567 2004 como tenia casada
207 2010 617 2053 á su hija la Princesa,
212 2056 693 2102 el Conde quedó turbado,
863 268 1415 321 y embargadas las potencias;
861 320 1391 371 tanto, que al Rey pareció,
859 365 1359 421 que aquel accidente era
870 415 1397 467 que le asaltan de repente;
865 463 1401 522 y luego al instante ordena,
869 558 1401 615 cuidando de su asistencia.
871 605 1406 662 La Princesa luego al punto
876 655 1473 709 al Conde escribió dos letras,
884 704 1437 759 diciendo: que aquella noche
880 757 1296 807 de su jardin á la reja
882 803 1411 855 le espera sin falta alguna.
878 851 1427 903 El Conde fué con presteza,
891 904 1465 958 y antes que el Conde llegase,
895 953 1359 1001 le conoce la Princesa;
889 1000 1353 1050 le dice: Conde y Señor,
894 1044 1469 1099 muchas desdichas me cercan,
902 1097 1353 1147 yo muero desesperada,
901 1140 1455 1194 si es que tu no lo remedias:
899 1192 1433 1243 llévame mi bien, de aquí,
913 1236 1486 1295 que donde quiera que fueras
913 1288 1439 1344 quiero ser pobre á tu lado,
911 1336 1439 1392 y no en Dinamarca Reina.
914 1387 1359 1439 El Conde le respondió;
917 1435 1461 1488 ¡No es posible, mi Princesa,
917 1482 1425 1537 perque será gran traicion
902 1525 1438 1576 á mi sangre y mi nobleza.
922 1578 1403 1635 La Princesa, que le vió
923 1631 1411 1682 tan semejante respuesta,
917 1683 1383 1733 corrida y desesperada,
924 1728 1383 1779 le dice de esta manera:
918 1765 1530 1828 aleve Conde, mal me pagas
924 1826 1397 1877 mi cariño y mi firmeza;
928 1867 1387 1928 y cerrando la ventana,
927 1918 1463 1974 se fuè á llorar. Donde deja
931 1967 1538 2022 Bernardo de aquesta Historia
934 2020 1395 2074 aquesta parte primera.
