<?xml version="1.0" encoding="UTF-8" standalone="yes"?>
<PcGts xmlns="http://schema.primaresearch.org/PAGE/gts/pagecontent/2013-07-15" xmlns:xsi="http://www.w3.org/2001/XMLSchema-instance" xsi:schemaLocation="http://schema.primaresearch.org/PAGE/gts/pagecontent/2013-07-15 http://schema.primaresearch.org/PAGE/gts/pagecontent/2013-07-15/pagecontent.xsd">
    <Metadata>
        <Creator>prov=University of Rostock/Institute of Mathematics/CITlab|PLANET AI GmbH/Gundram Leifert/gundram.leifert@planet-ai.de:name=Pliegos de Cordel (XIXe) - v4(htr_id=27283)::::v=2.6.7
prov=University of Rostock/Institute of Mathematics/CITlab|PLANET AI GmbH/Tobias Gruening/tobias.gruening@planet-ai.de:name=de.uros.citlab.module.baseline2polygon.B2PSeamMultiOriented:v=2.6.7
prov=University of Rostock/Institute of Mathematics/CITlab|PLANET AI GmbH/Tobias Gruening/tobias.gruening@planet-ai.de:name=/net_tf/LA73_249_0mod360.pb:de.uros.citlab.segmentation.CITlab_LA_ML:v=2.6.7
Transkribus</Creator>
        <Created>2020-10-27T11:35:43.790+01:00</Created>
        <LastChange>2020-12-15T15:46:14.382+01:00</LastChange>
        <TranskribusMetadata docId="525389" pageId="22318906" pageNr="138" tsid="50333880" status="DONE" userId="66244" imgUrl="https://files.transkribus.eu/Get?id=PHCDKMOXLBGURWVPDGNJKYOO&amp;fileType=view" xmlUrl="https://files.transkribus.eu/Get?id=GTXBIVIVJYGCIEOYYOJGNSZO" imageId="17388421"/>
    </Metadata>
    <Page imageFilename="Moreno_237_2.jpg" imageWidth="1765" imageHeight="2512">
        <ReadingOrder>
            <OrderedGroup id="ro_1608043810546" caption="Regions reading order">
                <RegionRefIndexed index="0" regionRef="region_1607013304632_1084"/>
                <RegionRefIndexed index="1" regionRef="region_1607013309062_1088"/>
            </OrderedGroup>
        </ReadingOrder>
        <TextRegion orientation="0.0" id="region_1607013304632_1084" custom="readingOrder {index:0;}">
            <Coords points="135,149 859,149 859,2316 135,2316"/>
            <TextLine id="region_1607013304632_1084l1" custom="readingOrder {index:0;}">
                <Coords points="255,211 285,213 285,179 255,177"/>
                <Baseline points="255,200 285,202"/>
                <TextEquiv>
                    <Unicode>2</Unicode>
                </TextEquiv>
            </TextLine>
            <TextLine id="region_1607013304632_1084l2" custom="readingOrder {index:1;}">
                <Coords points="151,262 181,261 211,261 241,260 271,259 301,258 331,258 361,257 391,256 421,255 451,254 481,254 511,253 541,252 571,252 601,252 631,251 661,251 691,251 721,251 751,252 751,218 721,217 691,217 661,217 631,217 601,218 571,218 541,218 511,219 481,220 451,220 421,221 391,222 361,223 331,224 301,224 271,225 241,226 211,227 181,227 151,228"/>
                <Baseline points="151,251 181,250 211,250 241,249 271,248 301,247 331,247 361,246 391,245 421,244 451,243 481,243 511,242 541,241 571,241 601,241 631,240 661,240 691,240 721,240 751,241"/>
                <TextEquiv>
                    <Unicode>la gracia á todos los hombres,</Unicode>
                </TextEquiv>
            </TextLine>
            <TextLine id="region_1607013304632_1084l3" custom="readingOrder {index:2;}">
                <Coords points="155,308 180,308 205,309 231,309 256,309 282,308 307,308 333,307 358,306 384,306 409,305 434,304 460,304 485,303 511,302 536,302 562,301 587,301 613,301 638,301 664,301 664,267 638,267 613,267 587,267 562,267 536,268 511,268 485,269 460,270 434,270 409,271 384,272 358,272 333,273 307,274 282,274 256,275 231,275 205,275 180,274 155,274"/>
                <Baseline points="155,297 180,297 205,298 231,298 256,298 282,297 307,297 333,296 358,295 384,295 409,294 434,293 460,293 485,292 511,291 536,291 562,290 587,290 613,290 638,290 664,290"/>
                <TextEquiv>
                    <Unicode>sin ninguna competencia.</Unicode>
                </TextEquiv>
            </TextLine>
            <TextLine id="region_1607013304632_1084l4" custom="readingOrder {index:3;}">
                <Coords points="149,355 174,356 199,357 224,357 250,357 275,357 300,357 325,356 351,356 376,355 401,354 426,354 452,353 477,352 502,351 527,351 553,350 578,350 603,350 629,350 629,316 603,316 578,316 553,316 527,317 502,317 477,318 452,319 426,320 401,320 376,321 351,322 325,322 300,323 275,323 250,323 224,323 199,323 174,322 149,321"/>
                <Baseline points="149,344 174,345 199,346 224,346 250,346 275,346 300,346 325,345 351,345 376,344 401,343 426,343 452,342 477,341 502,340 527,340 553,339 578,339 603,339 629,339"/>
                <TextEquiv>
                    <Unicode>En esta, pues, confiado,</Unicode>
                </TextEquiv>
            </TextLine>
            <TextLine id="region_1607013304632_1084l5" custom="readingOrder {index:4;}">
                <Coords points="165,404 190,405 215,406 240,406 265,406 290,406 315,406 340,405 365,404 390,403 415,403 440,402 465,401 490,400 515,399 540,399 565,398 590,398 615,398 641,398 641,364 615,364 590,364 565,364 540,365 515,365 490,366 465,367 440,368 415,369 390,369 365,370 340,371 315,372 290,372 265,372 240,372 215,372 190,371 165,370"/>
                <Baseline points="165,393 190,394 215,395 240,395 265,395 290,395 315,395 340,394 365,393 390,392 415,392 440,391 465,390 490,389 515,388 540,388 565,387 590,387 615,387 641,387"/>
                <TextEquiv>
                    <Unicode>daré principio á la letra:</Unicode>
                </TextEquiv>
            </TextLine>
            <TextLine id="region_1607013304632_1084l6" custom="readingOrder {index:5;}">
                <Coords points="159,457 185,457 211,456 237,455 263,455 289,454 315,453 341,452 367,451 393,450 419,450 445,449 471,449 497,448 523,448 549,447 575,447 601,447 627,447 653,448 679,448 679,415 653,415 627,414 601,414 575,414 549,414 523,415 497,415 471,416 445,416 419,417 393,417 367,418 341,419 315,420 289,421 263,422 237,422 211,423 185,424 159,424"/>
                <Baseline points="159,446 185,446 211,445 237,444 263,444 289,443 315,442 341,441 367,440 393,439 419,439 445,438 471,438 497,437 523,437 549,436 575,436 601,436 627,436 653,437 679,437"/>
                <TextEquiv>
                    <Unicode>y digo, que en Dinamarca,</Unicode>
                </TextEquiv>
            </TextLine>
            <TextLine id="region_1607013304632_1084l7" custom="readingOrder {index:6;}">
                <Coords points="159,502 184,502 210,502 236,503 261,502 287,502 313,502 338,501 364,501 390,500 415,500 441,499 467,498 492,498 518,497 544,497 569,497 595,497 621,498 647,498 647,465 621,465 595,464 569,464 544,464 518,464 492,465 467,465 441,466 415,467 390,467 364,468 338,468 313,469 287,469 261,469 236,470 210,469 184,469 159,469"/>
                <Baseline points="159,491 184,491 210,491 236,492 261,491 287,491 313,491 338,490 364,490 390,489 415,489 441,488 467,487 492,487 518,486 544,486 569,486 595,486 621,487 647,487"/>
                <TextEquiv>
                    <Unicode>Ciudad populosa y bella,</Unicode>
                </TextEquiv>
            </TextLine>
            <TextLine id="region_1607013304632_1084l8" custom="readingOrder {index:7;}">
                <Coords points="167,552 193,551 219,551 245,550 271,550 297,549 323,549 349,549 376,548 402,548 428,548 454,547 480,546 506,546 532,545 559,544 559,511 532,512 506,513 480,513 454,514 428,515 402,515 376,515 349,516 323,516 297,516 271,517 245,517 219,518 193,518 167,519"/>
                <Baseline points="167,541 193,540 219,540 245,539 271,539 297,538 323,538 349,538 376,537 402,537 428,537 454,536 480,535 506,535 532,534 559,533"/>
                <TextEquiv>
                    <Unicode>cuyos altos edificios</Unicode>
                </TextEquiv>
            </TextLine>
            <TextLine id="region_1607013304632_1084l9" custom="readingOrder {index:8;}">
                <Coords points="160,598 185,598 210,599 236,599 261,599 286,599 312,598 337,598 362,598 388,597 413,596 438,596 464,596 489,595 514,595 540,595 565,595 590,595 616,595 616,562 590,562 565,562 540,562 514,562 489,562 464,563 438,563 413,563 388,564 362,565 337,565 312,565 286,566 261,566 236,566 210,566 185,565 160,565"/>
                <Baseline points="160,587 185,587 210,588 236,588 261,588 286,588 312,587 337,587 362,587 388,586 413,585 438,585 464,585 489,584 514,584 540,584 565,584 590,584 616,584"/>
                <TextEquiv>
                    <Unicode>asaltan á las Estrellas,</Unicode>
                </TextEquiv>
            </TextLine>
            <TextLine id="region_1607013304632_1084l10" custom="readingOrder {index:9;}">
                <Coords points="171,648 197,647 223,647 250,647 276,647 302,647 329,646 355,646 381,646 408,646 434,646 460,645 487,645 513,644 539,644 566,643 592,642 619,641 619,607 592,608 566,609 539,610 513,610 487,611 460,611 434,612 408,612 381,612 355,612 329,612 302,613 276,613 250,613 223,613 197,613 171,614"/>
                <Baseline points="171,637 197,636 223,636 250,636 276,636 302,636 329,635 355,635 381,635 408,635 434,635 460,634 487,634 513,633 539,633 566,632 592,631 619,630"/>
                <TextEquiv>
                    <Unicode>el Sol oculta sus rayos</Unicode>
                </TextEquiv>
            </TextLine>
            <TextLine id="region_1607013304632_1084l11" custom="readingOrder {index:10;}">
                <Coords points="166,696 191,696 216,696 241,696 266,696 292,696 317,696 342,695 367,695 392,695 418,694 443,694 468,694 493,693 518,693 544,692 569,692 594,691 619,691 645,690 645,656 619,657 594,657 569,658 544,658 518,659 493,659 468,660 443,660 418,660 392,661 367,661 342,661 317,662 292,662 266,662 241,662 216,662 191,662 166,662"/>
                <Baseline points="166,685 191,685 216,685 241,685 266,685 292,685 317,685 342,684 367,684 392,684 418,683 443,683 468,683 493,682 518,682 544,681 569,681 594,680 619,680 645,679"/>
                <TextEquiv>
                    <Unicode>temeroso de que puedan</Unicode>
                </TextEquiv>
            </TextLine>
            <TextLine id="region_1607013304632_1084l12" custom="readingOrder {index:11;}">
                <Coords points="165,745 190,745 215,745 240,745 265,745 290,744 315,744 340,744 365,743 390,743 415,742 440,742 465,741 490,741 515,740 540,740 565,740 590,740 615,740 640,740 640,706 615,706 590,706 565,706 540,706 515,706 490,707 465,707 440,708 415,708 390,709 365,709 340,710 315,710 290,710 265,711 240,711 215,711 190,711 165,711"/>
                <Baseline points="165,734 190,734 215,734 240,734 265,734 290,733 315,733 340,733 365,732 390,732 415,731 440,731 465,730 490,730 515,729 540,729 565,729 590,729 615,729 640,729"/>
                <TextEquiv>
                    <Unicode>sus altas puntas herirle,</Unicode>
                </TextEquiv>
            </TextLine>
            <TextLine id="region_1607013304632_1084l13" custom="readingOrder {index:12;}">
                <Coords points="173,794 200,794 228,794 255,794 283,794 310,793 338,793 365,792 393,792 420,791 448,791 475,790 503,790 530,789 558,789 585,788 613,788 640,787 668,787 695,787 723,786 723,752 695,753 668,753 640,753 613,754 585,754 558,755 530,755 503,756 475,756 448,757 420,757 393,758 365,758 338,759 310,759 283,760 255,760 228,760 200,760 173,760"/>
                <Baseline points="173,783 200,783 228,783 255,783 283,783 310,782 338,782 365,781 393,781 420,780 448,780 475,779 503,779 530,778 558,778 585,777 613,777 640,776 668,776 695,776 723,775"/>
                <TextEquiv>
                    <Unicode>dejando á oscuras la tierra.</Unicode>
                </TextEquiv>
            </TextLine>
            <TextLine id="region_1607013304632_1084l14" custom="readingOrder {index:13;}">
                <Coords points="171,842 197,842 223,842 250,842 276,842 303,841 329,841 355,841 382,840 408,840 435,839 461,839 487,838 514,838 540,837 567,837 593,837 619,837 646,837 672,837 699,838 699,804 672,803 646,803 619,803 593,803 567,803 540,803 514,804 487,804 461,805 435,805 408,806 382,806 355,807 329,807 303,807 276,808 250,808 223,808 197,808 171,808"/>
                <Baseline points="171,831 197,831 223,831 250,831 276,831 303,830 329,830 355,830 382,829 408,829 435,828 461,828 487,827 514,827 540,826 567,826 593,826 619,826 646,826 672,826 699,827"/>
                <TextEquiv>
                    <Unicode>Era Rey de este Emisferio,</Unicode>
                </TextEquiv>
            </TextLine>
            <TextLine id="region_1607013304632_1084l15" custom="readingOrder {index:14;}">
                <Coords points="171,891 196,891 222,891 248,891 274,890 300,890 326,890 352,890 378,890 404,889 430,889 455,889 481,889 507,888 533,888 559,887 585,887 611,886 637,885 663,884 689,884 689,850 663,850 637,851 611,852 585,853 559,853 533,854 507,854 481,855 455,855 430,855 404,855 378,856 352,856 326,856 300,856 274,856 248,857 222,857 196,857 171,857"/>
                <Baseline points="171,880 196,880 222,880 248,880 274,879 300,879 326,879 352,879 378,879 404,878 430,878 455,878 481,878 507,877 533,877 559,876 585,876 611,875 637,874 663,873 689,873"/>
                <TextEquiv>
                    <Unicode>Basilio el Grande: que era</Unicode>
                </TextEquiv>
            </TextLine>
            <TextLine id="region_1607013304632_1084l16" custom="readingOrder {index:15;}">
                <Coords points="173,940 198,940 223,940 248,940 273,940 299,939 324,939 349,939 374,938 400,938 425,937 450,937 475,936 500,936 526,935 551,935 576,934 601,934 627,934 627,900 601,900 576,900 551,901 526,901 500,902 475,902 450,903 425,903 400,904 374,904 349,905 324,905 299,905 273,906 248,906 223,906 198,906 173,906"/>
                <Baseline points="173,929 198,929 223,929 248,929 273,929 299,928 324,928 349,928 374,927 400,927 425,926 450,926 475,925 500,925 526,924 551,924 576,923 601,923 627,923"/>
                <TextEquiv>
                    <Unicode>amado de sus vasallos,</Unicode>
                </TextEquiv>
            </TextLine>
            <TextLine id="region_1607013304632_1084l17" custom="readingOrder {index:16;}">
                <Coords points="169,992 195,992 222,991 249,991 276,990 303,989 330,989 357,989 384,988 411,987 438,987 464,986 491,985 518,985 545,985 572,984 599,984 626,983 653,983 680,982 707,982 707,948 680,948 653,949 626,949 599,950 572,950 545,951 518,951 491,951 464,952 438,953 411,953 384,954 357,955 330,955 303,955 276,956 249,957 222,957 195,958 169,958"/>
                <Baseline points="169,981 195,981 222,980 249,980 276,979 303,978 330,978 357,978 384,977 411,976 438,976 464,975 491,974 518,974 545,974 572,973 599,973 626,972 653,972 680,971 707,971"/>
                <TextEquiv>
                    <Unicode>por su virtud y prudencia;</Unicode>
                </TextEquiv>
            </TextLine>
            <TextLine id="region_1607013304632_1084l18" custom="readingOrder {index:17;}">
                <Coords points="175,1038 208,1038 242,1038 275,1038 309,1038 342,1037 376,1036 409,1036 443,1035 476,1034 510,1033 543,1033 577,1031 610,1031 644,1030 677,1029 711,1029 744,1028 778,1028 811,1027 845,1027 845,993 811,993 778,994 744,994 711,995 677,995 644,996 610,997 577,997 543,999 510,999 476,1000 443,1001 409,1002 376,1002 342,1003 309,1004 275,1004 242,1004 208,1004 175,1004"/>
                <Baseline points="175,1027 208,1027 242,1027 275,1027 309,1027 342,1026 376,1025 409,1025 443,1024 476,1023 510,1022 543,1022 577,1020 610,1020 644,1019 677,1018 711,1018 744,1017 778,1017 811,1016 845,1016"/>
                <TextEquiv>
                    <Unicode>que aunque es verdadque los Reyes</Unicode>
                </TextEquiv>
            </TextLine>
            <TextLine id="region_1607013304632_1084l19" custom="readingOrder {index:18;}">
                <Coords points="175,1088 206,1088 237,1088 268,1087 300,1087 331,1086 362,1085 394,1085 425,1084 456,1083 488,1083 519,1082 550,1081 581,1081 613,1080 644,1080 675,1079 707,1079 738,1078 769,1077 801,1077 801,1043 769,1043 738,1044 707,1045 675,1045 644,1046 613,1046 581,1047 550,1047 519,1048 488,1049 456,1049 425,1050 394,1051 362,1051 331,1052 300,1053 268,1053 237,1054 206,1054 175,1054"/>
                <Baseline points="175,1077 206,1077 237,1077 268,1076 300,1076 331,1075 362,1074 394,1074 425,1073 456,1072 488,1072 519,1071 550,1070 581,1070 613,1069 644,1069 675,1068 707,1068 738,1067 769,1066 801,1066"/>
                <TextEquiv>
                    <Unicode>por su sangre siempre heredan</Unicode>
                </TextEquiv>
            </TextLine>
            <TextLine id="region_1607013304632_1084l20" custom="readingOrder {index:19;}">
                <Coords points="169,1135 195,1135 222,1135 249,1134 275,1134 302,1134 329,1133 355,1133 382,1133 409,1132 436,1132 462,1131 489,1131 516,1131 542,1130 569,1130 596,1130 622,1130 649,1129 676,1129 703,1129 703,1095 676,1095 649,1095 622,1096 596,1096 569,1096 542,1096 516,1097 489,1097 462,1097 436,1098 409,1098 382,1099 355,1099 329,1099 302,1100 275,1100 249,1100 222,1101 195,1101 169,1101"/>
                <Baseline points="169,1124 195,1124 222,1124 249,1123 275,1123 302,1123 329,1122 355,1122 382,1122 409,1121 436,1121 462,1120 489,1120 516,1120 542,1119 569,1119 596,1119 622,1119 649,1118 676,1118 703,1118"/>
                <TextEquiv>
                    <Unicode>sus Monarquías, no todos,</Unicode>
                </TextEquiv>
            </TextLine>
            <TextLine id="region_1607013304632_1084l21" custom="readingOrder {index:20;}">
                <Coords points="177,1184 202,1184 227,1184 252,1184 277,1183 302,1183 327,1183 353,1183 378,1182 403,1182 428,1181 453,1181 478,1180 504,1180 529,1179 554,1179 579,1179 604,1179 629,1178 655,1178 655,1144 629,1144 604,1145 579,1145 554,1145 529,1145 504,1146 478,1146 453,1147 428,1147 403,1148 378,1148 353,1149 327,1149 302,1149 277,1149 252,1150 227,1150 202,1150 177,1150"/>
                <Baseline points="177,1173 202,1173 227,1173 252,1173 277,1172 302,1172 327,1172 353,1172 378,1171 403,1171 428,1170 453,1170 478,1169 504,1169 529,1168 554,1168 579,1168 604,1168 629,1167 655,1167"/>
                <TextEquiv>
                    <Unicode>los cariños se grangean,</Unicode>
                </TextEquiv>
            </TextLine>
            <TextLine id="region_1607013304632_1084l22" custom="readingOrder {index:21;}">
                <Coords points="175,1234 200,1234 225,1233 250,1233 275,1233 300,1232 325,1232 350,1231 375,1231 400,1230 426,1230 451,1229 476,1229 501,1229 526,1228 551,1228 576,1227 601,1227 626,1226 651,1226 677,1225 677,1191 651,1192 626,1192 601,1193 576,1193 551,1194 526,1194 501,1195 476,1195 451,1195 426,1196 400,1196 375,1197 350,1197 325,1198 300,1198 275,1199 250,1199 225,1199 200,1200 175,1200"/>
                <Baseline points="175,1223 200,1223 225,1222 250,1222 275,1222 300,1221 325,1221 350,1220 375,1220 400,1219 426,1219 451,1218 476,1218 501,1218 526,1217 551,1217 576,1216 601,1216 626,1215 651,1215 677,1214"/>
                <TextEquiv>
                    <Unicode>que esto alcanza la razon,</Unicode>
                </TextEquiv>
            </TextLine>
            <TextLine id="region_1607013304632_1084l23" custom="readingOrder {index:22;}">
                <Coords points="175,1287 201,1286 227,1284 253,1282 279,1281 305,1280 331,1279 357,1278 383,1277 409,1277 436,1276 462,1276 488,1276 514,1276 540,1276 566,1276 592,1276 618,1276 644,1276 670,1275 697,1275 697,1242 670,1242 644,1243 618,1243 592,1243 566,1243 540,1243 514,1243 488,1243 462,1243 436,1243 409,1244 383,1244 357,1245 331,1246 305,1247 279,1248 253,1249 227,1251 201,1253 175,1254"/>
                <Baseline points="175,1276 201,1275 227,1273 253,1271 279,1270 305,1269 331,1268 357,1267 383,1266 409,1266 436,1265 462,1265 488,1265 514,1265 540,1265 566,1265 592,1265 618,1265 644,1265 670,1264 697,1264"/>
                <TextEquiv>
                    <Unicode>y la razon no es herencia;</Unicode>
                </TextEquiv>
            </TextLine>
            <TextLine id="region_1607013304632_1084l24" custom="readingOrder {index:23;}">
                <Coords points="173,1332 198,1332 224,1331 249,1330 275,1329 300,1329 326,1328 351,1327 377,1326 402,1326 428,1325 453,1325 479,1325 504,1325 530,1325 555,1325 581,1326 607,1326 607,1293 581,1293 555,1292 530,1292 504,1292 479,1292 453,1292 428,1292 402,1293 377,1293 351,1294 326,1295 300,1296 275,1296 249,1297 224,1298 198,1299 173,1299"/>
                <Baseline points="173,1321 198,1321 224,1320 249,1319 275,1318 300,1318 326,1317 351,1316 377,1315 402,1315 428,1314 453,1314 479,1314 504,1314 530,1314 555,1314 581,1315 607,1315"/>
                <TextEquiv>
                    <Unicode>este tal prudente Rey,</Unicode>
                </TextEquiv>
            </TextLine>
            <TextLine id="region_1607013304632_1084l25" custom="readingOrder {index:24;}">
                <Coords points="182,1379 210,1379 238,1379 266,1378 295,1378 323,1377 351,1377 379,1376 408,1375 436,1375 464,1374 492,1373 521,1373 549,1372 577,1372 605,1371 634,1371 662,1371 690,1371 718,1372 747,1372 747,1339 718,1339 690,1338 662,1338 634,1338 605,1338 577,1339 549,1339 521,1340 492,1340 464,1341 436,1342 408,1342 379,1343 351,1344 323,1344 295,1345 266,1345 238,1346 210,1346 182,1346"/>
                <Baseline points="182,1368 210,1368 238,1368 266,1367 295,1367 323,1366 351,1366 379,1365 408,1364 436,1364 464,1363 492,1362 521,1362 549,1361 577,1361 605,1360 634,1360 662,1360 690,1360 718,1361 747,1361"/>
                <TextEquiv>
                    <Unicode>tiene una hermosa Princesa,</Unicode>
                </TextEquiv>
            </TextLine>
            <TextLine id="region_1607013304632_1084l26" custom="readingOrder {index:25;}">
                <Coords points="188,1429 214,1429 240,1429 266,1428 293,1428 319,1428 345,1427 371,1426 398,1425 424,1424 450,1424 477,1423 503,1422 529,1422 555,1421 582,1421 608,1420 634,1420 661,1420 661,1386 634,1386 608,1386 582,1387 555,1387 529,1388 503,1388 477,1389 450,1390 424,1390 398,1391 371,1392 345,1393 319,1394 293,1394 266,1394 240,1395 214,1395 188,1395"/>
                <Baseline points="188,1418 214,1418 240,1418 266,1417 293,1417 319,1417 345,1416 371,1415 398,1414 424,1413 450,1413 477,1412 503,1411 529,1411 555,1410 582,1410 608,1409 634,1409 661,1409"/>
                <TextEquiv>
                    <Unicode>única, porque su madre</Unicode>
                </TextEquiv>
            </TextLine>
            <TextLine id="region_1607013304632_1084l27" custom="readingOrder {index:26;}">
                <Coords points="177,1479 202,1478 228,1477 253,1476 279,1475 305,1474 330,1474 356,1473 382,1472 407,1471 433,1471 459,1470 484,1469 510,1469 536,1469 561,1468 587,1468 613,1467 613,1436 587,1437 561,1437 536,1438 510,1438 484,1438 459,1439 433,1440 407,1440 382,1441 356,1442 330,1443 305,1443 279,1444 253,1445 228,1446 202,1447 177,1448"/>
                <Baseline points="177,1469 202,1468 228,1467 253,1466 279,1465 305,1464 330,1464 356,1463 382,1462 407,1461 433,1461 459,1460 484,1459 510,1459 536,1459 561,1458 587,1458 613,1457"/>
                <TextEquiv>
                    <Unicode>pagó la forzosa deuda</Unicode>
                </TextEquiv>
            </TextLine>
            <TextLine id="region_1607013304632_1084l28" custom="readingOrder {index:27;}">
                <Coords points="180,1522 206,1523 232,1524 259,1524 285,1523 311,1523 338,1523 364,1522 390,1521 417,1521 443,1520 469,1519 496,1518 522,1517 548,1517 575,1516 601,1516 627,1515 654,1515 680,1516 707,1516 707,1485 680,1485 654,1484 627,1484 601,1485 575,1485 548,1486 522,1486 496,1487 469,1488 443,1489 417,1490 390,1490 364,1491 338,1492 311,1492 285,1492 259,1493 232,1493 206,1492 180,1491"/>
                <Baseline points="180,1512 206,1513 232,1514 259,1514 285,1513 311,1513 338,1513 364,1512 390,1511 417,1511 443,1510 469,1509 496,1508 522,1507 548,1507 575,1506 601,1506 627,1505 654,1505 680,1506 707,1506"/>
                <TextEquiv>
                    <Unicode>en su parto, no atendiendo</Unicode>
                </TextEquiv>
            </TextLine>
            <TextLine id="region_1607013304632_1084l29" custom="readingOrder {index:28;}">
                <Coords points="179,1575 204,1575 229,1574 255,1574 280,1574 306,1573 331,1572 357,1572 382,1571 408,1571 433,1570 459,1569 484,1569 510,1568 535,1568 561,1568 586,1567 612,1567 637,1566 663,1566 663,1532 637,1532 612,1533 586,1533 561,1534 535,1534 510,1534 484,1535 459,1535 433,1536 408,1537 382,1537 357,1538 331,1538 306,1539 280,1540 255,1540 229,1540 204,1541 179,1541"/>
                <Baseline points="179,1564 204,1564 229,1563 255,1563 280,1563 306,1562 331,1561 357,1561 382,1560 408,1560 433,1559 459,1558 484,1558 510,1557 535,1557 561,1557 586,1556 612,1556 637,1555 663,1555"/>
                <TextEquiv>
                    <Unicode>la parca torpe y grosera</Unicode>
                </TextEquiv>
            </TextLine>
            <TextLine id="region_1607013304632_1084l30" custom="readingOrder {index:29;}">
                <Coords points="184,1622 209,1622 234,1622 259,1622 284,1622 310,1621 335,1621 360,1620 385,1620 410,1619 436,1618 461,1618 486,1618 511,1617 536,1617 562,1616 587,1616 612,1616 637,1617 662,1617 688,1618 688,1584 662,1583 637,1583 612,1582 587,1582 562,1582 536,1583 511,1583 486,1584 461,1584 436,1584 410,1585 385,1586 360,1586 335,1587 310,1587 284,1588 259,1588 234,1588 209,1588 184,1588"/>
                <Baseline points="184,1611 209,1611 234,1611 259,1611 284,1611 310,1610 335,1610 360,1609 385,1609 410,1608 436,1607 461,1607 486,1607 511,1606 536,1606 562,1605 587,1605 612,1605 637,1606 662,1606 688,1607"/>
                <TextEquiv>
                    <Unicode>su Corona, porque á nadie,</Unicode>
                </TextEquiv>
            </TextLine>
            <TextLine id="region_1607013304632_1084l31" custom="readingOrder {index:30;}">
                <Coords points="185,1669 210,1670 236,1670 262,1671 288,1670 314,1670 340,1669 366,1669 392,1668 418,1667 444,1666 470,1666 496,1665 522,1665 548,1666 574,1666 600,1667 600,1634 574,1633 548,1633 522,1632 496,1632 470,1633 444,1633 418,1634 392,1635 366,1636 340,1636 314,1637 288,1637 262,1638 236,1637 210,1637 185,1636"/>
                <Baseline points="185,1658 210,1659 236,1659 262,1660 288,1659 314,1659 340,1658 366,1658 392,1657 418,1656 444,1655 470,1655 496,1654 522,1654 548,1655 574,1655 600,1656"/>
                <TextEquiv>
                    <Unicode>esta fiera la respeta.</Unicode>
                </TextEquiv>
            </TextLine>
            <TextLine id="region_1607013304632_1084l32" custom="readingOrder {index:31;}">
                <Coords points="191,1718 216,1719 242,1719 268,1719 294,1719 320,1718 346,1718 372,1717 398,1717 424,1716 450,1715 475,1715 501,1714 527,1713 553,1713 579,1713 605,1712 631,1713 657,1713 683,1713 709,1714 709,1681 683,1680 657,1680 631,1680 605,1679 579,1680 553,1680 527,1680 501,1681 475,1682 450,1682 424,1683 398,1684 372,1684 346,1685 320,1685 294,1686 268,1686 242,1686 216,1686 191,1685"/>
                <Baseline points="191,1707 216,1708 242,1708 268,1708 294,1708 320,1707 346,1707 372,1706 398,1706 424,1705 450,1704 475,1704 501,1703 527,1702 553,1702 579,1702 605,1701 631,1702 657,1702 683,1702 709,1703"/>
                <TextEquiv>
                    <Unicode>Crióse esta hermosa niña,</Unicode>
                </TextEquiv>
            </TextLine>
            <TextLine id="region_1607013304632_1084l33" custom="readingOrder {index:32;}">
                <Coords points="181,1769 207,1769 233,1769 259,1768 285,1767 311,1767 337,1766 363,1766 389,1765 415,1764 441,1764 467,1763 493,1763 519,1763 545,1762 571,1762 597,1762 623,1763 649,1763 649,1730 623,1730 597,1729 571,1729 545,1729 519,1730 493,1730 467,1730 441,1731 415,1731 389,1732 363,1733 337,1733 311,1734 285,1734 259,1735 233,1736 207,1736 181,1736"/>
                <Baseline points="181,1758 207,1758 233,1758 259,1757 285,1756 311,1756 337,1755 363,1755 389,1754 415,1753 441,1753 467,1752 493,1752 519,1752 545,1751 571,1751 597,1751 623,1752 649,1752"/>
                <TextEquiv>
                    <Unicode>como ya dije heredera</Unicode>
                </TextEquiv>
            </TextLine>
            <TextLine id="region_1607013304632_1084l34" custom="readingOrder {index:33;}">
                <Coords points="181,1815 209,1815 237,1815 265,1815 293,1815 321,1815 349,1815 377,1814 405,1814 433,1814 461,1813 489,1813 517,1812 545,1812 573,1811 601,1811 629,1811 657,1810 685,1810 713,1809 742,1809 742,1776 713,1776 685,1777 657,1777 629,1778 601,1778 573,1778 545,1779 517,1779 489,1780 461,1780 433,1781 405,1781 377,1781 349,1782 321,1782 293,1782 265,1782 237,1782 209,1782 181,1782"/>
                <Baseline points="181,1804 209,1804 237,1804 265,1804 293,1804 321,1804 349,1804 377,1803 405,1803 433,1803 461,1802 489,1802 517,1801 545,1801 573,1800 601,1800 629,1800 657,1799 685,1799 713,1798 742,1798"/>
                <TextEquiv>
                    <Unicode>de Dinamarca, y su Imperio</Unicode>
                </TextEquiv>
            </TextLine>
            <TextLine id="region_1607013304632_1084l35" custom="readingOrder {index:34;}">
                <Coords points="187,1871 216,1869 245,1867 274,1864 303,1863 332,1862 361,1860 390,1860 419,1859 448,1859 478,1859 507,1859 536,1859 565,1859 594,1859 623,1858 652,1858 681,1858 710,1858 739,1857 769,1856 769,1825 739,1826 710,1827 681,1827 652,1827 623,1827 594,1828 565,1828 536,1828 507,1828 478,1828 448,1828 419,1828 390,1829 361,1829 332,1831 303,1832 274,1833 245,1836 216,1838 187,1840"/>
                <Baseline points="187,1861 216,1859 245,1857 274,1854 303,1853 332,1852 361,1850 390,1850 419,1849 448,1849 478,1849 507,1849 536,1849 565,1849 594,1849 623,1848 652,1848 681,1848 710,1848 739,1847 769,1846"/>
                <TextEquiv>
                    <Unicode>y el Cielo dió á manos llenas</Unicode>
                </TextEquiv>
            </TextLine>
            <TextLine id="region_1607013304632_1084l36" custom="readingOrder {index:35;}">
                <Coords points="182,1914 210,1914 238,1913 266,1913 294,1912 322,1912 350,1911 378,1910 406,1910 434,1909 462,1909 490,1908 518,1908 546,1908 574,1907 602,1907 630,1907 658,1907 686,1907 714,1907 742,1907 742,1876 714,1876 686,1876 658,1876 630,1876 602,1876 574,1876 546,1877 518,1877 490,1877 462,1878 434,1878 406,1879 378,1879 350,1880 322,1881 294,1881 266,1882 238,1882 210,1883 182,1883"/>
                <Baseline points="182,1904 210,1904 238,1903 266,1903 294,1902 322,1902 350,1901 378,1900 406,1900 434,1899 462,1899 490,1898 518,1898 546,1898 574,1897 602,1897 630,1897 658,1897 686,1897 714,1897 742,1897"/>
                <TextEquiv>
                    <Unicode>á aquella Princesa hermosa</Unicode>
                </TextEquiv>
            </TextLine>
            <TextLine id="region_1607013304632_1084l37" custom="readingOrder {index:36;}">
                <Coords points="183,1962 209,1963 235,1962 261,1962 287,1962 313,1961 339,1960 365,1960 392,1959 418,1959 444,1958 470,1958 496,1957 522,1957 548,1957 574,1958 601,1959 601,1925 574,1924 548,1923 522,1923 496,1923 470,1924 444,1924 418,1925 392,1925 365,1926 339,1926 313,1927 287,1928 261,1928 235,1928 209,1929 183,1928"/>
                <Baseline points="183,1951 209,1952 235,1951 261,1951 287,1951 313,1950 339,1949 365,1949 392,1948 418,1948 444,1947 470,1947 496,1946 522,1946 548,1946 574,1947 601,1948"/>
                <TextEquiv>
                    <Unicode>dones de naturaleza:</Unicode>
                </TextEquiv>
            </TextLine>
            <TextLine id="region_1607013304632_1084l38" custom="readingOrder {index:37;}">
                <Coords points="192,2013 217,2012 242,2011 267,2011 292,2010 317,2010 342,2009 368,2008 393,2008 418,2007 443,2007 468,2007 493,2006 518,2006 544,2006 569,2006 594,2006 619,2007 644,2007 669,2007 695,2008 695,1974 669,1973 644,1973 619,1973 594,1972 569,1972 544,1972 518,1972 493,1972 468,1973 443,1973 418,1973 393,1974 368,1974 342,1975 317,1976 292,1976 267,1977 242,1977 217,1978 192,1979"/>
                <Baseline points="192,2002 217,2001 242,2000 267,2000 292,1999 317,1999 342,1998 368,1997 393,1997 418,1996 443,1996 468,1996 493,1995 518,1995 544,1995 569,1995 594,1995 619,1996 644,1996 669,1996 695,1997"/>
                <TextEquiv>
                    <Unicode>era en discreta Athalanta,</Unicode>
                </TextEquiv>
            </TextLine>
            <TextLine id="region_1607013304632_1084l39" custom="readingOrder {index:38;}">
                <Coords points="193,2062 219,2061 245,2060 271,2059 297,2059 323,2058 349,2058 375,2057 401,2057 427,2057 453,2056 479,2056 505,2056 531,2056 557,2056 583,2056 609,2055 635,2055 635,2021 609,2021 583,2022 557,2022 531,2022 505,2022 479,2022 453,2022 427,2023 401,2023 375,2023 349,2024 323,2024 297,2025 271,2025 245,2026 219,2027 193,2028"/>
                <Baseline points="193,2051 219,2050 245,2049 271,2048 297,2048 323,2047 349,2047 375,2046 401,2046 427,2046 453,2045 479,2045 505,2045 531,2045 557,2045 583,2045 609,2044 635,2044"/>
                <TextEquiv>
                    <Unicode>y Venus en la belleza,</Unicode>
                </TextEquiv>
            </TextLine>
            <TextLine id="region_1607013304632_1084l40" custom="readingOrder {index:39;}">
                <Coords points="183,2110 209,2110 235,2109 261,2109 287,2108 313,2107 339,2107 365,2106 391,2105 417,2105 444,2104 470,2104 496,2104 522,2103 548,2103 574,2104 600,2104 626,2105 652,2106 679,2108 679,2074 652,2072 626,2071 600,2070 574,2070 548,2069 522,2069 496,2070 470,2070 444,2070 417,2071 391,2071 365,2072 339,2073 313,2073 287,2074 261,2075 235,2075 209,2076 183,2076"/>
                <Baseline points="183,2099 209,2099 235,2098 261,2098 287,2097 313,2096 339,2096 365,2095 391,2094 417,2094 444,2093 470,2093 496,2093 522,2092 548,2092 574,2093 600,2093 626,2094 652,2095 679,2097"/>
                <TextEquiv>
                    <Unicode>Semiramis en lo fuerte,</Unicode>
                </TextEquiv>
            </TextLine>
            <TextLine id="region_1607013304632_1084l41" custom="readingOrder {index:40;}">
                <Coords points="193,2163 218,2162 243,2160 269,2159 294,2157 319,2157 345,2156 370,2155 396,2155 421,2154 446,2154 472,2154 497,2154 522,2154 548,2154 573,2153 599,2153 599,2120 573,2120 548,2121 522,2121 497,2121 472,2121 446,2121 421,2121 396,2122 370,2122 345,2123 319,2124 294,2124 269,2126 243,2127 218,2129 193,2130"/>
                <Baseline points="193,2152 218,2151 243,2149 269,2148 294,2146 319,2146 345,2145 370,2144 396,2144 421,2143 446,2143 472,2143 497,2143 522,2143 548,2143 573,2142 599,2142"/>
                <TextEquiv>
                    <Unicode>y Palas en gentileza;</Unicode>
                </TextEquiv>
            </TextLine>
            <TextLine id="region_1607013304632_1084l42" custom="readingOrder {index:41;}">
                <Coords points="191,2208 218,2208 246,2207 274,2207 302,2206 330,2206 357,2205 385,2204 413,2204 441,2203 469,2203 496,2202 524,2202 552,2202 580,2201 608,2201 635,2200 663,2200 691,2200 719,2200 747,2200 747,2167 719,2167 691,2167 663,2167 635,2167 608,2168 580,2168 552,2169 524,2169 496,2169 469,2170 441,2170 413,2171 385,2171 357,2172 330,2173 302,2173 274,2174 246,2174 218,2175 191,2175"/>
                <Baseline points="191,2197 218,2197 246,2196 274,2196 302,2195 330,2195 357,2194 385,2193 413,2193 441,2192 469,2192 496,2191 524,2191 552,2191 580,2190 608,2190 635,2189 663,2189 691,2189 719,2189 747,2189"/>
                <TextEquiv>
                    <Unicode>que aquella manzana de oro</Unicode>
                </TextEquiv>
            </TextLine>
            <TextLine id="region_1607013304632_1084l43" custom="readingOrder {index:42;}">
                <Coords points="189,2256 215,2255 242,2255 268,2254 295,2254 322,2253 348,2253 375,2253 401,2253 428,2252 455,2252 481,2252 508,2252 534,2251 561,2251 588,2251 614,2250 641,2250 667,2249 694,2249 721,2248 721,2214 694,2215 667,2215 641,2216 614,2216 588,2217 561,2217 534,2217 508,2218 481,2218 455,2218 428,2218 401,2219 375,2219 348,2219 322,2219 295,2220 268,2220 242,2221 215,2221 189,2222"/>
                <Baseline points="189,2245 215,2244 242,2244 268,2243 295,2243 322,2242 348,2242 375,2242 401,2242 428,2241 455,2241 481,2241 508,2241 534,2240 561,2240 588,2240 614,2239 641,2239 667,2238 694,2238 721,2237"/>
                <TextEquiv>
                    <Unicode>sin duda á ella se le diera.</Unicode>
                </TextEquiv>
            </TextLine>
            <TextLine id="region_1607013304632_1084l44" custom="readingOrder {index:43;}">
                <Coords points="194,2305 222,2305 250,2305 278,2305 307,2305 335,2305 363,2304 392,2304 420,2304 448,2304 477,2303 505,2303 533,2302 561,2302 590,2301 618,2301 646,2300 675,2300 703,2299 731,2299 760,2298 760,2264 731,2265 703,2265 675,2266 646,2266 618,2267 590,2267 561,2268 533,2268 505,2269 477,2269 448,2270 420,2270 392,2270 363,2270 335,2271 307,2271 278,2271 250,2271 222,2271 194,2271"/>
                <Baseline points="194,2294 222,2294 250,2294 278,2294 307,2294 335,2294 363,2293 392,2293 420,2293 448,2293 477,2292 505,2292 533,2291 561,2291 590,2290 618,2290 646,2289 675,2289 703,2288 731,2288 760,2287"/>
                <TextEquiv>
                    <Unicode>Como es hermosa y bizarra,</Unicode>
                </TextEquiv>
            </TextLine>
            <TextEquiv>
                <Unicode>2
la gracia á todos los hombres,
sin ninguna competencia.
En esta, pues, confiado,
daré principio á la letra:
y digo, que en Dinamarca,
Ciudad populosa y bella,
cuyos altos edificios
asaltan á las Estrellas,
el Sol oculta sus rayos
temeroso de que puedan
sus altas puntas herirle,
dejando á oscuras la tierra.
Era Rey de este Emisferio,
Basilio el Grande: que era
amado de sus vasallos,
por su virtud y prudencia;
que aunque es verdadque los Reyes
por su sangre siempre heredan
sus Monarquías, no todos,
los cariños se grangean,
que esto alcanza la razon,
y la razon no es herencia;
este tal prudente Rey,
tiene una hermosa Princesa,
única, porque su madre
pagó la forzosa deuda
en su parto, no atendiendo
la parca torpe y grosera
su Corona, porque á nadie,
esta fiera la respeta.
Crióse esta hermosa niña,
como ya dije heredera
de Dinamarca, y su Imperio
y el Cielo dió á manos llenas
á aquella Princesa hermosa
dones de naturaleza:
era en discreta Athalanta,
y Venus en la belleza,
Semiramis en lo fuerte,
y Palas en gentileza;
que aquella manzana de oro
sin duda á ella se le diera.
Como es hermosa y bizarra,</Unicode>
            </TextEquiv>
        </TextRegion>
        <TextRegion orientation="0.0" id="region_1607013309062_1088" custom="readingOrder {index:1;}">
            <Coords points="868,190 1552,185 1552,2300 868,2305"/>
            <TextLine id="region_1607013309062_1088l1" custom="readingOrder {index:0;}">
                <Coords points="869,248 894,247 920,245 946,244 972,243 997,242 1023,242 1049,241 1075,240 1101,240 1126,240 1152,240 1178,240 1204,239 1230,239 1255,239 1281,239 1307,239 1333,238 1359,238 1359,204 1333,204 1307,205 1281,205 1255,205 1230,205 1204,205 1178,206 1152,206 1126,206 1101,206 1075,206 1049,207 1023,208 997,208 972,209 946,210 920,211 894,213 869,214"/>
                <Baseline points="869,237 894,236 920,234 946,233 972,232 997,231 1023,231 1049,230 1075,229 1101,229 1126,229 1152,229 1178,229 1204,228 1230,228 1255,228 1281,228 1307,228 1333,227 1359,227"/>
                <TextEquiv>
                    <Unicode>y de su Reino heredera,</Unicode>
                </TextEquiv>
            </TextLine>
            <TextLine id="region_1607013309062_1088l2" custom="readingOrder {index:1;}">
                <Coords points="877,295 902,294 927,294 952,293 978,293 1003,293 1028,292 1053,291 1079,291 1104,290 1129,289 1154,289 1180,289 1205,288 1230,287 1255,287 1281,287 1306,286 1331,286 1356,286 1382,285 1382,251 1356,252 1331,252 1306,252 1281,253 1255,253 1230,253 1205,254 1180,255 1154,255 1129,255 1104,256 1079,257 1053,257 1028,258 1003,259 978,259 952,259 927,260 902,260 877,261"/>
                <Baseline points="877,284 902,283 927,283 952,282 978,282 1003,282 1028,281 1053,280 1079,280 1104,279 1129,278 1154,278 1180,278 1205,277 1230,276 1255,276 1281,276 1306,275 1331,275 1356,275 1382,274"/>
                <TextEquiv>
                    <Unicode>los Príncipes confinantes</Unicode>
                </TextEquiv>
            </TextLine>
            <TextLine id="region_1607013309062_1088l3" custom="readingOrder {index:2;}">
                <Coords points="875,344 900,344 926,343 951,342 977,342 1002,341 1028,340 1053,340 1079,339 1104,339 1130,338 1155,337 1181,337 1206,337 1232,336 1257,336 1283,336 1309,335 1309,301 1283,302 1257,302 1232,302 1206,303 1181,303 1155,303 1130,304 1104,305 1079,305 1053,306 1028,306 1002,307 977,308 951,308 926,309 900,310 875,310"/>
                <Baseline points="875,333 900,333 926,332 951,331 977,331 1002,330 1028,329 1053,329 1079,328 1104,328 1130,327 1155,326 1181,326 1206,326 1232,325 1257,325 1283,325 1309,324"/>
                <TextEquiv>
                    <Unicode>pretendian su belleza;</Unicode>
                </TextEquiv>
            </TextLine>
            <TextLine id="region_1607013309062_1088l4" custom="readingOrder {index:3;}">
                <Coords points="886,390 912,391 938,391 964,390 990,390 1016,390 1042,389 1068,388 1094,388 1120,387 1146,386 1172,385 1198,384 1224,384 1250,383 1276,383 1302,383 1328,383 1354,384 1380,385 1406,386 1406,352 1380,351 1354,350 1328,349 1302,349 1276,349 1250,349 1224,350 1198,350 1172,351 1146,352 1120,353 1094,354 1068,354 1042,355 1016,356 990,356 964,356 938,357 912,357 886,356"/>
                <Baseline points="886,379 912,380 938,380 964,379 990,379 1016,379 1042,378 1068,377 1094,377 1120,376 1146,375 1172,374 1198,373 1224,373 1250,372 1276,372 1302,372 1328,372 1354,373 1380,374 1406,375"/>
                <TextEquiv>
                    <Unicode>entre los muchos Señores,</Unicode>
                </TextEquiv>
            </TextLine>
            <TextLine id="region_1607013309062_1088l5" custom="readingOrder {index:4;}">
                <Coords points="881,440 906,440 932,440 958,439 983,438 1009,438 1035,437 1060,437 1086,436 1112,436 1138,435 1163,434 1189,434 1215,433 1240,433 1266,433 1292,432 1317,432 1343,432 1369,431 1395,431 1395,397 1369,397 1343,398 1317,398 1292,398 1266,399 1240,399 1215,399 1189,400 1163,400 1138,401 1112,402 1086,402 1060,403 1035,403 1009,404 983,404 958,405 932,406 906,406 881,406"/>
                <Baseline points="881,429 906,429 932,429 958,428 983,427 1009,427 1035,426 1060,426 1086,425 1112,425 1138,424 1163,423 1189,423 1215,422 1240,422 1266,422 1292,421 1317,421 1343,421 1369,420 1395,420"/>
                <TextEquiv>
                    <Unicode>que asisten á la grandeza</Unicode>
                </TextEquiv>
            </TextLine>
            <TextLine id="region_1607013309062_1088l6" custom="readingOrder {index:5;}">
                <Coords points="891,488 918,488 945,488 972,488 1000,487 1027,487 1054,486 1082,485 1109,484 1136,483 1164,483 1191,482 1218,481 1245,480 1273,480 1300,480 1327,480 1355,480 1382,480 1409,481 1437,483 1437,449 1409,447 1382,446 1355,446 1327,446 1300,446 1273,446 1245,446 1218,447 1191,448 1164,449 1136,449 1109,450 1082,451 1054,452 1027,453 1000,453 972,454 945,454 918,454 891,454"/>
                <Baseline points="891,477 918,477 945,477 972,477 1000,476 1027,476 1054,475 1082,474 1109,473 1136,472 1164,472 1191,471 1218,470 1245,469 1273,469 1300,469 1327,469 1355,469 1382,469 1409,470 1437,472"/>
                <TextEquiv>
                    <Unicode>del gran Rey de Dinamarca,</Unicode>
                </TextEquiv>
            </TextLine>
            <TextLine id="region_1607013309062_1088l7" custom="readingOrder {index:6;}">
                <Coords points="888,538 915,537 943,536 970,535 998,535 1025,534 1053,533 1080,533 1108,533 1135,532 1163,532 1190,532 1218,532 1245,532 1273,532 1300,531 1328,531 1355,531 1383,531 1410,530 1438,530 1438,496 1410,496 1383,497 1355,497 1328,497 1300,497 1273,498 1245,498 1218,498 1190,498 1163,498 1135,498 1108,499 1080,499 1053,499 1025,500 998,501 970,501 943,502 915,503 888,504"/>
                <Baseline points="888,527 915,526 943,525 970,524 998,524 1025,523 1053,522 1080,522 1108,522 1135,521 1163,521 1190,521 1218,521 1245,521 1273,521 1300,520 1328,520 1355,520 1383,520 1410,519 1438,519"/>
                <TextEquiv>
                    <Unicode>está un deudo suyo, que era</Unicode>
                </TextEquiv>
            </TextLine>
            <TextLine id="region_1607013309062_1088l8" custom="readingOrder {index:7;}">
                <Coords points="883,585 909,585 935,584 961,584 987,584 1014,583 1040,583 1066,582 1092,582 1119,581 1145,580 1171,580 1197,580 1223,580 1250,579 1276,579 1302,580 1328,580 1355,581 1355,547 1328,546 1302,546 1276,545 1250,545 1223,546 1197,546 1171,546 1145,546 1119,547 1092,548 1066,548 1040,549 1014,549 987,550 961,550 935,550 909,551 883,551"/>
                <Baseline points="883,574 909,574 935,573 961,573 987,573 1014,572 1040,572 1066,571 1092,571 1119,570 1145,569 1171,569 1197,569 1223,569 1250,568 1276,568 1302,569 1328,569 1355,570"/>
                <TextEquiv>
                    <Unicode>el Conde Don Federico,</Unicode>
                </TextEquiv>
            </TextLine>
            <TextLine id="region_1607013309062_1088l9" custom="readingOrder {index:8;}">
                <Coords points="888,635 913,634 938,634 964,633 989,632 1015,632 1040,631 1065,631 1091,630 1116,630 1142,630 1167,629 1193,629 1218,629 1243,628 1269,628 1294,628 1320,628 1345,627 1371,627 1371,593 1345,593 1320,594 1294,594 1269,594 1243,594 1218,595 1193,595 1167,595 1142,596 1116,596 1091,596 1065,597 1040,597 1015,598 989,598 964,599 938,600 913,600 888,601"/>
                <Baseline points="888,624 913,623 938,623 964,622 989,621 1015,621 1040,620 1065,620 1091,619 1116,619 1142,619 1167,618 1193,618 1218,618 1243,617 1269,617 1294,617 1320,617 1345,616 1371,616"/>
                <TextEquiv>
                    <Unicode>General de mar y tierra:</Unicode>
                </TextEquiv>
            </TextLine>
            <TextLine id="region_1607013309062_1088l10" custom="readingOrder {index:9;}">
                <Coords points="892,685 917,684 943,683 968,683 994,681 1019,681 1045,680 1070,679 1096,678 1121,678 1147,677 1172,677 1198,677 1223,676 1249,676 1274,676 1300,677 1325,677 1351,678 1377,679 1377,645 1351,644 1325,643 1300,643 1274,642 1249,642 1223,642 1198,643 1172,643 1147,643 1121,644 1096,644 1070,645 1045,646 1019,647 994,647 968,649 943,649 917,650 892,651"/>
                <Baseline points="892,674 917,673 943,672 968,672 994,670 1019,670 1045,669 1070,668 1096,667 1121,667 1147,666 1172,666 1198,666 1223,665 1249,665 1274,665 1300,666 1325,666 1351,667 1377,668"/>
                <TextEquiv>
                    <Unicode>es discreto y entendido,</Unicode>
                </TextEquiv>
            </TextLine>
            <TextLine id="region_1607013309062_1088l11" custom="readingOrder {index:10;}">
                <Coords points="890,733 916,733 943,732 970,731 997,730 1024,729 1051,729 1077,728 1104,728 1131,727 1158,726 1185,726 1212,726 1239,725 1265,725 1292,725 1319,725 1346,726 1373,726 1400,727 1427,728 1427,694 1400,693 1373,692 1346,692 1319,691 1292,691 1265,691 1239,691 1212,692 1185,692 1158,692 1131,693 1104,694 1077,694 1051,695 1024,695 997,696 970,697 943,698 916,699 890,699"/>
                <Baseline points="890,722 916,722 943,721 970,720 997,719 1024,718 1051,718 1077,717 1104,717 1131,716 1158,715 1185,715 1212,715 1239,714 1265,714 1292,714 1319,714 1346,715 1373,715 1400,716 1427,717"/>
                <TextEquiv>
                    <Unicode>y siendo Marte en la guerra,</Unicode>
                </TextEquiv>
            </TextLine>
            <TextLine id="region_1607013309062_1088l12" custom="readingOrder {index:11;}">
                <Coords points="887,783 912,783 937,782 963,781 988,780 1013,779 1039,779 1064,778 1089,776 1115,775 1140,775 1166,774 1191,774 1216,773 1242,773 1267,773 1292,774 1318,774 1343,775 1369,776 1369,742 1343,741 1318,740 1292,740 1267,739 1242,739 1216,739 1191,740 1166,740 1140,741 1115,741 1089,742 1064,744 1039,745 1013,745 988,746 963,747 937,748 912,749 887,749"/>
                <Baseline points="887,772 912,772 937,771 963,770 988,769 1013,768 1039,768 1064,767 1089,765 1115,764 1140,764 1166,763 1191,763 1216,762 1242,762 1267,762 1292,763 1318,763 1343,764 1369,765"/>
                <TextEquiv>
                    <Unicode>por su valor invencible,</Unicode>
                </TextEquiv>
            </TextLine>
            <TextLine id="region_1607013309062_1088l13" custom="readingOrder {index:12;}">
                <Coords points="896,830 921,830 946,830 971,830 996,829 1022,829 1047,827 1072,826 1097,825 1123,824 1148,823 1173,823 1198,822 1223,822 1249,822 1274,822 1299,823 1324,824 1350,826 1350,793 1324,791 1299,790 1274,789 1249,789 1223,789 1198,789 1173,790 1148,790 1123,791 1097,792 1072,793 1047,794 1022,796 996,796 971,797 946,797 921,797 896,797"/>
                <Baseline points="896,819 921,819 946,819 971,819 996,818 1022,818 1047,816 1072,815 1097,814 1123,813 1148,812 1173,812 1198,811 1223,811 1249,811 1274,811 1299,812 1324,813 1350,815"/>
                <TextEquiv>
                    <Unicode>en la Córte Adonis era,</Unicode>
                </TextEquiv>
            </TextLine>
            <TextLine id="region_1607013309062_1088l14" custom="readingOrder {index:13;}">
                <Coords points="898,878 923,879 948,879 973,879 998,879 1023,878 1048,877 1073,876 1098,875 1123,874 1148,872 1173,871 1198,871 1223,870 1248,869 1273,869 1298,870 1323,871 1348,872 1373,874 1398,877 1398,844 1373,841 1348,839 1323,838 1298,837 1273,836 1248,836 1223,837 1198,838 1173,838 1148,839 1123,841 1098,842 1073,843 1048,844 1023,845 998,846 973,846 948,846 923,846 898,845"/>
                <Baseline points="898,867 923,868 948,868 973,868 998,868 1023,867 1048,866 1073,865 1098,864 1123,863 1148,861 1173,860 1198,860 1223,859 1248,858 1273,858 1298,859 1323,860 1348,861 1373,863 1398,866"/>
                <TextEquiv>
                    <Unicode>es muy querido del Rey, </Unicode>
                </TextEquiv>
            </TextLine>
            <TextLine id="region_1607013309062_1088l15" custom="readingOrder {index:14;}">
                <Coords points="887,927 913,928 940,928 966,927 993,927 1019,926 1046,926 1072,925 1099,924 1125,923 1152,922 1179,922 1205,921 1232,920 1258,920 1285,920 1311,921 1338,921 1364,922 1391,924 1418,926 1418,892 1391,890 1364,888 1338,887 1311,887 1285,886 1258,886 1232,886 1205,887 1179,888 1152,888 1125,889 1099,890 1072,891 1046,892 1019,892 993,893 966,893 940,894 913,894 887,893"/>
                <Baseline points="887,916 913,917 940,917 966,916 993,916 1019,915 1046,915 1072,914 1099,913 1125,912 1152,911 1179,911 1205,910 1232,909 1258,909 1285,909 1311,910 1338,910 1364,911 1391,913 1418,915"/>
                <TextEquiv>
                    <Unicode>tanto que lo que aconseja,</Unicode>
                </TextEquiv>
            </TextLine>
            <TextLine id="region_1607013309062_1088l16" custom="readingOrder {index:15;}">
                <Coords points="895,976 920,976 945,975 971,975 996,975 1021,974 1047,974 1072,973 1097,973 1123,972 1148,972 1173,971 1199,970 1224,970 1249,969 1275,968 1300,967 1326,967 1326,933 1300,933 1275,934 1249,935 1224,936 1199,936 1173,937 1148,938 1123,938 1097,939 1072,939 1047,940 1021,940 996,941 971,941 945,941 920,942 895,942"/>
                <Baseline points="895,965 920,965 945,964 971,964 996,964 1021,963 1047,963 1072,962 1097,962 1123,961 1148,961 1173,960 1199,959 1224,959 1249,958 1275,957 1300,956 1326,956"/>
                <TextEquiv>
                    <Unicode>eso es lo que se hace</Unicode>
                </TextEquiv>
            </TextLine>
            <TextLine id="region_1607013309062_1088l17" custom="readingOrder {index:16;}">
                <Coords points="896,1023 921,1024 946,1024 971,1024 996,1024 1021,1023 1046,1022 1071,1022 1096,1021 1121,1020 1146,1020 1171,1019 1196,1018 1221,1018 1246,1017 1271,1017 1296,1017 1321,1018 1346,1019 1346,985 1321,984 1296,983 1271,983 1246,983 1221,984 1196,984 1171,985 1146,986 1121,986 1096,987 1071,988 1046,988 1021,989 996,990 971,990 946,990 921,990 896,989"/>
                <Baseline points="896,1012 921,1013 946,1013 971,1013 996,1013 1021,1012 1046,1011 1071,1011 1096,1010 1121,1009 1146,1009 1171,1008 1196,1007 1221,1007 1246,1006 1271,1006 1296,1006 1321,1007 1346,1008"/>
                <TextEquiv>
                    <Unicode>sin ninguna diferencia.</Unicode>
                </TextEquiv>
            </TextLine>
            <TextLine id="region_1607013309062_1088l18" custom="readingOrder {index:17;}">
                <Coords points="895,1074 923,1073 952,1073 981,1072 1010,1072 1039,1071 1068,1070 1097,1070 1126,1069 1155,1068 1184,1068 1212,1067 1241,1066 1270,1066 1299,1066 1328,1066 1357,1066 1386,1066 1415,1066 1444,1067 1473,1068 1473,1034 1444,1033 1415,1032 1386,1032 1357,1032 1328,1032 1299,1032 1270,1032 1241,1032 1212,1033 1184,1034 1155,1034 1126,1035 1097,1036 1068,1036 1039,1037 1010,1038 981,1038 952,1039 923,1039 895,1040"/>
                <Baseline points="895,1063 923,1062 952,1062 981,1061 1010,1061 1039,1060 1068,1059 1097,1059 1126,1058 1155,1057 1184,1057 1212,1056 1241,1055 1270,1055 1299,1055 1328,1055 1357,1055 1386,1055 1415,1055 1444,1056 1473,1057"/>
                <TextEquiv>
                    <Unicode>Tenia el Conde una hermana,</Unicode>
                </TextEquiv>
            </TextLine>
            <TextLine id="region_1607013309062_1088l19" custom="readingOrder {index:18;}">
                <Coords points="894,1123 919,1123 945,1123 970,1122 996,1121 1021,1121 1047,1120 1072,1119 1098,1119 1123,1117 1149,1117 1175,1116 1200,1115 1226,1115 1251,1115 1277,1114 1302,1114 1328,1114 1353,1115 1379,1115 1405,1116 1405,1082 1379,1081 1353,1081 1328,1080 1302,1080 1277,1080 1251,1081 1226,1081 1200,1081 1175,1082 1149,1083 1123,1083 1098,1085 1072,1085 1047,1086 1021,1087 996,1087 970,1088 945,1089 919,1089 894,1089"/>
                <Baseline points="894,1112 919,1112 945,1112 970,1111 996,1110 1021,1110 1047,1109 1072,1108 1098,1108 1123,1106 1149,1106 1175,1105 1200,1104 1226,1104 1251,1104 1277,1103 1302,1103 1328,1103 1353,1104 1379,1104 1405,1105"/>
                <TextEquiv>
                    <Unicode>que es bellísima Duquesa</Unicode>
                </TextEquiv>
            </TextLine>
            <TextLine id="region_1607013309062_1088l20" custom="readingOrder {index:19;}">
                <Coords points="904,1172 930,1171 956,1170 982,1170 1009,1169 1035,1168 1061,1168 1088,1167 1114,1167 1140,1166 1167,1166 1193,1165 1219,1165 1245,1165 1272,1164 1298,1164 1324,1164 1351,1164 1377,1164 1403,1164 1430,1165 1430,1131 1403,1130 1377,1130 1351,1130 1324,1130 1298,1130 1272,1130 1245,1131 1219,1131 1193,1131 1167,1132 1140,1132 1114,1133 1088,1133 1061,1134 1035,1134 1009,1135 982,1136 956,1136 930,1137 904,1138"/>
                <Baseline points="904,1161 930,1160 956,1159 982,1159 1009,1158 1035,1157 1061,1157 1088,1156 1114,1156 1140,1155 1167,1155 1193,1154 1219,1154 1245,1154 1272,1153 1298,1153 1324,1153 1351,1153 1377,1153 1403,1153 1430,1154"/>
                <TextEquiv>
                    <Unicode>en sus Estados, que nunca</Unicode>
                </TextEquiv>
            </TextLine>
            <TextLine id="region_1607013309062_1088l21" custom="readingOrder {index:20;}">
                <Coords points="896,1219 923,1219 951,1219 978,1218 1006,1218 1034,1218 1061,1217 1089,1216 1116,1216 1144,1214 1172,1214 1199,1213 1227,1212 1254,1212 1282,1211 1310,1211 1337,1211 1365,1211 1392,1212 1420,1212 1448,1213 1448,1179 1420,1178 1392,1178 1365,1177 1337,1177 1310,1177 1282,1177 1254,1178 1227,1178 1199,1179 1172,1180 1144,1180 1116,1182 1089,1182 1061,1183 1034,1184 1006,1184 978,1184 951,1185 923,1185 896,1185"/>
                <Baseline points="896,1208 923,1208 951,1208 978,1207 1006,1207 1034,1207 1061,1206 1089,1205 1116,1205 1144,1203 1172,1203 1199,1202 1227,1201 1254,1201 1282,1200 1310,1200 1337,1200 1365,1200 1392,1201 1420,1201 1448,1202"/>
                <TextEquiv>
                    <Unicode>hizo en la Córte asistencia.</Unicode>
                </TextEquiv>
            </TextLine>
            <TextLine id="region_1607013309062_1088l22" custom="readingOrder {index:21;}">
                <Coords points="899,1268 924,1268 950,1268 976,1267 1001,1267 1027,1266 1053,1265 1078,1264 1104,1263 1130,1262 1155,1262 1181,1261 1207,1260 1232,1260 1258,1260 1284,1260 1309,1260 1335,1260 1361,1261 1361,1227 1335,1226 1309,1226 1284,1226 1258,1226 1232,1226 1207,1226 1181,1227 1155,1228 1130,1228 1104,1229 1078,1230 1053,1231 1027,1232 1001,1233 976,1233 950,1234 924,1234 899,1234"/>
                <Baseline points="899,1257 924,1257 950,1257 976,1256 1001,1256 1027,1255 1053,1254 1078,1253 1104,1252 1130,1251 1155,1251 1181,1250 1207,1249 1232,1249 1258,1249 1284,1249 1309,1249 1335,1249 1361,1250"/>
                <TextEquiv>
                    <Unicode>El Conde Don Federico</Unicode>
                </TextEquiv>
            </TextLine>
            <TextLine id="region_1607013309062_1088l23" custom="readingOrder {index:22;}">
                <Coords points="902,1316 928,1316 954,1316 980,1316 1006,1315 1033,1314 1059,1314 1085,1313 1111,1312 1137,1312 1164,1311 1190,1310 1216,1310 1242,1309 1268,1309 1295,1309 1321,1309 1347,1309 1373,1310 1399,1310 1426,1312 1426,1278 1399,1276 1373,1276 1347,1275 1321,1275 1295,1275 1268,1275 1242,1275 1216,1276 1190,1276 1164,1277 1137,1278 1111,1278 1085,1279 1059,1280 1033,1280 1006,1281 980,1282 954,1282 928,1282 902,1282"/>
                <Baseline points="902,1305 928,1305 954,1305 980,1305 1006,1304 1033,1303 1059,1303 1085,1302 1111,1301 1137,1301 1164,1300 1190,1299 1216,1299 1242,1298 1268,1298 1295,1298 1321,1298 1347,1298 1373,1299 1399,1299 1426,1301"/>
                <TextEquiv>
                    <Unicode>habló un dia á la Princesa,</Unicode>
                </TextEquiv>
            </TextLine>
            <TextLine id="region_1607013309062_1088l24" custom="readingOrder {index:23;}">
                <Coords points="906,1364 932,1364 959,1364 985,1364 1012,1363 1038,1363 1065,1362 1091,1362 1118,1360 1144,1360 1171,1359 1197,1359 1224,1358 1250,1357 1277,1357 1303,1357 1330,1358 1356,1358 1383,1360 1409,1361 1436,1363 1436,1329 1409,1327 1383,1326 1356,1324 1330,1324 1303,1323 1277,1323 1250,1323 1224,1324 1197,1325 1171,1325 1144,1326 1118,1326 1091,1328 1065,1328 1038,1329 1012,1329 985,1330 959,1330 932,1330 906,1330"/>
                <Baseline points="906,1353 932,1353 959,1353 985,1353 1012,1352 1038,1352 1065,1351 1091,1351 1118,1349 1144,1349 1171,1348 1197,1348 1224,1347 1250,1346 1277,1346 1303,1346 1330,1347 1356,1347 1383,1349 1409,1350 1436,1352"/>
                <TextEquiv>
                    <Unicode>diciendo: Dueño y Señora,</Unicode>
                </TextEquiv>
            </TextLine>
            <TextLine id="region_1607013309062_1088l25" custom="readingOrder {index:24;}">
                <Coords points="905,1414 930,1414 955,1414 981,1414 1006,1413 1031,1413 1057,1412 1082,1411 1107,1410 1133,1409 1158,1408 1183,1408 1209,1407 1234,1407 1259,1407 1285,1407 1310,1408 1335,1409 1361,1410 1361,1377 1335,1376 1310,1375 1285,1374 1259,1374 1234,1374 1209,1374 1183,1375 1158,1375 1133,1376 1107,1377 1082,1378 1057,1379 1031,1380 1006,1380 981,1381 955,1381 930,1381 905,1381"/>
                <Baseline points="905,1403 930,1403 955,1403 981,1403 1006,1402 1031,1402 1057,1401 1082,1400 1107,1399 1133,1398 1158,1397 1183,1397 1209,1396 1234,1396 1259,1396 1285,1396 1310,1397 1335,1398 1361,1399"/>
                <TextEquiv>
                    <Unicode>hermosísima Princesa,</Unicode>
                </TextEquiv>
            </TextLine>
            <TextLine id="region_1607013309062_1088l26" custom="readingOrder {index:25;}">
                <Coords points="899,1465 924,1464 949,1464 975,1463 1000,1462 1026,1461 1051,1461 1076,1460 1102,1460 1127,1459 1153,1459 1178,1458 1203,1458 1229,1457 1254,1457 1280,1456 1305,1456 1330,1456 1356,1456 1381,1456 1407,1456 1407,1423 1381,1423 1356,1423 1330,1423 1305,1423 1280,1423 1254,1424 1229,1424 1203,1425 1178,1425 1153,1426 1127,1426 1102,1427 1076,1427 1051,1428 1026,1428 1000,1429 975,1430 949,1431 924,1431 899,1432"/>
                <Baseline points="899,1454 924,1453 949,1453 975,1452 1000,1451 1026,1450 1051,1450 1076,1449 1102,1449 1127,1448 1153,1448 1178,1447 1203,1447 1229,1446 1254,1446 1280,1445 1305,1445 1330,1445 1356,1445 1381,1445 1407,1445"/>
                <TextEquiv>
                    <Unicode>ya es tiempo, Señora mia,</Unicode>
                </TextEquiv>
            </TextLine>
            <TextLine id="region_1607013309062_1088l27" custom="readingOrder {index:26;}">
                <Coords points="899,1512 924,1512 950,1511 975,1510 1001,1510 1027,1509 1052,1509 1078,1508 1103,1507 1129,1507 1155,1507 1180,1506 1206,1506 1231,1505 1257,1505 1283,1505 1308,1504 1334,1504 1359,1504 1385,1504 1411,1504 1411,1470 1385,1470 1359,1470 1334,1470 1308,1470 1283,1471 1257,1471 1231,1471 1206,1472 1180,1472 1155,1473 1129,1473 1103,1473 1078,1474 1052,1475 1027,1475 1001,1476 975,1476 950,1477 924,1478 899,1478"/>
                <Baseline points="899,1501 924,1501 950,1500 975,1499 1001,1499 1027,1498 1052,1498 1078,1497 1103,1496 1129,1496 1155,1496 1180,1495 1206,1495 1231,1494 1257,1494 1283,1494 1308,1493 1334,1493 1359,1493 1385,1493 1411,1493"/>
                <TextEquiv>
                    <Unicode>el que vuestra mano bella</Unicode>
                </TextEquiv>
            </TextLine>
            <TextLine id="region_1607013309062_1088l28" custom="readingOrder {index:27;}">
                <Coords points="901,1560 927,1560 954,1559 980,1559 1007,1558 1034,1558 1060,1557 1087,1557 1114,1556 1140,1556 1167,1555 1194,1555 1220,1555 1247,1554 1274,1554 1300,1554 1327,1553 1354,1553 1380,1553 1407,1553 1434,1553 1434,1519 1407,1519 1380,1519 1354,1519 1327,1519 1300,1520 1274,1520 1247,1520 1220,1521 1194,1521 1167,1521 1140,1522 1114,1522 1087,1523 1060,1523 1034,1524 1007,1524 980,1525 954,1525 927,1526 901,1526"/>
                <Baseline points="901,1549 927,1549 954,1548 980,1548 1007,1547 1034,1547 1060,1546 1087,1546 1114,1545 1140,1545 1167,1544 1194,1544 1220,1544 1247,1543 1274,1543 1300,1543 1327,1542 1354,1542 1380,1542 1407,1542 1434,1542"/>
                <TextEquiv>
                    <Unicode>en un Principe se emplee</Unicode>
                </TextEquiv>
            </TextLine>
            <TextLine id="region_1607013309062_1088l29" custom="readingOrder {index:28;}">
                <Coords points="912,1608 937,1608 962,1608 987,1608 1013,1607 1038,1607 1063,1606 1088,1605 1114,1605 1139,1604 1164,1604 1189,1603 1215,1603 1240,1602 1265,1602 1290,1602 1316,1602 1341,1602 1366,1603 1392,1603 1392,1569 1366,1569 1341,1568 1316,1568 1290,1568 1265,1568 1240,1568 1215,1569 1189,1569 1164,1570 1139,1570 1114,1571 1088,1571 1063,1572 1038,1573 1013,1573 987,1574 962,1574 937,1574 912,1574"/>
                <Baseline points="912,1597 937,1597 962,1597 987,1597 1013,1596 1038,1596 1063,1595 1088,1594 1114,1594 1139,1593 1164,1593 1189,1592 1215,1592 1240,1591 1265,1591 1290,1591 1316,1591 1341,1591 1366,1592 1392,1592"/>
                <TextEquiv>
                    <Unicode>de tantos como desean,</Unicode>
                </TextEquiv>
            </TextLine>
            <TextLine id="region_1607013309062_1088l30" custom="readingOrder {index:29;}">
                <Coords points="907,1657 932,1657 957,1656 982,1656 1007,1655 1032,1655 1057,1655 1082,1654 1107,1654 1132,1653 1157,1653 1182,1652 1207,1652 1232,1652 1257,1651 1282,1651 1307,1651 1332,1651 1357,1651 1382,1651 1407,1652 1407,1618 1382,1617 1357,1617 1332,1617 1307,1617 1282,1617 1257,1617 1232,1618 1207,1618 1182,1618 1157,1619 1132,1619 1107,1620 1082,1620 1057,1621 1032,1621 1007,1621 982,1622 957,1622 932,1623 907,1623"/>
                <Baseline points="907,1646 932,1646 957,1645 982,1645 1007,1644 1032,1644 1057,1644 1082,1643 1107,1643 1132,1642 1157,1642 1182,1641 1207,1641 1232,1641 1257,1640 1282,1640 1307,1640 1332,1640 1357,1640 1382,1640 1407,1641"/>
                <TextEquiv>
                    <Unicode>como rendidos Esclavos,</Unicode>
                </TextEquiv>
            </TextLine>
            <TextLine id="region_1607013309062_1088l31" custom="readingOrder {index:30;}">
                <Coords points="908,1708 934,1707 960,1706 987,1706 1013,1705 1040,1704 1066,1704 1093,1703 1119,1703 1146,1702 1172,1702 1198,1701 1225,1701 1251,1701 1278,1701 1304,1700 1331,1700 1357,1700 1384,1700 1410,1701 1437,1701 1437,1667 1410,1667 1384,1666 1357,1666 1331,1666 1304,1666 1278,1667 1251,1667 1225,1667 1198,1667 1172,1668 1146,1668 1119,1669 1093,1669 1066,1670 1040,1670 1013,1671 987,1672 960,1672 934,1673 908,1674"/>
                <Baseline points="908,1697 934,1696 960,1695 987,1695 1013,1694 1040,1693 1066,1693 1093,1692 1119,1692 1146,1691 1172,1691 1198,1690 1225,1690 1251,1690 1278,1690 1304,1689 1331,1689 1357,1689 1384,1689 1410,1690 1437,1690"/>
                <TextEquiv>
                    <Unicode>lograr dicha tan suprema.</Unicode>
                </TextEquiv>
            </TextLine>
            <TextLine id="region_1607013309062_1088l32" custom="readingOrder {index:31;}">
                <Coords points="907,1756 932,1755 957,1754 983,1754 1008,1753 1034,1753 1059,1752 1085,1752 1110,1751 1136,1751 1161,1750 1187,1750 1212,1750 1238,1749 1263,1749 1289,1749 1314,1749 1340,1749 1365,1749 1391,1750 1391,1716 1365,1715 1340,1715 1314,1715 1289,1715 1263,1715 1238,1715 1212,1716 1187,1716 1161,1716 1136,1717 1110,1717 1085,1718 1059,1718 1034,1719 1008,1719 983,1720 957,1720 932,1721 907,1722"/>
                <Baseline points="907,1745 932,1744 957,1743 983,1743 1008,1742 1034,1742 1059,1741 1085,1741 1110,1740 1136,1740 1161,1739 1187,1739 1212,1739 1238,1738 1263,1738 1289,1738 1314,1738 1340,1738 1365,1738 1391,1739"/>
                <TextEquiv>
                    <Unicode>La Princesa le responde,</Unicode>
                </TextEquiv>
            </TextLine>
            <TextLine id="region_1607013309062_1088l33" custom="readingOrder {index:32;}">
                <Coords points="909,1802 934,1802 959,1802 984,1801 1009,1801 1035,1801 1060,1800 1085,1800 1110,1800 1135,1799 1161,1799 1186,1798 1211,1798 1236,1798 1261,1797 1287,1797 1312,1797 1337,1797 1362,1797 1387,1797 1413,1797 1413,1763 1387,1763 1362,1763 1337,1763 1312,1763 1287,1763 1261,1763 1236,1764 1211,1764 1186,1764 1161,1765 1135,1765 1110,1766 1085,1766 1060,1766 1035,1767 1009,1767 984,1767 959,1768 934,1768 909,1768"/>
                <Baseline points="909,1791 934,1791 959,1791 984,1790 1009,1790 1035,1790 1060,1789 1085,1789 1110,1789 1135,1788 1161,1788 1186,1787 1211,1787 1236,1787 1261,1786 1287,1786 1312,1786 1337,1786 1362,1786 1387,1786 1413,1786"/>
                <TextEquiv>
                    <Unicode>diciendo de esta manera:</Unicode>
                </TextEquiv>
            </TextLine>
            <TextLine id="region_1607013309062_1088l34" custom="readingOrder {index:33;}">
                <Coords points="915,1852 941,1852 967,1851 994,1851 1020,1850 1046,1850 1073,1849 1099,1849 1125,1848 1152,1848 1178,1847 1204,1847 1231,1846 1257,1846 1283,1846 1310,1845 1336,1845 1362,1845 1389,1845 1415,1845 1442,1845 1442,1811 1415,1811 1389,1811 1362,1811 1336,1811 1310,1811 1283,1812 1257,1812 1231,1812 1204,1813 1178,1813 1152,1814 1125,1814 1099,1815 1073,1815 1046,1816 1020,1816 994,1817 967,1817 941,1818 915,1818"/>
                <Baseline points="915,1841 941,1841 967,1840 994,1840 1020,1839 1046,1839 1073,1838 1099,1838 1125,1837 1152,1837 1178,1836 1204,1836 1231,1835 1257,1835 1283,1835 1310,1834 1336,1834 1362,1834 1389,1834 1415,1834 1442,1834"/>
                <TextEquiv>
                    <Unicode>Conde, yo tengo un retrato</Unicode>
                </TextEquiv>
            </TextLine>
            <TextLine id="region_1607013309062_1088l35" custom="readingOrder {index:34;}">
                <Coords points="908,1903 939,1901 971,1900 1002,1900 1034,1899 1066,1899 1097,1898 1129,1898 1161,1898 1192,1898 1224,1898 1256,1898 1287,1897 1319,1897 1351,1897 1382,1897 1414,1896 1446,1895 1477,1894 1509,1893 1541,1892 1541,1859 1509,1860 1477,1861 1446,1862 1414,1863 1382,1864 1351,1864 1319,1864 1287,1864 1256,1865 1224,1865 1192,1865 1161,1865 1129,1865 1097,1865 1066,1866 1034,1866 1002,1867 971,1867 939,1868 908,1870"/>
                <Baseline points="908,1892 939,1890 971,1889 1002,1889 1034,1888 1066,1888 1097,1887 1129,1887 1161,1887 1192,1887 1224,1887 1256,1887 1287,1886 1319,1886 1351,1886 1382,1886 1414,1885 1446,1884 1477,1883 1509,1882 1541,1881"/>
                <TextEquiv>
                    <Unicode>dentro en mi pecho, y quisiera,</Unicode>
                </TextEquiv>
            </TextLine>
            <TextLine id="region_1607013309062_1088l36" custom="readingOrder {index:35;}">
                <Coords points="910,1951 935,1950 961,1950 987,1949 1013,1949 1038,1948 1064,1947 1090,1946 1116,1946 1142,1945 1167,1944 1193,1944 1219,1943 1245,1943 1271,1942 1296,1942 1322,1942 1348,1942 1374,1942 1400,1943 1400,1910 1374,1909 1348,1909 1322,1909 1296,1909 1271,1909 1245,1910 1219,1910 1193,1911 1167,1911 1142,1912 1116,1913 1090,1913 1064,1914 1038,1915 1013,1916 987,1916 961,1917 935,1917 910,1918"/>
                <Baseline points="910,1940 935,1939 961,1939 987,1938 1013,1938 1038,1937 1064,1936 1090,1935 1116,1935 1142,1934 1167,1933 1193,1933 1219,1932 1245,1932 1271,1931 1296,1931 1322,1931 1348,1931 1374,1931 1400,1932"/>
                <TextEquiv>
                    <Unicode>que su dueño fuese solo</Unicode>
                </TextEquiv>
            </TextLine>
            <TextLine id="region_1607013309062_1088l37" custom="readingOrder {index:36;}">
                <Coords points="911,1998 936,1998 962,1998 987,1998 1013,1997 1039,1997 1064,1997 1090,1996 1115,1996 1141,1995 1167,1995 1192,1994 1218,1994 1243,1993 1269,1993 1295,1992 1320,1992 1346,1992 1371,1992 1397,1992 1423,1992 1423,1958 1397,1958 1371,1958 1346,1958 1320,1958 1295,1958 1269,1959 1243,1959 1218,1960 1192,1960 1167,1961 1141,1961 1115,1962 1090,1962 1064,1963 1039,1963 1013,1963 987,1964 962,1964 936,1964 911,1964"/>
                <Baseline points="911,1987 936,1987 962,1987 987,1987 1013,1986 1039,1986 1064,1986 1090,1985 1115,1985 1141,1984 1167,1984 1192,1983 1218,1983 1243,1982 1269,1982 1295,1981 1320,1981 1346,1981 1371,1981 1397,1981 1423,1981"/>
                <TextEquiv>
                    <Unicode>quien lograse mi belleza,</Unicode>
                </TextEquiv>
            </TextLine>
            <TextLine id="region_1607013309062_1088l38" custom="readingOrder {index:37;}">
                <Coords points="911,2047 937,2047 963,2046 989,2046 1015,2046 1042,2045 1068,2045 1094,2044 1120,2044 1146,2043 1173,2042 1199,2042 1225,2041 1251,2041 1277,2041 1304,2041 1330,2041 1356,2041 1382,2041 1408,2042 1435,2043 1435,2009 1408,2008 1382,2007 1356,2007 1330,2007 1304,2007 1277,2007 1251,2007 1225,2007 1199,2008 1173,2008 1146,2009 1120,2010 1094,2010 1068,2011 1042,2011 1015,2012 989,2012 963,2012 937,2013 911,2013"/>
                <Baseline points="911,2036 937,2036 963,2035 989,2035 1015,2035 1042,2034 1068,2034 1094,2033 1120,2033 1146,2032 1173,2031 1199,2031 1225,2030 1251,2030 1277,2030 1304,2030 1330,2030 1356,2030 1382,2030 1408,2031 1435,2032"/>
                <TextEquiv>
                    <Unicode>mi corona ó mis Estados;</Unicode>
                </TextEquiv>
            </TextLine>
            <TextLine id="region_1607013309062_1088l39" custom="readingOrder {index:38;}">
                <Coords points="910,2098 935,2097 961,2095 986,2095 1012,2094 1037,2093 1063,2093 1088,2092 1114,2092 1139,2092 1165,2092 1190,2091 1216,2091 1241,2091 1267,2091 1292,2091 1318,2091 1343,2090 1369,2090 1369,2056 1343,2056 1318,2057 1292,2057 1267,2057 1241,2057 1216,2057 1190,2057 1165,2058 1139,2058 1114,2058 1088,2058 1063,2059 1037,2059 1012,2060 986,2061 961,2061 935,2063 910,2064"/>
                <Baseline points="910,2087 935,2086 961,2084 986,2084 1012,2083 1037,2082 1063,2082 1088,2081 1114,2081 1139,2081 1165,2081 1190,2080 1216,2080 1241,2080 1267,2080 1292,2080 1318,2080 1343,2079 1369,2079"/>
                <TextEquiv>
                    <Unicode>y como aquesto no sea,</Unicode>
                </TextEquiv>
            </TextLine>
            <TextLine id="region_1607013309062_1088l40" custom="readingOrder {index:39;}">
                <Coords points="911,2146 941,2145 971,2145 1001,2144 1032,2143 1062,2143 1092,2142 1123,2141 1153,2141 1183,2140 1214,2140 1244,2139 1274,2139 1304,2138 1335,2138 1365,2137 1395,2137 1426,2137 1456,2137 1486,2137 1517,2138 1517,2104 1486,2103 1456,2103 1426,2103 1395,2103 1365,2103 1335,2104 1304,2104 1274,2105 1244,2105 1214,2106 1183,2106 1153,2107 1123,2107 1092,2108 1062,2109 1032,2109 1001,2110 971,2111 941,2111 911,2112"/>
                <Baseline points="911,2135 941,2134 971,2134 1001,2133 1032,2132 1062,2132 1092,2131 1123,2130 1153,2130 1183,2129 1214,2129 1244,2128 1274,2128 1304,2127 1335,2127 1365,2126 1395,2126 1426,2126 1456,2126 1486,2126 1517,2127"/>
                <TextEquiv>
                    <Unicode>no se canse el Rey mi Padre, </Unicode>
                </TextEquiv>
            </TextLine>
            <TextLine id="region_1607013309062_1088l41" custom="readingOrder {index:40;}">
                <Coords points="907,2194 933,2194 959,2193 985,2192 1011,2192 1038,2192 1064,2191 1090,2191 1116,2191 1142,2190 1169,2190 1195,2190 1221,2190 1247,2189 1273,2189 1300,2189 1326,2188 1352,2187 1378,2187 1405,2186 1405,2152 1378,2153 1352,2153 1326,2154 1300,2155 1273,2155 1247,2155 1221,2156 1195,2156 1169,2156 1142,2156 1116,2157 1090,2157 1064,2157 1038,2158 1011,2158 985,2158 959,2159 933,2160 907,2160"/>
                <Baseline points="907,2183 933,2183 959,2182 985,2181 1011,2181 1038,2181 1064,2180 1090,2180 1116,2180 1142,2179 1169,2179 1195,2179 1221,2179 1247,2178 1273,2178 1300,2178 1326,2177 1352,2176 1378,2176 1405,2175"/>
                <TextEquiv>
                    <Unicode>ni mi Reino lo pretenda.</Unicode>
                </TextEquiv>
            </TextLine>
            <TextLine id="region_1607013309062_1088l42" custom="readingOrder {index:41;}">
                <Coords points="915,2244 944,2243 973,2243 1002,2242 1031,2241 1060,2240 1089,2240 1118,2239 1147,2238 1176,2237 1205,2237 1234,2236 1263,2236 1292,2236 1321,2235 1350,2235 1379,2235 1408,2235 1437,2235 1466,2236 1495,2236 1495,2202 1466,2202 1437,2201 1408,2201 1379,2201 1350,2201 1321,2201 1292,2202 1263,2202 1234,2202 1205,2203 1176,2203 1147,2204 1118,2205 1089,2206 1060,2206 1031,2207 1002,2208 973,2209 944,2209 915,2210"/>
                <Baseline points="915,2233 944,2232 973,2232 1002,2231 1031,2230 1060,2229 1089,2229 1118,2228 1147,2227 1176,2226 1205,2226 1234,2225 1263,2225 1292,2225 1321,2224 1350,2224 1379,2224 1408,2224 1437,2224 1466,2225 1495,2225"/>
                <TextEquiv>
                    <Unicode>Respondió el Conde: Señora,</Unicode>
                </TextEquiv>
            </TextLine>
            <TextLine id="region_1607013309062_1088l43" custom="readingOrder {index:42;}">
                <Coords points="915,2293 943,2293 971,2293 1000,2293 1028,2292 1057,2292 1085,2292 1113,2291 1142,2291 1170,2290 1199,2290 1227,2289 1255,2289 1284,2288 1312,2288 1341,2287 1369,2286 1397,2286 1426,2285 1454,2285 1483,2284 1483,2250 1454,2251 1426,2251 1397,2252 1369,2252 1341,2253 1312,2254 1284,2254 1255,2255 1227,2255 1199,2256 1170,2256 1142,2257 1113,2257 1085,2258 1057,2258 1028,2258 1000,2259 971,2259 943,2259 915,2259"/>
                <Baseline points="915,2282 943,2282 971,2282 1000,2282 1028,2281 1057,2281 1085,2281 1113,2280 1142,2280 1170,2279 1199,2279 1227,2278 1255,2278 1284,2277 1312,2277 1341,2276 1369,2275 1397,2275 1426,2274 1454,2274 1483,2273"/>
                <TextEquiv>
                    <Unicode>muéstremelo vuestra Alteza</Unicode>
                </TextEquiv>
            </TextLine>
            <TextEquiv>
                <Unicode>y de su Reino heredera,
los Príncipes confinantes
pretendian su belleza;
entre los muchos Señores,
que asisten á la grandeza
del gran Rey de Dinamarca,
está un deudo suyo, que era
el Conde Don Federico,
General de mar y tierra:
es discreto y entendido,
y siendo Marte en la guerra,
por su valor invencible,
en la Córte Adonis era,
es muy querido del Rey, 
tanto que lo que aconseja,
eso es lo que se hace
sin ninguna diferencia.
Tenia el Conde una hermana,
que es bellísima Duquesa
en sus Estados, que nunca
hizo en la Córte asistencia.
El Conde Don Federico
habló un dia á la Princesa,
diciendo: Dueño y Señora,
hermosísima Princesa,
ya es tiempo, Señora mia,
el que vuestra mano bella
en un Principe se emplee
de tantos como desean,
como rendidos Esclavos,
lograr dicha tan suprema.
La Princesa le responde,
diciendo de esta manera:
Conde, yo tengo un retrato
dentro en mi pecho, y quisiera,
que su dueño fuese solo
quien lograse mi belleza,
mi corona ó mis Estados;
y como aquesto no sea,
no se canse el Rey mi Padre, 
ni mi Reino lo pretenda.
Respondió el Conde: Señora,
muéstremelo vuestra Alteza</Unicode>
            </TextEquiv>
        </TextRegion>
    </Page>
</PcGts>
