1652 2428
229 127 280 178 8
135 195 538 234 y solo por alegrarla,
137 242 593 285 discurrieron cierto dia
142 292 554 332 unos torneos de gala
141 342 624 380 y con garvo y gallardia,
139 389 653 428 el Príncipe salió en ellos;
139 439 625 478 mas à la primer corrida,
145 487 627 524 se le desboco el caballo.
156 535 718 572 ¡válgame Dios, qué desdicha!
139 585 589 622 Midió la tierra infelice,
147 634 593 671 y socorriéndole aprisa,
143 683 591 720 sin sentido lo llevaron
143 730 541 769 á Palacio, y la caida
157 780 710 817 tanto le atormento el pecho,
154 828 647 867 que asi astuvo medio dia,
153 876 534 915 de Físicos rodeado,
153 924 624 962 y con nobles medicinas.
151 973 681 1011 En esto al Rey le avisaron,
156 1021 573 1061 como á Palacio venia
149 1071 649 1109 el Conde con la Duquesa,
149 1120 641 1157 su sobrino y su sobrina.
151 1168 648 1206 Salió el Rey á recibirlos,
156 1216 624 1254 y contando la desdicha
162 1264 708 1303 del Principe, dijo el Conde:
164 1313 721 1353 Pues gran Señor, mi venida;
161 1362 653 1402 solo es á pediros campo
165 1412 654 1452 contra quien me tiraniza
166 1460 644 1498 el honor con falsedades,
166 1508 660 1549 con promesas y mentiras.
170 1557 670 1595 Contóse en fin, el suceso,
168 1604 741 1643 y el Rey suspenso se admira.
165 1655 688 1694 En esto el Príucipe vuelve
170 1704 614 1743 al poder de medicinas;
163 1755 707 1798 y cuando vió á la Duquesa,
870 183 1401 222 le dice: prenda querida
861 232 1421 270 tu eres Princesa de Albania,
864 280 1367 318 aunque yo pierda la vida.
867 329 1451 368 En el otro mundo he estado,
875 378 1367 418 y aquella Imágen Divina,
870 427 1353 466 ante quien te dí palabra,
872 475 1332 516 muy enojado me avisa,
868 524 1407 563 que te cumpla lo que debo,
875 573 1357 612 si no quiero ver sus iras:
869 621 1467 661 conque mi Esposa has de ser,
872 669 1389 709 aunque me cueste la vida.
880 718 1403 758 El rey replicó; ¿pues cómo
873 765 1357 806 desairada queda mi hija?
879 816 1309 855 Y la Pricesa responde,
878 863 1397 904 mostrando grande alegria:
875 913 1367 952 Esposo tengo vo, Padre,
879 961 1425 1002 tan bueno, y de tal estima.
881 1013 1477 1056 ¿Quién es? le pregunta el Rey,
887 1061 1393 1099 el Conde hincó la rodilla,
886 1108 1469 1148 y en breve le ha dado cuenta
890 1157 1399 1199 de sus venturosas dichas,
884 1205 1355 1249 de su lealtad y nobleza,
883 1254 1349 1298 y valor que le acredita.
892 1302 1381 1347 Con que toda Dinamarca
892 1351 1328 1396 con júbilos y alegrias,
895 1399 1391 1444 celebraron las dos bodas,
886 1448 1401 1493 que se hicieron en un dia.
893 1498 1330 1542 De tan peregrino caso,
896 1547 1321 1589 tuvo Bermudo noticia,
891 1594 1479 1638 y dió á la prensa estos rasgos,
898 1642 1317 1688 y al auditorio suplica,
890 1690 1439 1736 que perdonen de su pluma,
889 1738 1495 1787 las faltas que aquí se admiran.
775 1933 975 2086 FIN.
220 2157 1519 2327 CARMONA:—Imp. de D. José María Moreno, calle Madre de Dios.
