1765 2512
213 250 265 307 6
167 281 574 354 Saludóle cortesano,
172 343 653 418 y atento le preguntaba,
168 392 696 457 que si por ventura habria
174 437 643 507 alguna choza ó cabaña
172 487 701 550 dónde tuviesen albergue,
170 536 695 596 que la noche se acercaba.
173 585 713 646 Dijo el pastor: caballeros,
170 629 618 695 aquella pobre cabaña
167 681 628 750 donde yo habito, será
166 730 621 796 de ustedes la posada.
171 771 692 842 Suban por aquel collado,
170 820 742 884 y en lo hondo, en la bajada
167 873 683 938 hallarán mi pobre choza,
177 920 677 990 donde penitencia hagan.
179 976 698 1031 Vino el pastor, y dispuso
169 1012 763 1087 de que luego al punto hagan
171 1070 706 1131 de cenar cumplidamente,
178 1112 789 1178 por ser gente de importancia.
191 1159 761 1224 Vió don Claudio á Margaríta,
179 1208 644 1273 y reparando su gracia,
179 1256 660 1316 saltos le dá el corazon,
181 1302 721 1378 y sospechas le dá el alma.
181 1358 704 1425 ¡Ay Dios! cómo se parece
183 1399 669 1465 aquella hermosa zagala
180 1453 680 1513 á la triste de mi esposa,
177 1489 821 1555 que en la gloria tenga su alma.
179 1548 684 1607 Tambien doña Margarita
179 1591 672 1651 toda confusa y turbada,
179 1645 698 1710 ha conocido á su esposo,
182 1691 696 1757 y de él mucho se recata,
180 1736 658 1807 que teme ser conocida,
176 1784 717 1852 aunque le llevaba el alma.
184 1832 668 1897 Grande recelo concibe,
189 1884 686 1945 de ver cuanto la miraba,
189 1927 766 1995 ¿si vendrá á darle la muerte
179 1983 708 2046 sabiendo que viva estaba?
182 2030 844 2086 Quiere ausentarse, y no acierta,
184 2074 742 2145 y en turbacion tan estraña,
183 2124 637 2192 á la Virgen de la Paz
182 2163 723 2237 de veras se encomendaba.
186 2218 645 2288 Dijole luego á su hijo,
198 2265 720 2352 que á la gente preguntára
898 275 1420 354 quién era aquel caballero,
896 336 1462 401 por si ella estaba engañada,
897 383 1331 451 qué cuidado les traia
903 421 1439 496 por aquella tierra estraña,
904 476 1346 543 para salir de temores
893 527 1376 593 y quedar desengañada,
897 575 1450 643 y despues de haber cenado
894 626 1392 685 el mozo les preguntaba,
902 681 1428 738 quién era aquel caballero
896 718 1376 773 que le llevaba el alma.
897 765 1415 830 Respondió el mayordomo
896 814 1363 880 sin recelarse de nada.
901 870 1435 926 Es un grande de la córto;
896 916 1523 977 al cual don Claudio le llaman:
906 959 1466 1016 dicen que hay en este sitio
907 1012 1353 1073 una fiera tan estraña,
897 1057 1589 1115 que asombra á cuantos la han visto,
895 1110 1433 1174 y que aturde la comarca;
901 1152 1344 1215 y con aquesta noticia
903 1205 1410 1266 mi amo se encaprichaba
902 1252 1523 1312 que este animal muerto ó vivo
903 1304 1546 1362 no ha de escapar de sus armas.
903 1346 1350 1412 Se aseguró Margarita
904 1395 1463 1452 en lo que tanto importaba,
903 1438 1385 1511 y sin faltarla el recato,
910 1488 1409 1551 muchas veces suspiraba,
910 1534 1436 1605 viendo delante el traidor.
907 1585 1460 1647 y que estaba en la privanza
908 1635 1422 1701 de su esposo, siendo ella
911 1678 1463 1742 por su traicion desdichada.
906 1732 1439 1797 Del cielo venga el castigo
918 1778 1431 1841 (decia con mucha ánsia);
910 1828 1420 1889 Dios proteja la inocencia
914 1885 1416 1935 y vuelva por esta causa,
908 1920 1400 1986 descubriendo la verdad
906 1977 1535 2033 quede mi opinion sin mancha.
914 2018 1393 2081 Pasaron aquella noche,
910 2066 1389 2131 y á otro dia de mañana
910 2114 1400 2174 salieron con el cuidado
910 2163 1444 2226 de dar principio á la caza,
907 2209 1560 2272 pará si el mónstruo encuentran
908 2268 1436 2337 lograr toda su esperanza.
