1737 2508
155 244 765 308 intentó (igran desvergüenza!)
166 306 792 371 nianchar(jaccion de inhumano!
163 351 585 405 el honor á la señora
163 397 655 453 su respeto atropellando.
162 444 673 511 Rompió el silencio la voz
163 494 682 560 un dia que salió al campo
160 542 689 603 por divertir sus pasiones
164 595 677 654 y dar treguas al cuidado.
164 640 693 699 Con la ocasion de asistirla
164 689 697 755 el mayordomo ha llegado,
170 736 630 799 y con cifradas razones
169 781 695 841 su maldad fué declarando,
165 831 628 898 hasta que dijo:señora,
164 882 757 937 en fuego de amor me abraso,
168 927 635 991 gocemos de la ocasion
161 980 721 1038 con la ausencia de mi amo.
168 1027 701 1078 Era muger muy prudente,
170 1075 645 1136 y con disimulo estraño,
168 1123 657 1182 sin ser de nadie notada
178 1168 720 1227 esta respuesta le ha dado;
169 1212 733 1271 vive Dios, hombre atrevido,
173 1268 657 1319 si lo que dices, villano,
160 1311 773 1376 no entendiera que era chanza
168 1360 725 1422 y que es lisonja del prado,
176 1408 773 1473 yo misma os diera la muerte,
170 1461 685 1520 yo, si os hiciera pedazos:
162 1506 574 1566 reprime tu fantasia
170 1553 627 1620 y agradece no lo hago,
171 1602 681 1663 por solo escusar la nota,
170 1648 713 1703 contigo un esceso estraño.
168 1700 744 1760 Quedó Alberto muy corrido,
166 1750 700 1802 suspenso y avergonzado,
168 1799 709 1850 discurriendo en la ocasion
164 1842 633 1908 vengarse como tirano.
168 1894 659 1952 Trazó una gran traicion
168 1940 659 1989 con un testimonio falso,
174 1984 776 2051 que el gusto volvió en veneno
164 2037 710 2095 y en rigor trocó el halago.
170 2086 745 2148 Cumplió el amo su campaña,
166 2134 787 2197 y en su esposa contemplando,
161 2179 571 2244 anhelaba por llegar
170 2229 674 2299 á su casa, y con halagos
1491 203 1532 260 3
885 240 1302 315 bajó la noble señora
893 303 1383 364 por recibir en los brazos
887 348 1443 413 su dueño y querido esposo,
888 397 1441 457 con la servidumbre al lado.
889 444 1387 510 Bajaba tambien un paje,
892 496 1439 569 que desde niño han criado,
885 540 1314 598 y delante de su ama
897 586 1499 648 con una antorcha alumbrando.
889 634 1379 704 Bajaba Alverto tambien,
890 681 1367 751 y del demonio incitado,
892 741 1370 796 quiso lograr la ocasion
892 776 1553 856 que el tiempo le está brindando.
894 828 1336 892 Se juntaron en el pie
898 872 1396 933 de la escalera, y sacando
899 928 1433 995 un puñal, le dió la muerte
896 975 1414 1040 al paje que va nombrado:
897 1020 1402 1086 quedó la señora inmóvil,
903 1066 1443 1138 viendo tan notable estrago,
893 1124 1436 1185 al tiempo que el caballero
891 1177 1364 1232 subia ya á su descanso.
894 1215 1526 1284 ¿Qué és esto, dice, qué es esto?
894 1261 1396 1326 y el traidor disimulando
890 1309 1411 1376 ha dicho; aqueste traidor
899 1358 1371 1424 en este sitio ha violado
893 1411 1422 1472 tu honor, y yo soy testigo;
892 1456 1425 1519 y así he querido vengarlo.
895 1503 1447 1566 La noble señora, entonces,
890 1550 1432 1626 aumentando el sobresalto,
894 1597 1237 1669 amortecida cayó
889 1644 1435 1717 á los pies de este malvado.
893 1693 1347 1759 Entonces el caballero,
893 1740 1314 1807 afligido y angustiado
893 1795 1419 1860 lloraba su infausta suerte,
892 1840 1428 1904 todo el hecho confirmado.
899 1885 1367 1950 ¡Ay mí Margarita! dice,
892 1939 1448 1999 como lo que estoy mirando
886 1981 1429 2050 con tanta evidencia, juzgo
892 2030 1508 2096 que no es capaz de tu estado.
887 2075 1524 2143 Si en tí no hay culpa, desdicen
892 2122 1357 2194 los efectos inhumanos;
895 2176 1363 2244 pero no tiene remedio,
888 2226 1404 2305 el Cielo te dé su amparo.
