1737 2508
1538 166 1564 218 7
198 224 690 294 Con el deseo que llevan
202 281 691 345 todo el monte paseaban
194 323 764 388 sin que se logre el intento,
199 375 715 437 que Dios asi lo ordenaba.
208 422 678 481 Viéndose muy fatigado
197 469 818 527 don Claudio, luego se entraba
196 520 655 582 en la choza ó casería,
195 566 687 631 sin que nadie lo notára.
199 617 678 680 Estaba su triste esposa
207 664 716 728 en un trasportal sentada,
200 710 715 765 siendo raudales sus ojos,
200 767 757 823 muchas veces los limpiaba.
204 810 667 871 ¡Ay esposo de mí vida!
203 860 757 913 cada instante pronunciaba;
212 904 780 969 ¡quién te diere el desengaño
213 953 749 1016 y se fuera en tu compaña!
214 997 768 1068 Quedó don Claudio confuso,
208 1046 711 1112 de ver cosa tan estraña,
214 1096 668 1160 y sin que ser sentido,
215 1145 783 1202 mas á escuchar se aplicaba.
211 1199 729 1254 Estando en tal confusion,
220 1246 754 1303 vido que al corral entraba
210 1287 655 1355 aquel mozo, Valentin,
221 1334 785 1398 y de esta sverte le hablaba:
215 1380 801 1453 madre mia, ¿qué es aquesto,
214 1437 789 1500 que veo en vos tal mudanza
224 1486 804 1544 despues que vino esta gente?
214 1529 779 1591 que es razon sepa la causa.
224 1579 886 1634 Respondió aumentandó el llanto:
222 1626 648 1691 hijo mio de mi alma,
226 1677 776 1736 ¿qué ha de tener una triste
227 1725 777 1781 que aquí se vé desterrada?
219 1774 783 1838 no muerta por gran piedad,
224 1822 743 1881 viva sí, mas desgraciada.
222 1868 630 1929 Ese noble caballero
230 1917 727 1981 que vino á posar á casa,
231 1963 730 2026 es tu padre y mi marido,
226 2009 775 2071 y no puedo hablar palabra.
228 2059 786 2115 Aquel traidor que le asiste,
222 2117 802 2162 mayordomo allá en mi casa,
231 2157 743 2211 en ausencia de tu padre,
239 2201 792 2276 quiso que le diese entrada;
925 213 1350 287 y por no darle lugar
918 274 1484 334 tomó una infame venganza;
930 316 1473 388 me levanto un falso testigo
927 366 1392 431 con un page de la casa,
930 416 1438 478 diciendo estaba conmigo,
922 460 1456 528 le dió muerte á puñaladas.
924 513 1482 578 Tu padre que aquesto supo,
923 562 1461 608 dando crédito á la infamia,
930 611 1478 674 mandó luego á dos criados
930 654 1493 710 me traigan á esta montaña,
935 705 1433 756 donde me quiten la vida,
930 754 1506 817 y ellos me la dan de gracia.
931 802 1496 867 Naciste tú en estos montes
934 851 1561 906 con otro hermano en compaña,
928 896 1489 962 el cual me llevó una fiera,
939 941 1439 1011 sin que yo lo remediara:
930 999 1417 1055 y de todas estas penas,
926 1038 1444 1101 se ha refrescado la llaga.
939 1085 1503 1157 Quedó el mozo enternecido,
937 1138 1445 1204 y á su madre consolaba:
932 1191 1541 1257 pero oyendo esto don Claudio
943 1235 1380 1295 de puro gozo lloraba:
942 1279 1396 1346 disimuló cuanto pudo,
933 1328 1487 1400 y viendo traicion tan clara
936 1382 1427 1444 del infame mayordomo,
942 1431 1473 1492 solo aspira á la venganza,
948 1476 1469 1540 Valentin se sale al campo,
945 1525 1423 1584 al mayordomo buscaba,
942 1569 1390 1631 el cual venia rendido
950 1619 1493 1679 de andar buscando la caza;
954 1664 1341 1734 y llegando hácia él
937 1709 1465 1779 le ha dado una puñalada
951 1754 1527 1824 que cayó á sus pies rendido
945 1816 1509 1877 sin saber qué fué la causa.
944 1857 1405 1921 Confiesa, dice, traidor,
941 1911 1442 1974 la calumnia ó la infamia
950 1953 1468 2010 que á la ilustre Margarita
943 2002 1441 2056 levantaste tú sin causa;
959 2061 1503 2116 ya vas á dar cuenta á Dios,
952 2099 1494 2162 mira, traidor, por tu alma.
951 2148 1437 2210 Todos se llegan por ver
948 2196 1348 2271 esta maravilla rara,
