1765 2512
207 243 251 320 8
166 272 667 374 y cuando los vido juntos
167 346 671 424 ha dicho estas palabras:
169 399 651 470 Yo, señores, soy aquel
170 446 695 517 que imputando de liviana
168 496 567 568 á mi señora, maté
171 522 724 621 al paje que estaba en casa
171 586 683 661 fue esto un falso testigo
174 631 708 717 solo por tomar venganza
180 689 728 769 de aquella noble matrona,
182 721 857 806 que es honrada, honesta y casta.
184 782 627 859 A todos pido perdon
190 814 794 908 por Dios, por la Virgen Santa:
188 868 676 944 asi lo alcancen de Dios
186 925 633 1001 y su Madre Soberana.
197 959 770 1044 Quiso acabarlo don Claudio,
190 1018 747 1096 mas todos se lo embarazan
197 1067 706 1140 diciendo que le perdone
197 1115 730 1191 porque descanse su alma.
190 1160 784 1241 Despues de haber espirado.
197 1217 693 1289 las esposos se miraban,
200 1259 723 1342 y del gozo y sentimiento
195 1308 755 1387 no aciertan hablar palabra,
202 1350 799 1428 y prorumpiendo don Claudio,
199 1403 710 1479 la dice:esposa del alma,
201 1444 761 1529 ó es encanto cuanto miro,
210 1485 786 1584 ó es sueño lo que nos pasa:
209 1548 653 1627 sin poderse contener
200 1595 727 1670 estrechamente la abraza,
216 1630 770 1727 y volviendo sobre acuerdo,
214 1690 743 1766 pretenden con vigilancia
207 1733 787 1819 buscar aquel monstruo que
222 1782 817 1857 tanto herror y espanto causa.
219 1829 714 1916 Les previene Margarita
221 1869 794 1960 que si acaso lo encontraban
226 1933 757 2006 no le hagan mal ninguno;
232 1973 784 2058 que le da impulsos el alma
229 2029 812 2117 que aquel ha de ser su hijo,
228 2075 810 2148 y que asi el Cielo lo guarda.
236 2121 811 2208 Y descubriendo en el monte
873 253 1402 349 no dejan cerro ó cañada
885 317 1407 395 que no la midan á pasos,
890 352 1523 434 hasta que de entre unas armas
889 407 1419 488 don Claudio lo descubrió
890 445 1512 531 y vió que es persona humana;
897 501 1464 589 él mismo se fué á su padre,
894 553 1428 627 que la sangre lo llamaba.
906 602 1484 671 Viendo tan grande prodigio,
896 659 1341 718 lo acaricia y agasaja,
901 685 1471 772 ni entiende lo que le dicen,
910 747 1463 816 ni acierta á hablar palabra:
906 796 1425 878 iba siguiendo á su padre
912 842 1444 917 hasta entrar en la cabaña;
908 895 1464 969 se fue derecho á su madre,
903 943 1452 1020 y de ella no se estrañaba.
917 978 1521 1068 La osa que lo echó de menos,
912 1035 1461 1104 como una obejuela mansa,
913 1075 1515 1163 hasta entrar dentro en Paris
910 1133 1475 1211 fue siguiendo sus pisadas.
919 1180 1385 1260 Hizo el caso tal ruido,
926 1222 1467 1307 que conmovida la Francia
932 1265 1496 1351 van á ver tan gran prodigio,
927 1328 1414 1402 y es un jubileo la casa.
921 1373 1381 1441 Enseñáronle á hablar
925 1424 1404 1494 y la Doctrina cristiana
928 1462 1486 1536 despues que lo bautizaron,
935 1516 1498 1590 y desde entonces le llaman
935 1570 1470 1637 Ventura Osson, y su padre
937 1613 1425 1686 inmediatamente manda
936 1654 1477 1742 que á la Virgen de la Paz.
945 1708 1463 1781 en hacimiento de gracias
938 1758 1369 1837 de este suceso felíz,
944 1809 1429 1880 una lámpara se le haga
950 1847 1469 1928 que pese cuarenta libras
950 1902 1408 1978 de plata sobredorada,
954 1942 1486 2021 y á los criados mil pesos.
949 1992 1509 2071 Y aqui la historia se acaba,
953 2045 1454 2127 pidiendo ahora el poéta
958 2092 1508 2189 perdon de todas sus faltas.
884 2162 992 2249 FIN.
295 2220 1591 2364 CARMONA:—1858. Imp. de D. J. M. Moreno. calle Juan de la Cabra núm. 4.
