1765 2512
263 196 293 243 2
208 230 756 305 por las tapias de un jardin,
213 288 714 350 hizo avance, y reparado
215 328 708 395 era el alfombrado suelo,
217 382 810 437 de aqueste hechizo descanso,
208 426 745 491 con las flechas de Cupido,
213 473 742 537 aunque no sin sobresalto,
208 522 710 589 con fino amor atropella
213 577 702 639 los términos del recato.
213 628 806 679 Entró en su cuarto, y apenas
217 667 742 732 vido el sol tan á su salvo
216 714 707 777 con halagos la acaricia,
216 763 770 832 con finezas la ha templado.
213 814 704 875 Dijo entonces la señora
216 867 742 926 con semblante demudado:
211 909 781 977 ¿Qué es aquesto, caballero?
218 960 851 1008 mucho aquesta accion estraño;
218 1003 696 1070 si buscais retraimiento
217 1062 733 1108 el motivo es mi cuidado,
216 1099 766 1163 siendo la ocasion disculpa
218 1146 822 1212 todo está á vuestro mandato.
211 1195 780 1263 Dijo el caballero entonces;
213 1247 735 1308 Señora, vengo buscando
226 1294 689 1354 todo mi total remedio,
221 1339 882 1406 cuando en fino amor me abraso?
230 1393 680 1456 y no os admire que yo
217 1437 815 1505 haga aqueste esceso, cuando
216 1485 782 1555 solo pido á vuestras luces,
225 1534 791 1596 me mantenga con sus rayos.
230 1579 712 1645 Bien sabeis mi calidad,
228 1637 747 1696 y que en el estrecho lazo
228 1679 778 1741 del matrimonio se igualan
224 1726 786 1791 las calidades de entrambos.
233 1771 806 1831 Si os hizo Dios tan hermosa
224 1829 813 1884 no estrañeis que mi cuidado
232 1874 760 1933 se anticipe de esta suerte,
234 1920 763 1977 no puedo mas remediarlo.
233 1969 648 2033 Dijole así la señora;
229 2015 785 2077 pues bajo de ese contrato
246 2052 881 2125 (ya que habeis hecho el arrojo)
234 2106 778 2173 á vuestro gusto me allano.
229 2153 797 2221 Estos fueron los principios
241 2207 775 2278 para que en estrecho lazo
934 217 1433 286 lográran del matrimonio
931 271 1380 335 el efecto consumado;
936 317 1454 371 siendo de los dos testigo
942 372 1356 431 un soberano retrato
934 419 1421 477 de la Virgen de la Paz,
936 459 1513 527 Madre del Verbo encarnado.
942 509 1440 572 Se efectuaron las bodas
935 562 1430 618 con el rumbo y aparato
940 600 1520 668 que en tal caso corresponde
944 651 1540 710 segun el porte de entrambos.
949 702 1430 775 Ya fenecidas las bodas,
940 740 1518 820 por mayordomo han tomado
947 797 1474 863 un mozo de gran despejo,
939 848 1460 917 que Alberto era llamado:
940 897 1405 960 demonio debió de ser,
947 940 1503 1013 pues que entre dos casados
950 992 1449 1060 con su dañada intencion
940 1041 1394 1106 introdujo tal estrago.
941 1080 1516 1152 En este tiempo don Claudio
948 1137 1477 1202 le fué preciso ausentarse,
949 1180 1488 1254 dejando su esposa, y casa,
938 1232 1546 1300 segun el rey lo ha mandado:
950 1278 1534 1352 Dejó en casa al mayordomo,
947 1331 1440 1392 juntamente dos criados,
961 1383 1530 1445 para que á su esposa asistan
956 1427 1462 1491 y se estén á su mandato;
953 1475 1470 1544 tambien algunas criadas,
946 1521 1544 1596 y á una dueña, que á su lado
954 1572 1412 1638 no le falte á la señora,
958 1598 1539 1678 que es de la virtud dechado.
951 1665 1418 1732 Quedó la noble señora
957 1715 1553 1776 con mucha pena y quebranto
958 1763 1553 1826 por la ausencia de su esposo,
951 1811 1445 1871 á quien estimaba tanto.
953 1858 1429 1913 Doblemos aqui la hoja
962 1907 1472 1974 y vamos á que arrestado
957 1953 1486 2017 el traidor del mayordomo,
966 2007 1482 2069 con pecho falso y dañado
965 2050 1482 2114 en lascivos pensamientos
969 2099 1508 2163 quiso emplear su cuidado,
965 2151 1549 2214 que quien tiene mala sangre
972 2194 1492 2252 obra en fin como villano.
