<?xml version="1.0" encoding="UTF-8" standalone="yes"?>
<PcGts xmlns="http://schema.primaresearch.org/PAGE/gts/pagecontent/2013-07-15" xmlns:xsi="http://www.w3.org/2001/XMLSchema-instance" xsi:schemaLocation="http://schema.primaresearch.org/PAGE/gts/pagecontent/2013-07-15 http://schema.primaresearch.org/PAGE/gts/pagecontent/2013-07-15/pagecontent.xsd">
    <Metadata>
        <Creator>prov=University of Rostock/Institute of Mathematics/CITlab|PLANET AI GmbH/Gundram Leifert/gundram.leifert@planet-ai.de:name=Pliegos de Cordel (XIXe) - v4(htr_id=27283)::::v=2.6.7
prov=University of Rostock/Institute of Mathematics/CITlab|PLANET AI GmbH/Tobias Gruening/tobias.gruening@planet-ai.de:name=de.uros.citlab.module.baseline2polygon.B2PSeamMultiOriented:v=2.6.7
prov=University of Rostock/Institute of Mathematics/CITlab|PLANET AI GmbH/Tobias Gruening/tobias.gruening@planet-ai.de:name=/net_tf/LA73_249_0mod360.pb:de.uros.citlab.segmentation.CITlab_LA_ML:v=2.6.7
Transkribus</Creator>
        <Created>2020-11-27T16:22:24.496+01:00</Created>
        <LastChange>2020-12-08T14:38:45.089+01:00</LastChange>
        <Comments>
                Measurement unit: pixel
                PrimaryLanguage: 
                Producer: Transkribus
            </Comments>
        <TranskribusMetadata docId="525366" pageId="22317838" pageNr="120" tsid="50186295" status="DONE" userId="66244" imgUrl="https://files.transkribus.eu/Get?id=VFORZMRUBYDXFVDVXEPAQTPL&amp;fileType=view" xmlUrl="https://files.transkribus.eu/Get?id=GTNUMSJSTRHLMUHDOAJGYJHM" imageId="17387361"/>
    </Metadata>
    <Page imageFilename="Moreno_084_4.jpg" imageWidth="1765" imageHeight="2512">
        <PrintSpace>
            <Coords points="229,275 1688,275 1688,2386 229,2386"/>
        </PrintSpace>
        <ReadingOrder>
            <OrderedGroup id="ro_1607435577662" caption="Regions reading order">
                <RegionRefIndexed index="0" regionRef="r_1_1"/>
                <RegionRefIndexed index="1" regionRef="r_2_1"/>
            </OrderedGroup>
        </ReadingOrder>
        <TextRegion orientation="0.0" type="paragraph" id="r_1_1" custom="readingOrder {index:0;}">
            <Coords points="229,275 952,265 952,2376 229,2386"/>
            <TextLine id="r_1_1l1" custom="readingOrder {index:0;}">
                <Coords points="285,342 293,342 296,345 306,343 311,348 317,348 317,280 310,279 305,284 302,283 300,285 297,282 285,283"/>
                <Baseline points="290,338 312,338"/>
                <TextEquiv>
                    <Unicode>4</Unicode>
                </TextEquiv>
            </TextLine>
            <TextLine id="r_1_1l2" custom="readingOrder {index:1;}">
                <Coords points="227,400 457,397 484,380 667,387 682,382 680,330 516,334 373,360 347,341 225,350"/>
                <Baseline points="231,387 257,388 283,388 309,387 335,387 362,386 388,384 414,384 440,382 467,381 493,379 519,378 545,377 572,376 598,375 624,374 650,374 677,374"/>
                <TextEquiv>
                    <Unicode>Pejóla, y al retirarse,</Unicode>
                </TextEquiv>
            </TextLine>
            <TextLine id="r_1_1l3" custom="readingOrder {index:2;}">
                <Coords points="233,445 523,442 561,426 664,439 716,426 715,389 584,385 564,400 539,383 490,385 299,411 271,389 231,400"/>
                <Baseline points="237,436 263,436 289,435 316,434 342,433 368,432 395,431 421,430 447,429 474,428 500,427 526,426 553,424 579,423 605,423 632,421 658,421 684,419 711,419"/>
                <TextEquiv>
                    <Unicode>el corazon quebrantado</Unicode>
                </TextEquiv>
            </TextLine>
            <TextLine id="r_1_1l4" custom="readingOrder {index:3;}">
                <Coords points="235,491 400,495 476,473 568,485 589,469 805,482 803,430 233,446"/>
                <Baseline points="239,485 267,484 295,484 323,483 351,482 379,481 407,479 435,478 463,477 491,475 519,474 547,473 575,471 603,470 631,470 659,469 687,468 715,467 743,467 771,467 799,468"/>
                <TextEquiv>
                    <Unicode>le ofrece el amor disculpas,</Unicode>
                </TextEquiv>
            </TextLine>
            <TextLine id="r_1_1l5" custom="readingOrder {index:4;}">
                <Coords points="232,543 801,522 782,473 471,499 380,484 231,514"/>
                <Baseline points="237,535 264,534 292,533 320,532 348,530 376,529 404,528 432,527 460,525 488,524 516,523 543,521 571,520 599,519 627,518 655,517 683,516 711,515 739,514 767,513 795,513"/>
                <TextEquiv>
                    <Unicode>que las admite el honrado.</Unicode>
                </TextEquiv>
            </TextLine>
            <TextLine id="r_1_1l6" custom="readingOrder {index:5;}">
                <Coords points="251,597 887,572 892,515 249,543"/>
                <Baseline points="255,579 286,579 318,578 350,577 381,577 413,575 445,574 476,573 508,572 540,570 572,568 603,567 635,566 667,565 698,563 730,562 762,561 793,560 825,560 857,560 889,560"/>
                <TextEquiv>
                    <Unicode>Vuelta su esposa en su acuerdo,</Unicode>
                </TextEquiv>
            </TextLine>
            <TextLine id="r_1_1l7" custom="readingOrder {index:6;}">
                <Coords points="239,635 327,644 428,622 522,624 547,640 605,617 719,619 717,572 622,583 590,571 534,591 448,576 378,600 237,600"/>
                <Baseline points="244,630 270,629 296,629 322,628 348,627 374,626 400,625 426,624 452,622 478,621 504,619 530,618 556,617 582,615 608,614 634,613 660,612 686,612 713,612"/>
                <TextEquiv>
                    <Unicode>su pena va duplicando</Unicode>
                </TextEquiv>
            </TextLine>
            <TextLine id="r_1_1l8" custom="readingOrder {index:7;}">
                <Coords points="250,680 905,668 924,662 923,614 248,650"/>
                <Baseline points="254,676 287,676 320,675 353,674 387,673 420,671 453,670 486,669 520,667 553,666 586,664 619,663 653,661 686,660 719,659 752,658 786,656 819,656 852,655 885,655 919,655"/>
                <TextEquiv>
                    <Unicode>viendo que en su esposo obraban,</Unicode>
                </TextEquiv>
            </TextLine>
            <TextLine id="r_1_1l9" custom="readingOrder {index:8;}">
                <Coords points="237,736 727,715 725,673 708,667 235,693"/>
                <Baseline points="242,727 267,726 292,726 317,725 342,723 368,723 393,721 418,720 443,719 468,718 494,716 519,715 544,713 569,713 594,711 620,710 645,710 670,709 695,708 721,708"/>
                <TextEquiv>
                    <Unicode>los efectos del agravio.</Unicode>
                </TextEquiv>
            </TextLine>
            <TextLine id="r_1_1l10" custom="readingOrder {index:9;}">
                <Coords points="252,783 781,767 793,722 756,705 584,736 543,717 517,740 474,723 422,741 392,727 250,733"/>
                <Baseline points="256,774 282,773 309,772 335,771 362,770 389,769 415,768 442,767 469,766 495,764 522,763 549,762 575,761 602,760 629,759 655,758 682,757 709,756 735,756 762,755 789,755"/>
                <TextEquiv>
                    <Unicode>No halla disculpa, ni halla</Unicode>
                </TextEquiv>
            </TextLine>
            <TextLine id="r_1_1l11" custom="readingOrder {index:10;}">
                <Coords points="250,827 349,841 475,817 793,816 799,768 248,791"/>
                <Baseline points="255,823 282,823 309,822 336,821 363,820 390,819 417,817 444,816 471,815 498,813 525,812 552,810 579,809 606,808 633,806 660,806 687,805 714,804 741,804 768,803 795,803"/>
                <TextEquiv>
                    <Unicode>con qué aclarar del villano</Unicode>
                </TextEquiv>
            </TextLine>
            <TextLine id="r_1_1l12" custom="readingOrder {index:11;}">
                <Coords points="249,880 680,868 727,858 726,815 533,821 465,840 391,825 352,841 247,832"/>
                <Baseline points="254,871 280,870 306,869 332,869 358,868 384,866 410,865 436,864 462,863 488,861 514,860 540,859 566,857 592,856 618,855 644,854 670,853 696,852 722,852"/>
                <TextEquiv>
                    <Unicode>la traicion, ni tampoco</Unicode>
                </TextEquiv>
            </TextLine>
            <TextLine id="r_1_1l13" custom="readingOrder {index:12;}">
                <Coords points="255,940 308,921 528,922 576,899 613,919 664,903 802,925 792,857 709,876 610,861 491,881 253,876"/>
                <Baseline points="259,922 285,920 312,919 339,917 366,916 393,914 420,912 446,911 473,909 500,908 527,907 554,906 581,905 608,904 634,903 661,903 688,902 715,902 742,902 769,902 796,902"/>
                <TextEquiv>
                    <Unicode>por donde salir del cargo;</Unicode>
                </TextEquiv>
            </TextLine>
            <TextLine id="r_1_1l14" custom="readingOrder {index:13;}">
                <Coords points="257,974 704,960 712,913 566,924 482,912 456,933 427,920 402,934 326,920 301,939 255,939"/>
                <Baseline points="261,967 287,966 313,966 340,965 366,964 392,962 419,961 445,960 471,958 498,957 524,956 550,954 577,953 603,952 629,951 656,950 682,949 709,949"/>
                <TextEquiv>
                    <Unicode>satisfacer con razones</Unicode>
                </TextEquiv>
            </TextLine>
            <TextLine id="r_1_1l15" custom="readingOrder {index:14;}">
                <Coords points="254,1021 354,1033 442,1008 527,1026 584,1005 654,1021 687,1003 792,1008 802,941 553,975 252,980"/>
                <Baseline points="259,1016 286,1015 313,1013 340,1012 367,1011 394,1010 421,1008 448,1007 475,1006 502,1005 529,1004 556,1003 583,1002 610,1001 637,1000 664,999 691,998 718,997 745,996 772,995 799,994"/>
                <TextEquiv>
                    <Unicode>diciendo lo que ha pasado,</Unicode>
                </TextEquiv>
            </TextLine>
            <TextLine id="r_1_1l16" custom="readingOrder {index:15;}">
                <Coords points="256,1069 402,1081 544,1052 578,1070 651,1051 839,1055 836,1002 811,1000 726,1000 686,1022 531,1029 491,1009 451,1028 254,1036"/>
                <Baseline points="261,1065 289,1064 318,1063 346,1062 375,1060 404,1059 432,1058 461,1056 489,1055 518,1054 547,1052 575,1051 604,1049 632,1048 661,1047 690,1046 718,1045 747,1044 775,1044 804,1043 833,1043"/>
                <TextEquiv>
                    <Unicode>no lo prueba, que es indicio</Unicode>
                </TextEquiv>
            </TextLine>
            <TextLine id="r_1_1l17" custom="readingOrder {index:16;}">
                <Coords points="267,1119 358,1130 411,1105 611,1117 626,1101 717,1096 749,1109 824,1100 823,1070 714,1050 265,1079"/>
                <Baseline points="271,1111 298,1111 325,1110 353,1109 380,1108 408,1107 435,1105 462,1104 490,1102 517,1101 545,1100 572,1098 599,1097 627,1096 654,1095 682,1094 709,1093 736,1093 764,1093 791,1093 819,1093"/>
                <TextEquiv>
                    <Unicode>de que él lo ha fomentado,</Unicode>
                </TextEquiv>
            </TextLine>
            <TextLine id="r_1_1l18" custom="readingOrder {index:17;}">
                <Coords points="266,1176 456,1153 526,1166 586,1144 600,1156 771,1147 769,1107 687,1100 612,1116 508,1105 464,1124 412,1111 361,1129 264,1118"/>
                <Baseline points="271,1165 297,1163 323,1161 349,1159 375,1157 401,1156 427,1154 453,1152 479,1151 505,1149 531,1149 557,1148 583,1146 609,1146 635,1145 661,1144 687,1143 713,1143 739,1142 765,1141"/>
                <TextEquiv>
                    <Unicode>y por disculpar su error</Unicode>
                </TextEquiv>
            </TextLine>
            <TextLine id="r_1_1l19" custom="readingOrder {index:18;}">
                <Coords points="268,1215 297,1225 416,1202 487,1217 547,1192 612,1210 748,1199 746,1150 726,1163 653,1144 629,1162 580,1152 527,1166 505,1152 267,1184"/>
                <Baseline points="273,1209 299,1208 325,1207 351,1206 377,1204 403,1203 429,1202 455,1201 481,1199 508,1198 534,1197 560,1196 586,1195 612,1194 638,1193 664,1192 690,1192 716,1192 743,1192"/>
                <TextEquiv>
                    <Unicode>quiere culpar al criado;</Unicode>
                </TextEquiv>
            </TextLine>
            <TextLine id="r_1_1l20" custom="readingOrder {index:19;}">
                <Coords points="269,1268 395,1252 438,1272 469,1253 627,1259 645,1244 739,1257 826,1245 825,1201 570,1212 544,1194 387,1228 364,1210 267,1216"/>
                <Baseline points="273,1257 300,1256 327,1255 355,1254 382,1253 410,1252 437,1250 464,1249 492,1248 519,1246 547,1245 574,1244 601,1242 629,1241 656,1240 684,1239 711,1239 738,1238 766,1238 793,1238 821,1238"/>
                <TextEquiv>
                    <Unicode>y asi, no hallando remedio,</Unicode>
                </TextEquiv>
            </TextLine>
            <TextLine id="r_1_1l21" custom="readingOrder {index:20;}">
                <Coords points="273,1310 772,1295 770,1252 650,1243 626,1259 495,1251 430,1274 389,1256 352,1275 272,1274"/>
                <Baseline points="278,1304 303,1303 329,1301 355,1300 380,1299 406,1298 432,1297 457,1296 483,1295 509,1294 534,1293 560,1292 586,1291 611,1291 637,1290 663,1289 688,1289 714,1288 740,1287 766,1287"/>
                <TextEquiv>
                    <Unicode>todo lo remite al llanto.</Unicode>
                </TextEquiv>
            </TextLine>
            <TextLine id="r_1_1l22" custom="readingOrder {index:21;}">
                <Coords points="270,1359 490,1361 721,1334 799,1351 830,1336 828,1298 769,1288 655,1312 540,1299 373,1322 268,1307"/>
                <Baseline points="275,1351 302,1350 330,1349 357,1349 385,1347 412,1347 440,1345 467,1344 495,1343 522,1342 550,1341 577,1339 605,1338 632,1337 660,1336 687,1335 715,1335 742,1334 770,1333 797,1332 825,1332"/>
                <TextEquiv>
                    <Unicode>Dijo su esposo; á esta fiera</Unicode>
                </TextEquiv>
            </TextLine>
            <TextLine id="r_1_1l23" custom="readingOrder {index:22;}">
                <Coords points="278,1408 854,1392 852,1336 763,1358 696,1339 546,1364 516,1348 482,1366 463,1349 370,1369 276,1358"/>
                <Baseline points="283,1401 311,1400 339,1399 367,1397 396,1396 424,1395 452,1393 481,1392 509,1390 537,1389 566,1387 594,1387 622,1386 650,1384 679,1384 707,1383 735,1383 764,1383 792,1383 820,1383 849,1384"/>
                <TextEquiv>
                    <Unicode>la habeis de sacar al campo,</Unicode>
                </TextEquiv>
            </TextLine>
            <TextLine id="r_1_1l24" custom="readingOrder {index:23;}">
                <Coords points="274,1454 302,1468 330,1450 405,1461 576,1440 633,1454 659,1436 688,1453 716,1433 793,1445 809,1439 807,1397 629,1390 272,1416"/>
                <Baseline points="279,1451 305,1449 331,1448 357,1446 383,1444 410,1443 436,1441 462,1440 488,1439 514,1438 541,1437 567,1436 593,1435 619,1434 645,1434 672,1434 698,1433 724,1433 750,1433 776,1433 803,1433"/>
                <TextEquiv>
                    <Unicode>y de las mas altas peñas,</Unicode>
                </TextEquiv>
            </TextLine>
            <TextLine id="r_1_1l25" custom="readingOrder {index:24;}">
                <Coords points="289,1505 730,1494 731,1449 654,1441 633,1454 574,1440 494,1447 465,1466 378,1452 287,1473"/>
                <Baseline points="293,1495 318,1495 344,1494 369,1494 395,1493 420,1492 446,1491 471,1490 497,1488 522,1487 548,1486 573,1484 599,1483 624,1482 650,1481 675,1480 701,1480 727,1480"/>
                <TextEquiv>
                    <Unicode>cual precipitado rayo</Unicode>
                </TextEquiv>
            </TextLine>
            <TextLine id="r_1_1l26" custom="readingOrder {index:25;}">
                <Coords points="278,1556 820,1537 830,1477 757,1495 543,1492 483,1517 440,1493 412,1512 319,1518 276,1502"/>
                <Baseline points="283,1543 310,1543 337,1543 364,1542 391,1542 418,1541 445,1540 473,1539 500,1538 527,1536 554,1535 581,1534 608,1532 635,1531 663,1530 690,1529 717,1528 744,1527 771,1526 798,1526 826,1526"/>
                <TextEquiv>
                    <Unicode>arrojodla, y luego al punto</Unicode>
                </TextEquiv>
            </TextLine>
            <TextLine id="r_1_1l27" custom="readingOrder {index:26;}">
                <Coords points="283,1596 553,1600 675,1577 806,1592 804,1536 784,1531 656,1551 528,1538 480,1563 449,1542 413,1563 318,1549 282,1565"/>
                <Baseline points="288,1593 313,1592 339,1591 364,1589 390,1588 416,1587 441,1586 467,1585 493,1584 518,1582 544,1582 570,1580 595,1579 621,1579 647,1578 672,1578 698,1577 724,1577 749,1577 775,1577 801,1578"/>
                <TextEquiv>
                    <Unicode>abriendo el pecho tirano,</Unicode>
                </TextEquiv>
            </TextLine>
            <TextLine id="r_1_1l28" custom="readingOrder {index:27;}">
                <Coords points="286,1644 357,1654 400,1638 447,1648 561,1632 606,1649 668,1627 739,1630 737,1591 714,1581 620,1603 591,1587 553,1601 517,1588 358,1611 330,1599 285,1615"/>
                <Baseline points="291,1641 317,1640 343,1639 369,1638 395,1637 421,1636 447,1635 473,1634 499,1633 525,1631 551,1630 577,1629 603,1628 629,1627 655,1627 681,1626 707,1626 734,1626"/>
                <TextEquiv>
                    <Unicode>sacaréisle el corazon;</Unicode>
                </TextEquiv>
            </TextLine>
            <TextLine id="r_1_1l29" custom="readingOrder {index:28;}">
                <Coords points="286,1695 383,1688 422,1702 444,1687 657,1676 729,1688 774,1673 773,1639 605,1649 504,1633 457,1639 434,1660 284,1655"/>
                <Baseline points="291,1689 316,1688 341,1687 366,1686 391,1685 416,1684 441,1683 467,1682 492,1681 517,1680 542,1678 567,1678 592,1677 618,1676 643,1675 668,1674 693,1674 718,1673 743,1673 769,1672"/>
                <TextEquiv>
                    <Unicode>con un dedo de la mano</Unicode>
                </TextEquiv>
            </TextLine>
            <TextLine id="r_1_1l30" custom="readingOrder {index:29;}">
                <Coords points="283,1748 890,1726 888,1676 861,1666 609,1701 574,1684 491,1702 281,1694"/>
                <Baseline points="288,1737 317,1736 347,1735 377,1734 407,1733 437,1732 467,1731 496,1729 526,1729 556,1728 586,1726 616,1726 646,1725 676,1724 705,1722 735,1721 765,1720 795,1719 825,1718 855,1717 885,1716"/>
                <TextEquiv>
                    <Unicode>me lo traereis, porque quede</Unicode>
                </TextEquiv>
            </TextLine>
            <TextLine id="r_1_1l31" custom="readingOrder {index:30;}">
                <Coords points="290,1797 624,1787 661,1770 706,1786 734,1769 831,1777 839,1730 288,1753"/>
                <Baseline points="294,1784 321,1783 348,1783 375,1781 402,1780 429,1780 456,1779 483,1778 510,1777 537,1776 564,1775 591,1774 618,1773 645,1772 672,1771 699,1771 726,1770 753,1769 780,1768 807,1768 835,1767"/>
                <TextEquiv>
                    <Unicode>satisfecho de este agravio.</Unicode>
                </TextEquiv>
            </TextLine>
            <TextLine id="r_1_1l32" custom="readingOrder {index:31;}">
                <Coords points="296,1832 402,1833 430,1849 526,1825 580,1840 717,1818 754,1831 829,1816 828,1772 734,1768 665,1792 582,1777 481,1801 441,1787 408,1802 294,1797"/>
                <Baseline points="301,1831 327,1831 353,1831 379,1830 405,1829 431,1829 457,1828 484,1827 510,1826 536,1824 562,1823 588,1822 614,1820 640,1819 667,1818 693,1817 719,1816 745,1816 771,1816 797,1816 824,1816"/>
                <TextEquiv>
                    <Unicode>Vos, mayordomo, no ireis</Unicode>
                </TextEquiv>
            </TextLine>
            <TextLine id="r_1_1l33" custom="readingOrder {index:32;}">
                <Coords points="295,1885 369,1896 404,1879 440,1896 506,1878 598,1886 627,1869 699,1885 816,1871 814,1821 294,1851"/>
                <Baseline points="300,1880 325,1880 351,1879 376,1879 402,1878 427,1877 453,1876 478,1875 504,1874 529,1873 555,1871 581,1870 606,1869 632,1868 657,1867 683,1866 708,1866 734,1865 759,1865 785,1865 811,1865"/>
                <TextEquiv>
                    <Unicode>á ejecutar lo que mando,</Unicode>
                </TextEquiv>
            </TextLine>
            <TextLine id="r_1_1l34" custom="readingOrder {index:33;}">
                <Coords points="293,1942 950,1921 954,1858 292,1902"/>
                <Baseline points="298,1930 330,1929 363,1927 395,1926 428,1924 461,1923 493,1922 526,1920 559,1919 591,1918 624,1917 657,1916 689,1915 722,1914 755,1913 787,1912 820,1911 853,1910 885,1909 918,1908 951,1907"/>
                <TextEquiv>
                    <Unicode>por que aunqueos preciais de finc</Unicode>
                </TextEquiv>
            </TextLine>
            <TextLine id="r_1_1l35" custom="readingOrder {index:34;}">
                <Coords points="302,1989 496,1989 532,1966 566,1989 595,1971 621,1984 665,1967 780,1969 779,1936 719,1916 677,1933 606,1925 590,1941 472,1931 437,1951 356,1938 301,1951"/>
                <Baseline points="307,1977 333,1977 359,1976 385,1975 411,1974 437,1973 463,1972 489,1971 515,1969 541,1968 567,1967 593,1966 619,1964 645,1964 671,1963 697,1962 723,1962 749,1962 775,1963"/>
                <TextEquiv>
                    <Unicode>estais muy apasionado,</Unicode>
                </TextEquiv>
            </TextLine>
            <TextLine id="r_1_1l36" custom="readingOrder {index:35;}">
                <Coords points="297,2032 333,2045 435,2023 492,2038 557,2011 631,2024 786,2014 784,1973 758,1968 621,1984 595,1971 552,1995 464,1980 423,1996 296,1997"/>
                <Baseline points="302,2029 327,2028 352,2026 377,2024 402,2023 428,2021 453,2020 478,2019 503,2017 528,2016 554,2015 579,2014 604,2013 629,2012 654,2011 680,2011 705,2010 730,2010 755,2009 781,2009"/>
                <TextEquiv>
                    <Unicode>(parece que el corazon</Unicode>
                </TextEquiv>
            </TextLine>
            <TextLine id="r_1_1l37" custom="readingOrder {index:36;}">
                <Coords points="310,2078 693,2058 832,2073 837,2013 492,2037 434,2025 330,2046 309,2034"/>
                <Baseline points="315,2074 340,2073 366,2072 392,2071 418,2070 444,2069 470,2067 496,2066 522,2064 548,2063 574,2062 599,2061 625,2060 651,2059 677,2058 703,2058 729,2058 755,2058 781,2059 807,2060 833,2061"/>
                <TextEquiv>
                    <Unicode>la traicion está dictando.)</Unicode>
                </TextEquiv>
            </TextLine>
            <TextLine id="r_1_1l38" custom="readingOrder {index:37;}">
                <Coords points="305,2124 360,2136 395,2115 490,2128 564,2111 676,2125 701,2110 768,2122 816,2112 815,2069 694,2058 641,2076 303,2088"/>
                <Baseline points="309,2121 334,2121 359,2120 384,2119 409,2118 434,2117 459,2116 484,2115 509,2113 534,2112 560,2111 585,2110 610,2109 635,2108 660,2108 685,2107 710,2107 735,2107 760,2107 785,2107 811,2108"/>
                <TextEquiv>
                    <Unicode>Dos criados la cogieron,</Unicode>
                </TextEquiv>
            </TextLine>
            <TextLine id="r_1_1l39" custom="readingOrder {index:38;}">
                <Coords points="306,2187 366,2170 520,2175 636,2157 779,2169 778,2120 740,2129 712,2112 680,2127 621,2112 577,2137 540,2118 396,2118 356,2141 304,2140"/>
                <Baseline points="310,2172 335,2170 361,2169 387,2168 413,2167 439,2166 465,2165 490,2163 516,2162 542,2161 568,2160 594,2159 620,2158 645,2157 671,2157 697,2156 723,2155 749,2155 775,2154"/>
                <TextEquiv>
                    <Unicode>y retirandola al campo,</Unicode>
                </TextEquiv>
            </TextLine>
            <TextLine id="r_1_1l40" custom="readingOrder {index:39;}">
                <Coords points="310,2226 816,2212 860,2201 858,2157 720,2178 575,2162 470,2184 396,2168 308,2191"/>
                <Baseline points="314,2217 341,2217 368,2217 395,2216 422,2215 449,2214 476,2213 503,2212 530,2211 557,2209 584,2208 611,2207 638,2205 665,2204 692,2203 719,2202 746,2201 773,2201 800,2201 827,2201 855,2201"/>
                <TextEquiv>
                    <Unicode>entre peñas y entre riscos</Unicode>
                </TextEquiv>
            </TextLine>
            <TextLine id="r_1_1l41" custom="readingOrder {index:40;}">
                <Coords points="306,2267 940,2255 930,2196 796,2223 768,2207 411,2239 305,2226"/>
                <Baseline points="311,2267 342,2266 373,2266 404,2265 435,2263 467,2262 498,2261 529,2260 560,2258 591,2257 623,2255 654,2254 685,2252 716,2251 747,2250 779,2249 810,2248 841,2248 872,2248 903,2248 935,2249"/>
                <TextEquiv>
                    <Unicode>con gran dolor la han entrado,</Unicode>
                </TextEquiv>
            </TextLine>
            <TextLine id="r_1_1l42" custom="readingOrder {index:41;}">
                <Coords points="319,2322 912,2303 910,2251 500,2260 405,2289 318,2277"/>
                <Baseline points="324,2312 353,2312 382,2312 411,2311 440,2311 469,2310 498,2309 528,2308 557,2307 586,2305 615,2304 644,2303 673,2302 702,2300 732,2299 761,2298 790,2298 819,2297 848,2296 877,2296 907,2296"/>
                <TextEquiv>
                    <Unicode>Van los dos muy convencidos</Unicode>
                </TextEquiv>
            </TextLine>
            <TextLine id="r_1_1l43" custom="readingOrder {index:42;}">
                <Coords points="314,2387 401,2389 513,2361 555,2378 657,2357 716,2368 747,2354 828,2377 871,2360 869,2304 852,2300 638,2321 507,2312 421,2335 312,2323"/>
                <Baseline points="319,2363 346,2363 373,2364 400,2364 428,2363 455,2362 482,2361 510,2360 537,2359 564,2357 592,2355 619,2354 646,2353 673,2352 701,2350 728,2349 755,2348 783,2348 810,2348 837,2349 865,2350"/>
                <TextEquiv>
                    <Unicode>de que es testímonio falso,</Unicode>
                </TextEquiv>
            </TextLine>
            <TextEquiv>
                <Unicode>4
Pejóla, y al retirarse,
el corazon quebrantado
le ofrece el amor disculpas,
que las admite el honrado.
Vuelta su esposa en su acuerdo,
su pena va duplicando
viendo que en su esposo obraban,
los efectos del agravio.
No halla disculpa, ni halla
con qué aclarar del villano
la traicion, ni tampoco
por donde salir del cargo;
satisfacer con razones
diciendo lo que ha pasado,
no lo prueba, que es indicio
de que él lo ha fomentado,
y por disculpar su error
quiere culpar al criado;
y asi, no hallando remedio,
todo lo remite al llanto.
Dijo su esposo; á esta fiera
la habeis de sacar al campo,
y de las mas altas peñas,
cual precipitado rayo
arrojodla, y luego al punto
abriendo el pecho tirano,
sacaréisle el corazon;
con un dedo de la mano
me lo traereis, porque quede
satisfecho de este agravio.
Vos, mayordomo, no ireis
á ejecutar lo que mando,
por que aunqueos preciais de finc
estais muy apasionado,
(parece que el corazon
la traicion está dictando.)
Dos criados la cogieron,
y retirandola al campo,
entre peñas y entre riscos
con gran dolor la han entrado,
Van los dos muy convencidos
de que es testímonio falso,</Unicode>
            </TextEquiv>
        </TextRegion>
        <TextRegion orientation="0.0" type="paragraph" id="r_2_1" custom="readingOrder {index:1;}">
            <Coords points="986,287 1688,292 1688,2355 986,2350"/>
            <TextLine id="r_2_1l1" custom="readingOrder {index:0;}">
                <Coords points="987,357 1045,357 1066,372 1096,357 1206,365 1245,347 1308,365 1333,352 1393,357 1418,352 1417,302 1378,313 1301,296 1230,319 1140,313 1087,327 1056,310 1036,324 986,320"/>
                <Baseline points="992,357 1018,355 1044,354 1070,353 1097,352 1123,350 1149,350 1176,349 1202,348 1228,347 1255,346 1281,345 1307,345 1334,344 1360,343 1386,342 1413,341"/>
                <TextEquiv>
                    <Unicode>la inocencia del ama</Unicode>
                </TextEquiv>
            </TextLine>
            <TextLine id="r_2_1l2" custom="readingOrder {index:1;}">
                <Coords points="983,424 1099,405 1210,415 1256,400 1297,413 1323,398 1433,394 1454,406 1453,358 981,373"/>
                <Baseline points="987,403 1012,402 1038,402 1064,401 1089,400 1115,400 1141,399 1166,398 1192,397 1218,396 1243,396 1269,395 1295,393 1320,392 1346,392 1372,391 1397,390 1423,389 1449,387"/>
                <TextEquiv>
                    <Unicode>rocuran dejar en salvo.</Unicode>
                </TextEquiv>
            </TextLine>
            <TextLine id="r_2_1l3" custom="readingOrder {index:2;}">
                <Coords points="982,466 1117,471 1165,451 1226,463 1252,450 1444,445 1443,416 1396,399 1306,416 1187,423 1152,405 1131,420 1084,409 1051,430 981,424"/>
                <Baseline points="987,451 1012,451 1037,450 1062,449 1087,449 1112,448 1137,447 1162,447 1187,446 1213,445 1238,444 1263,443 1288,442 1313,442 1338,441 1363,440 1388,439 1413,438 1439,437"/>
                <TextEquiv>
                    <Unicode>ijo el uno, yo, señora,</Unicode>
                </TextEquiv>
            </TextLine>
            <TextLine id="r_2_1l4" custom="readingOrder {index:3;}">
                <Coords points="986,496 1076,519 1147,500 1604,492 1603,461 1561,436 1323,465 1263,450 1152,472 985,469"/>
                <Baseline points="991,499 1021,499 1051,498 1082,497 1112,496 1143,495 1173,494 1203,493 1234,492 1264,490 1295,489 1325,488 1355,487 1386,486 1416,485 1447,484 1477,484 1507,483 1538,483 1568,483 1599,483"/>
                <TextEquiv>
                    <Unicode>el que me está acompañando, </Unicode>
                </TextEquiv>
            </TextLine>
            <TextLine id="r_2_1l5" custom="readingOrder {index:4;}">
                <Coords points="983,560 1184,555 1199,544 1246,559 1302,542 1365,549 1392,543 1391,505 1330,512 1288,499 1188,517 1134,504 982,521"/>
                <Baseline points="987,547 1012,547 1037,546 1062,546 1087,545 1112,544 1137,543 1162,542 1187,541 1212,540 1237,539 1262,538 1287,538 1312,537 1337,537 1362,538 1387,539"/>
                <TextEquiv>
                    <Unicode>somos leales y finos,</Unicode>
                </TextEquiv>
            </TextLine>
            <TextLine id="r_2_1l6" custom="readingOrder {index:5;}">
                <Coords points="988,607 1531,594 1552,582 1551,542 1404,558 1373,543 1252,558 1200,545 987,569"/>
                <Baseline points="993,595 1020,595 1048,594 1076,593 1103,592 1131,591 1159,590 1186,589 1214,588 1242,587 1270,586 1297,585 1325,584 1353,583 1380,583 1408,582 1436,581 1463,581 1491,581 1519,581 1547,581"/>
                <TextEquiv>
                    <Unicode>o homicidas ni inhumanos;</Unicode>
                </TextEquiv>
            </TextLine>
            <TextLine id="r_2_1l7" custom="readingOrder {index:6;}">
                <Coords points="981,661 1172,642 1190,654 1423,644 1474,626 1473,600 1384,585 1297,604 979,617"/>
                <Baseline points="985,645 1010,644 1035,643 1061,642 1086,640 1112,640 1137,639 1163,638 1188,637 1214,636 1239,635 1265,635 1290,634 1316,633 1341,632 1367,631 1392,630 1418,629 1443,628 1469,626"/>
                <TextEquiv>
                    <Unicode>quedaos aquí, y el Cielo</Unicode>
                </TextEquiv>
            </TextLine>
            <TextLine id="r_2_1l8" custom="readingOrder {index:7;}">
                <Coords points="985,715 1062,691 1186,705 1417,681 1489,691 1506,686 1505,649 1458,636 1394,654 1244,647 1216,664 1109,649 983,662"/>
                <Baseline points="989,694 1014,693 1040,691 1065,690 1091,689 1117,688 1142,687 1168,686 1193,685 1219,684 1245,683 1270,683 1296,681 1321,681 1347,680 1373,679 1398,678 1424,677 1449,677 1475,676 1501,675"/>
                <TextEquiv>
                    <Unicode>que todo lo está mirando,</Unicode>
                </TextEquiv>
            </TextLine>
            <TextLine id="r_2_1l9" custom="readingOrder {index:8;}">
                <Coords points="989,748 1524,741 1522,688 1148,710 1048,697 988,716"/>
                <Baseline points="994,740 1020,739 1046,738 1072,738 1099,737 1125,736 1151,735 1177,734 1204,733 1230,732 1256,731 1282,730 1309,729 1335,728 1361,728 1387,727 1414,726 1440,725 1466,725 1492,724 1519,724"/>
                <TextEquiv>
                    <Unicode>volverá por vuestra causa,</Unicode>
                </TextEquiv>
            </TextLine>
            <TextLine id="r_2_1l10" custom="readingOrder {index:9;}">
                <Coords points="987,804 1155,804 1208,784 1248,795 1343,780 1370,795 1465,778 1463,738 985,755"/>
                <Baseline points="992,788 1017,787 1043,787 1069,786 1095,786 1121,785 1147,784 1173,783 1199,782 1225,780 1251,779 1277,779 1303,777 1329,776 1355,776 1381,775 1407,775 1433,774 1459,774"/>
                <TextEquiv>
                    <Unicode>y se despiden llorando.</Unicode>
                </TextEquiv>
            </TextLine>
            <TextLine id="r_2_1l11" custom="readingOrder {index:10;}">
                <Coords points="986,860 1015,846 1044,855 1060,842 1279,830 1340,843 1378,828 1410,841 1409,799 1312,783 1272,804 1198,793 1118,811 1088,796 985,804"/>
                <Baseline points="991,837 1016,836 1042,835 1068,834 1094,834 1120,833 1146,831 1172,830 1198,830 1223,829 1249,828 1275,828 1301,827 1327,826 1353,825 1379,825 1405,824"/>
                <TextEquiv>
                    <Unicode>Dijo la señora: hijos,</Unicode>
                </TextEquiv>
            </TextLine>
            <TextLine id="r_2_1l12" custom="readingOrder {index:11;}">
                <Coords points="989,895 1018,906 1043,890 1163,900 1194,882 1242,894 1254,883 1404,880 1409,840 1376,847 1353,833 1341,844 1324,832 1238,850 1142,839 1126,854 1075,844 1055,859 1015,848 987,859"/>
                <Baseline points="993,885 1018,884 1044,884 1070,883 1096,882 1121,881 1147,880 1173,878 1199,877 1224,876 1250,875 1276,874 1302,873 1327,873 1353,872 1379,872 1405,872"/>
                <TextEquiv>
                    <Unicode>ejecutad el mandato</Unicode>
                </TextEquiv>
            </TextLine>
            <TextLine id="r_2_1l13" custom="readingOrder {index:12;}">
                <Coords points="984,941 1070,953 1224,927 1294,942 1415,916 1476,933 1590,923 1588,881 1553,871 1494,892 1094,893 1038,915 982,897"/>
                <Baseline points="989,933 1018,932 1048,931 1078,930 1108,929 1137,928 1167,927 1197,926 1227,925 1256,924 1286,923 1316,922 1346,921 1375,919 1405,919 1435,917 1465,916 1494,914 1524,913 1554,912 1584,910"/>
                <TextEquiv>
                    <Unicode>de mi esposo, que no es justo</Unicode>
                </TextEquiv>
            </TextLine>
            <TextLine id="r_2_1l14" custom="readingOrder {index:13;}">
                <Coords points="991,990 1635,976 1619,921 1414,946 990,950"/>
                <Baseline points="996,982 1027,981 1059,979 1090,979 1122,978 1154,976 1185,975 1217,974 1249,973 1280,972 1312,971 1344,969 1375,969 1407,968 1439,966 1470,965 1502,963 1534,962 1565,961 1597,960 1629,958"/>
                <TextEquiv>
                    <Unicode>que os suceda algun quebranto.</Unicode>
                </TextEquiv>
            </TextLine>
            <TextLine id="r_2_1l15" custom="readingOrder {index:14;}">
                <Coords points="982,1037 1370,1024 1387,1038 1490,1021 1489,976 1345,992 1319,978 1290,997 1215,986 1192,1005 981,997"/>
                <Baseline points="987,1029 1013,1029 1039,1028 1065,1027 1091,1026 1118,1025 1144,1025 1170,1024 1196,1023 1222,1022 1249,1021 1275,1020 1301,1019 1327,1018 1353,1017 1380,1016 1406,1016 1432,1015 1458,1015 1485,1014"/>
                <TextEquiv>
                    <Unicode>Se fueron á un hospital,</Unicode>
                </TextEquiv>
            </TextLine>
            <TextLine id="r_2_1l16" custom="readingOrder {index:15;}">
                <Coords points="986,1086 1039,1099 1168,1078 1554,1070 1552,1024 1511,1018 1393,1041 1371,1026 1174,1047 985,1038"/>
                <Baseline points="991,1077 1018,1076 1046,1076 1074,1075 1102,1075 1130,1074 1158,1073 1186,1072 1214,1071 1242,1070 1270,1069 1297,1068 1325,1067 1353,1066 1381,1065 1409,1064 1437,1063 1465,1062 1493,1061 1521,1061 1549,1060"/>
                <TextEquiv>
                    <Unicode>donde una difunta hallando,</Unicode>
                </TextEquiv>
            </TextLine>
            <TextLine id="r_2_1l17" custom="readingOrder {index:16;}">
                <Coords points="990,1136 1041,1127 1103,1140 1223,1121 1367,1134 1402,1116 1401,1086 1229,1079 1178,1100 988,1086"/>
                <Baseline points="995,1125 1020,1125 1045,1125 1070,1124 1095,1124 1120,1123 1145,1122 1170,1121 1196,1120 1221,1119 1246,1118 1271,1117 1296,1116 1321,1116 1346,1115 1371,1115 1397,1115"/>
                <TextEquiv>
                    <Unicode>le sacan el corazon</Unicode>
                </TextEquiv>
            </TextLine>
            <TextLine id="r_2_1l18" custom="readingOrder {index:17;}">
                <Coords points="997,1189 1498,1169 1525,1160 1524,1125 1362,1138 1256,1125 1025,1149 995,1137"/>
                <Baseline points="1001,1174 1028,1173 1055,1172 1082,1172 1110,1171 1137,1170 1164,1169 1192,1168 1219,1167 1246,1166 1274,1165 1301,1164 1328,1163 1356,1162 1383,1161 1410,1160 1438,1159 1465,1158 1492,1157 1520,1156"/>
                <TextEquiv>
                    <Unicode>para cumplir con su amo;</Unicode>
                </TextEquiv>
            </TextLine>
            <TextLine id="r_2_1l19" custom="readingOrder {index:18;}">
                <Coords points="990,1232 1504,1209 1537,1225 1535,1180 1485,1162 1411,1184 1384,1169 989,1194"/>
                <Baseline points="995,1222 1021,1221 1048,1221 1075,1220 1102,1219 1129,1218 1155,1217 1182,1216 1209,1215 1236,1214 1263,1212 1289,1212 1316,1211 1343,1209 1370,1209 1397,1208 1423,1207 1450,1207 1477,1206 1504,1206 1531,1206"/>
                <TextEquiv>
                    <Unicode>llevando tambien un dedo,</Unicode>
                </TextEquiv>
            </TextLine>
            <TextLine id="r_2_1l20" custom="readingOrder {index:19;}">
                <Coords points="993,1284 1463,1266 1474,1243 1424,1217 1398,1231 1351,1217 1299,1241 1227,1242 1199,1227 1180,1242 991,1233"/>
                <Baseline points="997,1269 1023,1269 1049,1269 1075,1268 1101,1268 1128,1267 1154,1266 1180,1265 1206,1264 1233,1263 1259,1262 1285,1261 1311,1260 1337,1259 1364,1258 1390,1257 1416,1256 1442,1255 1469,1255"/>
                <TextEquiv>
                    <Unicode>salieron de su cuidado.</Unicode>
                </TextEquiv>
            </TextLine>
            <TextLine id="r_2_1l21" custom="readingOrder {index:20;}">
                <Coords points="1000,1327 1038,1339 1137,1313 1210,1327 1235,1314 1369,1322 1474,1308 1472,1267 1408,1260 1181,1289 1163,1276 1073,1275 1049,1292 999,1282"/>
                <Baseline points="1005,1320 1030,1319 1056,1318 1082,1317 1108,1316 1133,1315 1159,1314 1185,1313 1211,1312 1237,1310 1262,1309 1288,1309 1314,1308 1340,1307 1365,1306 1391,1305 1417,1305 1443,1304 1469,1303"/>
                <TextEquiv>
                    <Unicode>Quedó la triste señora</Unicode>
                </TextEquiv>
            </TextLine>
            <TextLine id="r_2_1l22" custom="readingOrder {index:21;}">
                <Coords points="1004,1376 1166,1382 1289,1364 1311,1379 1383,1356 1418,1371 1524,1360 1523,1322 1443,1311 1408,1326 1284,1315 1181,1335 1144,1321 1092,1343 1003,1337"/>
                <Baseline points="1009,1366 1034,1366 1060,1365 1085,1365 1111,1364 1136,1364 1162,1363 1187,1361 1213,1360 1238,1359 1264,1358 1289,1357 1315,1356 1340,1355 1366,1354 1391,1353 1417,1352 1442,1352 1468,1352 1493,1352 1519,1353"/>
                <TextEquiv>
                    <Unicode>sola afligída en el campo,</Unicode>
                </TextEquiv>
            </TextLine>
            <TextLine id="r_2_1l23" custom="readingOrder {index:22;}">
                <Coords points="1005,1432 1517,1409 1521,1366 1003,1390"/>
                <Baseline points="1009,1416 1034,1416 1059,1415 1085,1414 1110,1413 1136,1412 1161,1411 1186,1409 1212,1408 1237,1407 1263,1406 1288,1404 1313,1403 1339,1402 1364,1402 1390,1401 1415,1400 1440,1400 1466,1400 1491,1400 1517,1400"/>
                <TextEquiv>
                    <Unicode>preñada de nueve meses,</Unicode>
                </TextEquiv>
            </TextLine>
            <TextLine id="r_2_1l24" custom="readingOrder {index:23;}">
                <Coords points="1005,1484 1186,1461 1382,1474 1491,1453 1489,1412 1461,1410 1358,1428 1321,1411 1305,1425 1267,1416 1243,1432 1193,1417 1125,1432 1081,1421 1003,1438"/>
                <Baseline points="1009,1467 1034,1466 1059,1464 1084,1462 1109,1461 1134,1460 1159,1458 1184,1457 1209,1456 1234,1455 1259,1454 1284,1453 1309,1452 1334,1451 1359,1451 1384,1450 1409,1449 1434,1449 1459,1448 1485,1447"/>
                <TextEquiv>
                    <Unicode>y con dolores de parto.</Unicode>
                </TextEquiv>
            </TextLine>
            <TextLine id="r_2_1l25" custom="readingOrder {index:24;}">
                <Coords points="1010,1518 1206,1524 1295,1508 1386,1521 1522,1499 1520,1459 1482,1467 1466,1453 1374,1477 1288,1463 1255,1478 1224,1466 1009,1478"/>
                <Baseline points="1015,1511 1040,1511 1065,1510 1090,1509 1115,1508 1140,1508 1165,1507 1190,1506 1215,1505 1240,1504 1266,1503 1291,1502 1316,1501 1341,1500 1366,1499 1391,1498 1416,1498 1441,1497 1466,1496 1491,1496 1517,1495"/>
                <TextEquiv>
                    <Unicode>Entre confusas angustias</Unicode>
                </TextEquiv>
            </TextLine>
            <TextLine id="r_2_1l26" custom="readingOrder {index:25;}">
                <Coords points="1007,1580 1164,1555 1195,1569 1468,1559 1466,1507 1402,1523 1294,1508 1176,1529 1123,1516 1004,1524"/>
                <Baseline points="1011,1563 1036,1562 1061,1561 1086,1560 1111,1558 1136,1557 1161,1555 1186,1554 1211,1553 1237,1552 1262,1550 1287,1549 1312,1548 1337,1548 1362,1546 1387,1546 1412,1545 1437,1545 1463,1545"/>
                <TextEquiv>
                    <Unicode>y rigor tan inhumano,</Unicode>
                </TextEquiv>
            </TextLine>
            <TextLine id="r_2_1l27" custom="readingOrder {index:26;}">
                <Coords points="1015,1630 1043,1611 1556,1598 1554,1555 1491,1547 1356,1571 1013,1580"/>
                <Baseline points="1019,1609 1045,1608 1072,1607 1098,1606 1125,1605 1152,1604 1178,1603 1205,1601 1231,1600 1258,1599 1285,1598 1311,1597 1338,1596 1364,1594 1391,1594 1418,1593 1444,1592 1471,1592 1497,1591 1524,1591 1551,1591"/>
                <TextEquiv>
                    <Unicode>parió dos infantes tiernos,</Unicode>
                </TextEquiv>
            </TextLine>
            <TextLine id="r_2_1l28" custom="readingOrder {index:27;}">
                <Coords points="1018,1667 1609,1644 1608,1612 1543,1597 1017,1630"/>
                <Baseline points="1023,1655 1052,1655 1081,1654 1110,1653 1139,1653 1168,1652 1197,1650 1226,1649 1255,1648 1284,1647 1313,1646 1342,1644 1371,1643 1400,1642 1429,1640 1458,1639 1487,1639 1516,1638 1545,1637 1574,1636 1604,1636"/>
                <TextEquiv>
                    <Unicode>que al sol quitaban los rayos.</Unicode>
                </TextEquiv>
            </TextLine>
            <TextLine id="r_2_1l29" custom="readingOrder {index:28;}">
                <Coords points="1019,1712 1142,1719 1178,1705 1385,1695 1442,1705 1468,1698 1467,1654 1410,1668 1337,1652 1293,1666 1271,1653 1149,1676 1098,1664 1070,1678 1017,1665"/>
                <Baseline points="1023,1703 1048,1703 1074,1702 1100,1702 1126,1701 1152,1700 1178,1699 1204,1698 1230,1697 1255,1696 1281,1695 1307,1694 1333,1693 1359,1692 1385,1691 1411,1690 1437,1690 1463,1690"/>
                <TextEquiv>
                    <Unicode>Pasó por alli una osa,</Unicode>
                </TextEquiv>
            </TextLine>
            <TextLine id="r_2_1l30" custom="readingOrder {index:29;}">
                <Coords points="1018,1770 1120,1749 1243,1763 1303,1748 1382,1761 1404,1745 1507,1746 1505,1707 1452,1696 1416,1713 1342,1699 1261,1717 1163,1708 1016,1724"/>
                <Baseline points="1022,1754 1047,1753 1072,1752 1097,1751 1123,1750 1148,1748 1173,1747 1198,1747 1224,1746 1249,1744 1274,1743 1299,1742 1325,1742 1350,1740 1375,1740 1400,1738 1426,1737 1451,1736 1476,1735 1502,1734"/>
                <TextEquiv>
                    <Unicode>y un niño se ha llevado</Unicode>
                </TextEquiv>
            </TextLine>
            <TextLine id="r_2_1l31" custom="readingOrder {index:30;}">
                <Coords points="1015,1812 1200,1794 1261,1817 1341,1790 1515,1794 1505,1745 1485,1758 1423,1745 1379,1762 1143,1766 1122,1781 1042,1764 1014,1778"/>
                <Baseline points="1020,1800 1045,1799 1071,1799 1097,1799 1123,1798 1148,1798 1174,1796 1200,1795 1226,1795 1252,1793 1277,1792 1303,1791 1329,1789 1355,1789 1381,1787 1406,1786 1432,1785 1458,1784 1484,1783 1510,1782"/>
                <TextEquiv>
                    <Unicode>á su cueva; pero el otro</Unicode>
                </TextEquiv>
            </TextLine>
            <TextLine id="r_2_1l32" custom="readingOrder {index:31;}">
                <Coords points="1024,1854 1607,1843 1605,1791 1587,1786 1260,1817 1023,1813"/>
                <Baseline points="1029,1849 1057,1848 1086,1847 1114,1846 1143,1845 1172,1844 1200,1843 1229,1842 1257,1840 1286,1839 1315,1838 1343,1837 1372,1836 1400,1835 1429,1834 1458,1833 1486,1832 1515,1830 1543,1829 1572,1829 1601,1827"/>
                <TextEquiv>
                    <Unicode>lo tomó su madre en brazos.</Unicode>
                </TextEquiv>
            </TextLine>
            <TextLine id="r_2_1l33" custom="readingOrder {index:32;}">
                <Coords points="1029,1911 1222,1896 1301,1907 1397,1888 1487,1902 1546,1886 1544,1842 1293,1861 1267,1847 1127,1870 1026,1856"/>
                <Baseline points="1033,1896 1058,1896 1083,1895 1109,1895 1134,1894 1160,1893 1185,1892 1210,1892 1236,1891 1261,1889 1287,1888 1312,1887 1337,1886 1363,1885 1388,1883 1414,1882 1439,1881 1464,1880 1490,1879 1515,1878 1541,1877"/>
                <TextEquiv>
                    <Unicode>Toda mortal y sin fuerzas</Unicode>
                </TextEquiv>
            </TextLine>
            <TextLine id="r_2_1l34" custom="readingOrder {index:33;}">
                <Coords points="1019,1954 1122,1948 1139,1964 1430,1932 1523,1944 1571,1931 1570,1895 1457,1902 1438,1888 1161,1916 1107,1901 1017,1919"/>
                <Baseline points="1023,1947 1050,1946 1077,1945 1104,1944 1131,1943 1158,1942 1185,1941 1213,1939 1240,1938 1267,1937 1294,1935 1321,1935 1348,1933 1375,1932 1403,1931 1430,1930 1457,1929 1484,1929 1511,1928 1538,1927 1566,1926"/>
                <TextEquiv>
                    <Unicode>iba buscando en el campo</Unicode>
                </TextEquiv>
            </TextLine>
            <TextLine id="r_2_1l35" custom="readingOrder {index:34;}">
                <Coords points="1027,2008 1512,1987 1523,1949 1446,1939 1415,1956 1396,1941 1331,1955 1288,1940 1163,1967 1118,1949 1083,1966 1025,1957"/>
                <Baseline points="1031,1994 1056,1994 1082,1993 1108,1993 1133,1992 1159,1991 1185,1990 1210,1988 1236,1987 1262,1986 1287,1985 1313,1983 1339,1982 1364,1981 1390,1980 1416,1979 1441,1979 1467,1978 1493,1978 1519,1978"/>
                <TextEquiv>
                    <Unicode>donde cristíanar al niño,</Unicode>
                </TextEquiv>
            </TextLine>
            <TextLine id="r_2_1l36" custom="readingOrder {index:35;}">
                <Coords points="1031,2052 1579,2029 1579,1995 1444,1985 1333,2008 1276,1993 1029,2006"/>
                <Baseline points="1035,2042 1062,2041 1089,2041 1116,2040 1143,2039 1170,2038 1197,2037 1224,2036 1251,2034 1278,2033 1305,2032 1332,2031 1359,2029 1386,2028 1413,2027 1440,2026 1467,2025 1494,2024 1521,2023 1548,2022 1575,2022"/>
                <TextEquiv>
                    <Unicode>no muera sin ser cristiano.</Unicode>
                </TextEquiv>
            </TextLine>
            <TextLine id="r_2_1l37" custom="readingOrder {index:36;}">
                <Coords points="1038,2098 1198,2104 1352,2086 1379,2102 1415,2080 1503,2084 1501,2039 1478,2035 1329,2055 1294,2041 1036,2054"/>
                <Baseline points="1043,2089 1068,2089 1093,2089 1118,2088 1143,2087 1169,2086 1194,2086 1219,2085 1244,2083 1270,2082 1295,2081 1320,2079 1345,2079 1370,2077 1396,2076 1421,2075 1446,2074 1471,2074 1497,2073"/>
                <TextEquiv>
                    <Unicode>Vido bajar á un pastor</Unicode>
                </TextEquiv>
            </TextLine>
            <TextLine id="r_2_1l38" custom="readingOrder {index:37;}">
                <Coords points="1029,2148 1487,2141 1600,2125 1599,2099 1501,2080 1378,2102 1337,2087 1189,2105 1114,2093 1087,2114 1027,2104"/>
                <Baseline points="1033,2141 1061,2139 1089,2139 1117,2137 1145,2136 1173,2134 1201,2133 1229,2132 1257,2130 1285,2129 1314,2128 1342,2127 1370,2125 1398,2124 1426,2123 1454,2122 1482,2121 1510,2120 1538,2119 1566,2119 1595,2119"/>
                <TextEquiv>
                    <Unicode>desde una altura á lo llano,</Unicode>
                </TextEquiv>
            </TextLine>
            <TextLine id="r_2_1l39" custom="readingOrder {index:38;}">
                <Coords points="1039,2204 1415,2173 1634,2183 1632,2129 1178,2156 1153,2142 1037,2163"/>
                <Baseline points="1043,2189 1072,2187 1101,2186 1130,2185 1160,2183 1189,2182 1218,2181 1248,2179 1277,2178 1306,2176 1336,2175 1365,2174 1394,2173 1423,2172 1453,2170 1482,2169 1511,2168 1541,2167 1570,2167 1599,2166 1629,2165"/>
                <TextEquiv>
                    <Unicode>que al refresco de una fuente</Unicode>
                </TextEquiv>
            </TextLine>
            <TextLine id="r_2_1l40" custom="readingOrder {index:39;}">
                <Coords points="1038,2248 1549,2223 1547,2185 1493,2180 1417,2181 1398,2197 1259,2185 1239,2202 1201,2185 1153,2206 1113,2195 1037,2209"/>
                <Baseline points="1043,2236 1068,2235 1093,2234 1118,2233 1143,2232 1168,2231 1193,2230 1218,2229 1243,2228 1268,2227 1293,2225 1318,2224 1343,2223 1368,2222 1393,2221 1418,2220 1443,2220 1468,2219 1493,2219 1518,2219 1543,2219"/>
                <TextEquiv>
                    <Unicode>viene el tal encaminado,</Unicode>
                </TextEquiv>
            </TextLine>
            <TextLine id="r_2_1l41" custom="readingOrder {index:40;}">
                <Coords points="1051,2299 1671,2277 1668,2218 1581,2213 1357,2248 1049,2244"/>
                <Baseline points="1056,2286 1086,2284 1116,2282 1147,2280 1177,2279 1208,2278 1238,2276 1269,2275 1299,2274 1330,2272 1360,2271 1390,2270 1421,2269 1451,2268 1482,2267 1512,2265 1543,2264 1573,2263 1604,2262 1634,2261 1665,2259"/>
                <TextEquiv>
                    <Unicode>que el Cielo en tales conflictos</Unicode>
                </TextEquiv>
            </TextLine>
            <TextLine id="r_2_1l42" custom="readingOrder {index:41;}">
                <Coords points="1035,2348 1190,2335 1271,2358 1451,2326 1553,2346 1550,2280 1524,2276 1345,2295 1210,2285 1176,2301 1147,2288 1077,2310 1032,2291"/>
                <Baseline points="1039,2335 1064,2335 1089,2334 1115,2333 1140,2331 1166,2330 1191,2330 1216,2329 1242,2327 1267,2326 1293,2325 1318,2324 1343,2323 1369,2322 1394,2321 1420,2320 1445,2319 1470,2318 1496,2317 1521,2316 1547,2315"/>
                <TextEquiv>
                    <Unicode>á nadie ha desamparado.</Unicode>
                </TextEquiv>
            </TextLine>
            <TextEquiv>
                <Unicode>la inocencia del ama
rocuran dejar en salvo.
ijo el uno, yo, señora,
el que me está acompañando, 
somos leales y finos,
o homicidas ni inhumanos;
quedaos aquí, y el Cielo
que todo lo está mirando,
volverá por vuestra causa,
y se despiden llorando.
Dijo la señora: hijos,
ejecutad el mandato
de mi esposo, que no es justo
que os suceda algun quebranto.
Se fueron á un hospital,
donde una difunta hallando,
le sacan el corazon
para cumplir con su amo;
llevando tambien un dedo,
salieron de su cuidado.
Quedó la triste señora
sola afligída en el campo,
preñada de nueve meses,
y con dolores de parto.
Entre confusas angustias
y rigor tan inhumano,
parió dos infantes tiernos,
que al sol quitaban los rayos.
Pasó por alli una osa,
y un niño se ha llevado
á su cueva; pero el otro
lo tomó su madre en brazos.
Toda mortal y sin fuerzas
iba buscando en el campo
donde cristíanar al niño,
no muera sin ser cristiano.
Vido bajar á un pastor
desde una altura á lo llano,
que al refresco de una fuente
viene el tal encaminado,
que el Cielo en tales conflictos
á nadie ha desamparado.</Unicode>
            </TextEquiv>
        </TextRegion>
    </Page>
</PcGts>
