1737 2508
227 254 804 335 Llegó el pastor, pero viendo
229 310 690 376 suceso tan impensado
231 358 732 424 como la dama le cuenta,
226 409 765 477 quedó admirado del caso.
230 455 743 520 Y en la cristalina fuente
234 502 856 573 tomando el niño en los brazos,
237 548 744 622 y de la fuente el cristal,
236 597 818 661 con una concha en su mano
244 649 802 709 dijo: en el nombre de Dios
245 690 844 767 Padre, Hijo y Espíritu Santo,
246 749 678 809 te bautizo, Valentin,
248 784 931 856 que es el nombre que le ha dado.
252 845 738 910 Llevó á la triste señora
244 889 740 952 á su cabaña, y llegando
249 936 824 1010 se la entregaba á su esposa,
252 978 811 1063 para que con gran cuidado
1544 172 1588 256 5
945 222 1464 302 la asista, cuide y regale,
952 285 1546 354 que está muy débil del parto.
953 338 1416 404 Recogieron la señora,
956 381 1430 454 y á su hijo acariciando,
953 427 1527 500 dió en sus pechos alimento,
956 481 1545 547 dándole el pastor su amparo.
962 530 1445 590 En el segundo romance
950 576 1455 646 se prosigue este fracaso,
962 626 1495 682 donde allí vera el curioso
969 679 1408 745 este caso tan estraño
969 720 1450 788 que sucedió con el niño
973 767 1455 839 que la osa está criando,
971 812 1461 888 y como fue descubierto
973 861 1418 936 este testimonio falso,
971 907 1403 982 castigada la maldad,
982 953 1557 1039 y en lo cierto el desengaño.
764 1073 1157 1155 SEGUNDA PARTE.
311 1223 871 1300 Ya dice el primer romance
266 1275 795 1343 como quedó en la cabaña
266 1330 712 1398 recogida esta señora,
267 1371 672 1442 asistida y regalada
265 1420 805 1489 de los humildes pastores;
273 1464 778 1541 y volvamos á que estaba
273 1515 866 1576 con muy grande sentimiento
272 1560 822 1631 don Claudio de ver la falta
282 1616 737 1680 de su bella Margarita,
280 1654 848 1720 la cual, con ansias sobradas
281 1706 821 1776 se acordaba por instantes
281 1756 758 1826 del esposo de su alma,
284 1801 813 1875 y de aquel infante tierno
291 1850 830 1924 que nació de sus entrañas,
294 1901 740 1973 el que se llevó la osa
292 1953 788 2019 á la cueva, y la crianza
302 1992 885 2073 que tuvo fué entre animales,
302 2039 855 2112 entre bosques y montañas:
300 2089 815 2159 vestido andaba de pieles
299 2141 806 2219 de animales: y era tanta
302 2190 929 2249 su monstrusidad, que asombra
310 2232 799 2314 con lo feroz de su cara,
992 1189 1418 1277 pues una clava traia
990 1249 1635 1316 en sus hombros, que por armas
996 1304 1411 1369 de defensa le servia
989 1349 1595 1411 asombrando á cuantos pasan,
1001 1396 1619 1464 los que le ven se amedrantan,
996 1438 1488 1515 los pastores se recatan,
999 1484 1525 1563 pues enviéndole le dejan
1007 1534 1590 1606 solo el ganado que guardan.
1002 1588 1514 1660 Llegó á Paris la noticia,
1012 1631 1565 1709 y don Claudio se aprestaba
1011 1685 1461 1752 para salir á buscarle;
1010 1731 1480 1796 toma recados de caza,
1015 1778 1569 1844 y partió con los monteros,
1007 1825 1559 1895 llevándose en su compaña
1020 1875 1506 1942 criados y mayordomos,
1024 1919 1555 1993 y de esta suerte les habla:
1019 1969 1490 2037 voy á buscar esta fiera
1022 2015 1631 2080 que tanto asombra y espanta.
1029 2066 1609 2132 Dando ya vista á los montes
1028 2114 1562 2190 permitió Dios que llegára
1023 2161 1587 2241 á donde encontró al pastor
1034 2207 1569 2292 que el ganado apacentaba.
