1737 2508
1204 179 1439 276 (Núm. 94.)
263 261 1456 379 DON CLAUDIO Y DOÑA MARGARITA.
678 1270 1116 1385 ADMIRABLE
295 1380 1481 1477 Y CURIOSISIMA RELACION,
681 1469 1138 1581 EN LA QUE SE REFIERE
184 1553 1613 1664 un suceso muy estraordinario acaecido á estos nobles señores.
728 1703 1079 1791 PRIMERA PARTE.
243 1815 852 1880 Hoy, señores, hoy se alienta
197 1864 710 1940 mi discurso por un rato
202 1918 665 1982 á referir las mayores
209 1955 734 2037 penas, congojas, trabajos
204 2014 713 2081 de una principal señora,
200 2057 773 2124 la cual en un reino estraño
205 2105 733 2173 vino á vivir de tal suerte
205 2152 723 2223 que de su vida y estado
208 2199 732 2277 de padecer fué la causa,
917 1796 1426 1863 como lo iré declarando.
919 1846 1470 1910 Estaba, pues, en la córte,
929 1895 1466 1959 siendo grande de palacio,
926 1937 1553 2014 de Francia un gran caballero,
934 1987 1563 2057 cuyo nombre era don Claudio:
928 2037 1451 2100 rendido de la hermosura
928 2083 1536 2151 de estra señora, ha intentado
940 2139 1537 2205 para lograr su estrecho amor
929 2179 1500 2258 entrar en su mismo cuarto
