1765 2512
114 296 618 333 En la progenie de Adan
64 346 654 384 sola un privilegio adquieres,
67 397 601 432 pues cuantos son y serán
66 444 522 477 con asombro te dirán
66 491 576 528 siempre bendita Tú cres.
111 588 576 623 De la muger seducida
72 636 482 673 la libertadora eres;
65 685 632 720 del mismo Autor de la vida
72 734 602 769 serás Madre, y bendecida
71 783 584 819 entre todas las mugeres.
111 881 547 917 Darás libertad y paz
65 930 680 965 al mundo envuelto en el luto,
65 977 505 1013 de los cautivos solaz
70 1026 562 1062 hollarás la culpa audaz,
70 1076 631 1111 porque bendito es el Fruto.
114 1171 601 1207 Y sin perder el candor
74 1220 480 1256 al Niño darás á luz,
76 1269 534 1307 de la tierra Salvador,
78 1318 620 1355 pues fruto de tanto amor
79 1366 561 1403 es de tu vientre, Jesus.
119 1462 611 1499 La Esposa del Cordero,
82 1513 508 1549 con angélica alegria,
74 1560 469 1597 al saludo lisongero
80 1609 562 1645 del celeste mensagero,
84 1658 582 1693 te añade: Santa Maria.
123 1754 666 1790 Y por darte mayor gloria
74 1803 635 1843 incluye en tu Nombre dos,
75 1853 527 1895 y celebrando victoria
78 1904 620 1937 contra la herética escoria,
82 1951 642 1991 te aclama: Madre de Dios.
842 295 1377 333 Y por los tristes mortales
783 346 1310 383 á quienes la culpa ciega,
797 395 1400 432 te pide auxilio en sus males,
795 442 1316 479 y en tus aras maternales,
789 491 1303 527 rogando, te dice: ruega.
831 587 1353 624 Ruega Vírgen sin igual,
797 635 1421 675 por los que siembran errores,
795 684 1407 724 por los que esparcen el mal,
798 733 1272 771 ruega, Madre virginal,
791 782 1291 821 por nosotros, pecadores,
834 876 1354 915 No olvides, dulce María,
796 924 1276 962 de míseros protectora,
801 972 1371 1012 que el mundo se abismaría
797 1022 1323 1059 siervo á una turba impía,
787 1070 1241 1109 si no rogases ahora.
841 1164 1440 1204 Hay sobre todo un momento
805 1213 1408 1254 que es la muerte aterradora;
800 1262 1332 1302 hora de estremecimiento,
800 1311 1324 1351 hora del postrer aliento,
789 1358 1455 1401 ruega l oh Virgeni y en la hora.
843 1454 1369 1496 Entonces todo el averno
803 1506 1348 1545 se alzará contra mí fuerte,
809 1552 1363 1596 y me envestirá el infierno:
805 1600 1329 1644 y hora de destino eterno
795 1650 1341 1691 será la de nuestra muerte.
849 1747 1415 1785 Habed, pues de mí piedad,
812 1797 1422 1837 Madre del que murió en cruz,
814 1845 1312 1884 el Dios de la magestad,
805 1894 1405 1938 por vuestro ruego y bondad
807 1943 1357 1984 me perdone. Amen Jesus.
