1676 2436
247 252 864 288 Contra este mundo luchando,
214 300 736 338 y nuestra carne y Luzbel,
212 349 696 386 como el cautívo Israel,
213 396 812 432 nos ves gimiendo y llorando.
259 445 893 481 Pues causa angustia y espanto
219 493 747 531 ver la miseria y los males
217 543 770 578 que agovian á los mortales
220 592 684 626 en este valle de llanto.
256 640 641 675 A la raza pecadora
216 688 780 724 que el mismo Dios redimió,
213 736 688 772 por Madre á Tí te dejó:
215 786 690 821 ea, selo, pues, Señora.
268 833 729 869 Huya la culpa siniestra
223 881 734 919 que en Tí no pudo tocar,
212 930 627 966 y podamos alcanzar
213 979 674 1014 seas Abogada nuestra.
259 1027 845 1062 Nuestros votos no son otros
219 1076 718 1112 que el ser amados de Tí,
213 1124 580 1161 y para que sea asi
219 1173 758 1209 tu vista vuelve á nosotros.
259 1220 788 1257 En las espinas y abrojos
220 1270 816 1307 que por doquier nos rodean,
219 1318 688 1355 tus miseros hijos vean
214 1368 687 1406 propicios esos tus ojos.
258 1417 818 1452 Pues los hace tan hermosos
214 1465 752 1500 el sol que refleja en ellos,
219 1511 799 1548 que lucen cuanto mas bellos
213 1561 626 1597 tan misericordiosos.
264 1609 819 1646 Mientras en frágil encierro
215 1658 709 1694 nuestra vida es viadora,
211 1706 702 1743 ampáranos, ¡oh Señora!
217 1755 781 1794 y despues de este destierro.
258 1803 706 1840 El rescate de la Cruz
211 1852 739 1891 nos dé la eterna ventura;
211 1901 719 1939 lógranosla, Virgen pura,
221 1949 675 1991 y muéstranos á Jesus.
260 1997 718 2034 Por su mérito infinito
213 2048 691 2086 consiga tu intercesion;
933 252 1357 287 sea nuestro galardon
933 300 1372 335 ese tu Fruto bendito.
983 348 1502 383 Bendita, los siglos, entre
933 397 1375 432 las mugeres te dirán,
943 443 1377 479 y todas te ensalzarán
942 493 1488 529 por el Fruto de tu vientre,
988 541 1552 580 El que por Reina te aclama
937 589 1474 630 y por gracia Omnipotente,
936 639 1402 674 al verse tan indigente,
941 686 1495 725 ¡oh clementisima! esclama.
985 732 1472 773 Y al verte tan amorosa,
943 783 1481 820 ¡oh Madre del bello amor!
936 831 1404 867 en su profundo clamor
941 880 1563 915 te invoca siempre ¡oh piadosa!
995 928 1572 968 Oh dulce! cual la ambrosía,
944 977 1444 1015 si eres para Dios placer,
949 1026 1503 1065 ¡cuán grata nos has de ser,
941 1074 1416 1110 oh dulce Virgen Maria!
981 1122 1508 1159 Tú, que delante de Dios
939 1170 1490 1206 eres Hija, Esposa y Madre
940 1219 1517 1257 al Esposo, al Hijo, al Padre,
939 1269 1401 1305 Maria, ruega por, nos.
996 1316 1569 1353 Si ya en la Cruz fuiste á nos
944 1365 1452 1402 por Madre recomendada,
942 1414 1494 1452 eres nuestra Madre amada,
949 1463 1469 1499 ¡oh santa Madre de Dios!
993 1511 1493 1547 Y si las culpas indignos
947 1560 1505 1596 nos hacen de ese tu amor,
942 1610 1468 1647 danos, ¡oh Madre! dolor,
940 1657 1450 1694 para que seamos dignos.
992 1706 1424 1741 No vivamos sin amar
943 1754 1454 1791 tu incomparable pureza,
945 1803 1448 1840 pues por Tí tanta fineza
941 1852 1442 1887 nos es fácil de alcanzar,
983 1900 1500 1936 No, Madre, ya no resisto
947 1949 1500 1985 de ese tu amor la eficacia:
939 1998 1483 2033 lógrame de Dios la gracia
945 2047 1503 2085 por las promesas de Cristo.
725 2151 1122 2189 CARMONA:—1855.
348 2203 1495 2242 Imprenta de D. José María Moreno, Descalzas núm. 1.
