1737 2508
519 173 1277 226 SEGUNDA PARTE,
651 315 1150 362 DEL TESTAMENTO
298 497 1544 560 DE D. JUAN DE AUSTRIA.
261 806 827 843 Viendo ya el gran Zelador,
216 857 876 893 que á su mal no hallan remedio
220 904 653 943 trató de pulir la joya,
214 953 768 990 para que luzca en el Cielo.
220 1000 712 1039 Incorporado en la cama,
219 1049 660 1086 á todas partes atento,
216 1098 686 1133 miró los que toleraban
218 1146 738 1183 de su enfermedad el peso
223 1194 718 1231 vió á muchos, y algunos grandes
227 1243 900 1280 que en sus rostro se está viendo
232 1291 697 1327 el sentimiento, y dolor
231 1339 712 1378 de verle ya casi muerto,
230 1387 651 1425 dijole á su Confesor:
233 1437 758 1474 O que postrado me siento!
234 1484 712 1522 Y ya tan lleno de llagas,
235 1534 792 1570 que un San Lázaro parezco:
233 1582 664 1619 sea por amor de Dios,
243 1631 811 1668 que yo mucho mas merezco
236 1679 692 1716 mejor era Jod, que yó,
230 1728 797 1765 y en un muladar fue puesto.
235 1775 673 1813 No podré yo encarcer
233 1825 785 1861 el gran consuelo que tengo
241 1873 774 1911 de ver que fuiste mi Page,
238 1921 818 1959 y hoy me sirvais de Maestro.
241 1969 741 2009 No lloreis amado Padre,
242 2019 763 2057 porque me aflijo de veros
241 2066 733 2105 y en lance tan apretado
243 2116 760 2154 he menester el consuelo;
247 2165 776 2202 las materias del despacho
245 2213 776 2254 ya sabeis que son de peso
943 785 1500 839 y que solamente un Angel
950 834 1487 887 puede acertar el Gobierno.
946 883 1522 936 A quien voy á dar la cuenta
951 931 1623 982 sabe, que no hubo en mi pecho.
948 978 1584 1032 mas de un zelo, claro y limpio
954 1030 1523 1079 de servir á Dios, y al Reino,
950 1077 1416 1129 y si en alguna ocasion
956 1127 1491 1177 os hablé Padre, con ceño,
962 1176 1492 1224 por amor de Dios os pido,
960 1225 1469 1273 me perdoneis este yerro.
957 1274 1485 1320 Dadme una mano á besar,
960 1322 1477 1368 y un abrazo por recuerdo
962 1370 1527 1418 de que siempre me tendreis
960 1418 1542 1465 en vuestra memoria impreso.
962 1467 1623 1515 Gran Nuncio de España á Dios,
956 1515 1584 1563 mirad, que os suplíco, y ruego
962 1564 1539 1611 que me echeis la bendicion,
966 1614 1533 1660 que toca al Pastor Supremo,
969 1664 1451 1708 y le direis de mi parte,
968 1713 1481 1757 en vuestro primer pliego,
962 1760 1421 1806 que beso su sacro pie,
965 1807 1509 1855 como á teniente del Cielo.
964 1859 1549 1903 Grande Cardenal de España,
970 1908 1389 1951 Arzobispo de Toledo,
964 1955 1560 2001 Portocarrero, que el nombre
973 2005 1447 2048 causa cariño y respeto,
970 2054 1476 2099 por vuestra fija amistad,
967 2102 1457 2150 y el afecto verdadero,
976 2151 1652 2196 que siempre os tuve os suplico,
974 2198 1518 2246 mireis por mi Rey y dueño
