1737 2508
260 241 869 279 con las continuas Audiencias
263 289 834 326 y los muchos descontentos,
256 338 850 376 á quien siguen maldiciones,
259 387 802 423 que nunca temí, confieso,
263 435 830 474 porque si yó en algo erré
267 483 882 522 fue error de buen celo lleno:
271 532 813 573 Ya es hora de despachar,
268 580 793 621 acudid á vuestro empleo,
265 629 842 669 y asistid mucho á mi Rey,
269 677 840 718 como yo de vos lo espero
272 727 706 768 Portocarrero el leal,
268 775 907 814 que siempre fuisteis siguiendo
268 823 798 863 las mismas calamidades,
271 873 776 912 y trabajos de mi dueño:
272 920 780 960 Solo te pido y encargo,
273 969 854 1011 mires por tus compañeros,
273 1016 884 1060 que á mi Señor y á mi Rey,
274 1066 830 1107 le he suplicado lo mesmo,
269 1116 807 1156 y me ha dado la palabra
278 1164 872 1203 con gran cariño de hacerlo,
272 1210 775 1251 sin reservar á ninguno,
273 1257 946 1300 desde el grande hasta el pequeño.
273 1306 774 1346 Ya le dejo á cada uno
277 1355 845 1399 de mi parte lo que puedo,
275 1404 808 1447 porque los bieñes raices,
279 1451 852 1494 han de volver á su centro:
277 1502 884 1542 que me encomienden á Dios,
281 1548 892 1590 rezándome un Padre nuestro
281 1598 754 1640 cuando tuvieren lugar,
286 1648 874 1690 que para todo habrá tiempo,
284 1697 794 1736 y que perdonen la poca
288 1744 854 1784 caridad, que usé con ellos
287 1793 872 1832 que sabe Dios que quisiera
292 1842 898 1881 que quedaran muy contentos,
288 1889 898 1929 y que todos me acompañen
285 1936 801 1981 hasta dejar este cuerpo,
284 1986 735 2027 depósito de gusanos,
281 2034 857 2075 enterrado en San Lorenzo.
287 2083 812 2121 A Don Fernando Carrillo
288 2132 940 2172 le escribirás, que soy muerto,
283 2179 930 2221 porque me encomiende á Dios,
289 2228 871 2269 que sé lo hará como bueno,
279 2277 894 2318 siempre lo amé con verdad
1521 171 1567 225 7
995 240 1552 276 por su valor y su esfuerzo,
991 288 1509 323 y porque por mi defensa
994 336 1638 372 perdió un ojo en un reencuentre
992 384 1527 421 Es Marqués de Villa Fiel,
996 432 1576 471 porque siendo fiel y atento,
996 480 1560 519 sirvió á Dios, al Rey y á mí,
992 530 1452 565 con desinterés y zelo.
994 579 1479 613 A las Señoras Descalzas
989 625 1578 664 darás asi que haya muerto,
998 674 1480 710 el Cofrecillo de concha,
995 723 1599 759 que quité á Aliatar soberbio:
995 772 1538 807 cuando (si tienes memoria)
996 820 1634 857 me metí en tan grande empeño,
998 869 1528 905 que á no valerme el valor,
993 917 1452 955 me llevára prisionero.
995 965 1372 1003 Darás la Tapicería,
1004 1013 1560 1052 que contiene el Nacimiento
1006 1062 1572 1103 de mi Señor Cárlos Quinto,
1002 1111 1574 1151 á quien Dios tiene el Cielo,
1007 1159 1623 1197 pues sabed la gané en Flandes
1000 1206 1606 1248 de veinte y dos años siendo,
1003 1256 1522 1296 si fue dádiva de España,
1000 1304 1616 1344 yo la cobré á sangre y fuego.
1003 1354 1566 1391 Tambien te pido y encargo,
1003 1402 1607 1439 que á cuantos Santos vinieron
1005 1451 1530 1491 para interceder con Dios,
1009 1500 1508 1539 les hagas algun cortejo.
1003 1548 1490 1587 Darás algunas limosnas
1003 1597 1518 1636 á Iglesias y monasterios,
1008 1646 1592 1688 que sirvan de bien al alma,
1010 1694 1604 1738 ya que no pueden al cuerpo,
1014 1742 1512 1781 á Sor Juana de la Cruz
1010 1792 1504 1832 harás dár aquel dinero,
1016 1840 1588 1881 que queda para el Retablo,
1011 1889 1566 1929 que sé que el Rey gusta de
1595 1894 1669 1932 elloa
1008 1939 1516 1978 y las Santas Religiosas,
1016 1987 1632 2025 que perdonen, que mi afecto
1015 2036 1445 2072 deseaba remediarlas:
1007 2084 1602 2121 llámame Dios, ya no puedo.
1012 2133 1576 2169 A Dios Grandes de Castilla
1019 2181 1562 2218 á Dios Ciudades y Reinos
1009 2228 1531 2268 á quien estima mi amor
1017 2280 1586 2318 con un muy cordial afecto.
