1765 2512
223 213 266 263 8
130 267 751 318 No puedo á todos nombraros,
143 316 699 368 porque me falta el aliento,
139 364 689 417 y viendo viene el letargo
146 412 716 461 cerca de mi triste cuerpo:
147 460 735 512 ya me ha comenzado el frio,
147 507 737 558 que pienso será el postrero.
150 554 769 605 Ruego á todos me perdonen
147 605 703 654 con cristiano y santo celo,
154 654 725 703 y á la Virgen del Sagrario,
159 703 659 750 de Guadalupe y Loreto,
151 749 781 800 del Buen-Suceso y la Aurora,
155 798 719 848 de Monserrate y Consuelo.
156 852 578 899 A la de la Soledad,
151 894 731 945 Almudema y los Remedios,
161 942 773 996 con la gran Reina de Atocha
157 990 755 1051 que es del Patronato Régio
863 248 1433 297 pido, que sean mi amparo,
861 297 1411 342 mi refugio y mi consuelo,
861 343 1373 394 para que despache bien
874 391 1379 439 en el Tribunal Supremo.
865 440 1465 486 De MARIA el Dulce Nombre
874 489 1375 535 es mañana y segun veo
873 535 1395 582 á las doce horas del dia
874 585 1439 631 estaré yo en juicio puesto.
882 633 1299 679 Y á la hora señalada
884 681 1530 728 le dió el letargo postrero
881 729 1491 776 con que invocando á JESUS,
880 778 1552 825 se fue el alma, quedó el cuerpo:
879 827 1423 872 el cual con Real aparato
879 875 1465 920 fué llevado á San Lorenzo,
883 923 1527 971 quedando tristes, los Grandes,
887 970 1449 1026 y llorando todo el Pueblo.
817 1549 958 1645 FIN.
719 2234 1095 2283 CARMONA:—1855.
317 2270 1497 2345 Imprenta de D. José María Moreno, Descalzas, núm. 1.
