1737 2508
145 183 759 225 Cómo se halla vuestra Alteza?
151 231 648 271 Y el enfermo respondió:
145 280 708 322 Esto es morir sin remedio,
144 328 645 369 sin que tenga apelacion:
150 376 586 418 mas morir para vivir,
146 424 612 466 no le llamo morir, no,
151 474 654 517 que esta transitoria vida,
148 522 628 561 es una sombra ó vision
147 570 712 614 para la eterna, que espero,
152 618 610 657 la que confio de Dios.
157 665 827 707 Volvió el rostro á un Sto. Cristo
152 715 601 755 y dijo: gran Redentor
146 765 669 805 por esa muerte de Cruz:
152 815 652 854 y por el mar de Pasion,
147 862 595 901 que por los hombres pasásteis,
148 911 626 951 para darles Redencion,
152 959 689 997 pido le deis á Don Cárlos
149 1006 587 1045 el fruto de bendicion
148 1054 624 1096 en su Real Monarquía,
140 1103 566 1144 como reluciente sol,
139 1155 648 1190 y le libreis de traidores,
141 1201 658 1238 y le deis buen galardon
148 1248 625 1285 en aqueste casamiento
151 1296 669 1335 vaya de bueno á mejor.
140 1344 752 1389 Hermano, lo que os suplico,
145 1393 712 1436 que escucheis con atencion,
136 1443 750 1486 y mireis por yuestra España,
146 1489 720 1534 que es el Escudo, y blason,
138 1538 626 1579 y láuros de la Corona,
145 1585 720 1630 que vuestro padre os dejó,
149 1636 572 1676 y la Militante Iglesia.
145 1686 720 1725 que os corra de obligacion:
147 1733 614 1772 volved por la Santa Fé
141 1780 513 1823 vigilante velador,
141 1830 668 1870 defendiendo el Evangelio
144 1878 584 1918 como de la Fé Farol.
136 1926 686 1968 Hermano, si yo os tubiera
135 1977 577 2017 por consejero mayor,
144 2024 716 2067 seis años siquiera ó menos.
143 2072 668 2114 yo os dijera quien soy yo.
142 2120 653 2161 Y si no, digalo el Orbe,
139 2171 757 2211 que al oir mi nombre tembló,
136 2219 812 2260 mercedes que me hizo el Cielo,
1421 142 1461 180 3
875 192 1318 231 no mereciéndolas yo.
878 240 1332 282 Nápoles tiembla de mí,
878 288 1288 328 Medina de mi furor
878 336 1355 379 Africa de mis Vanderas,
878 384 1278 425 Ungría de mi rigor,
874 431 1404 477 de mis Clarines Holanda,
876 480 1376 525 y Francia de mi Baston,
880 529 1380 573 de mi Espada Portugal;
877 577 1350 620 pero sabiendo, que yo,
876 626 1446 669 de Principe vuelto en polvo,
883 674 1309 715 ya respira sin temor.
875 723 1468 764 Tráiganme acá un Secretario
872 771 1308 813 sin ninguna dilacion,
873 820 1488 863 que hacer quiero Testamento,
872 869 1327 907 y disponga luego Dios
880 916 1396 958 lo que su voluntad fuere,
878 966 1499 1007 que siempre aguardando e stoy
879 1015 1316 1052 aquel lance temeroso
883 1062 1375 1101 de la muerte y su rigor.
875 1109 1534 1155 El Rey, que atento escuchaba,
880 1158 1267 1199 enternecido quedó,
880 1208 1477 1248 y en lo interior de su pecho
872 1254 1292 1294 á los ojos les prestó
870 1303 1303 1345 aljofar y perlas finas,
877 1353 1376 1394 que las alfombras regó.
876 1400 1400 1442 Tomó el Oficial la pluma,
878 1448 1357 1489 hizo la Cruz, y empezó:
880 1496 1498 1542 En el nombre de Dios Padre,
870 1542 1299 1587 Criador, y Salvador,
876 1594 1422 1634 comienzo mi Testamento.
869 1643 1487 1686 pongo en el primer renglon,
872 1695 1510 1733 y digo yo don Juan de Austria
865 1740 1325 1781 sobrino del que pasó,
869 1791 1364 1828 primeramente le mando
865 1838 1430 1878 el alma á quien me la dió,
872 1886 1434 1928 el cuerpo mando á la tierra,
877 1935 1496 1978 pues que de ella se engendró,
880 1984 1367 2023 como remanente de ella,
878 2032 1448 2074 vuelva á entrar donde salió.
876 2082 1416 2122 Cuarenta mil Misas mando
870 2131 1444 2172 por mi alma y mi intencion,
864 2181 1464 2221 y antes de cuerpo presente,
860 2228 1368 2268 me diran de Concepcion
