1765 2512
268 180 288 213 4
168 221 735 265 diez y ocho por mi alivio,
167 268 785 317 y de Requiem treinta y dos.
166 317 745 363 Antes de mi enterramiento
168 370 649 409 me saquen el corazon,
163 418 671 464 y á Zaragoza lo lleven,
171 465 717 508 y en el Pilar ó Escálon,
176 514 728 554 á las plantas de la Virgen
176 563 603 603 alli le den posesión.
174 612 738 651 Y lo interior de mi cuerpo
174 660 663 699 lleven á San Salvador,
177 710 681 751 y le den su alojamiento
176 758 611 794 de toda satisfaccion,
183 805 679 849 y mi Cuerpo al Escorial
186 852 701 893 á las Urnas, que va soy
187 904 698 941 descanso de mis fatigas,
242 952 608 989 y de Reyes Pateon.
190 998 853 1036 Cuatro millones, que se hallan.
194 1049 731 1087 que tengo de caudal vo,
192 1095 767 1135 de esos le mando una jova,
189 1145 784 1183 de precio tenga un millon,
184 1193 673 1231 á mi Señora la Reyna,
186 1239 815 1281 muger del que me engendró.
200 1291 736 1327 Y otra joya muy costosa
197 1338 719 1374 de mucho precio y valór
198 1384 810 1425 mando le dén á mi hermana
195 1430 851 1474 la Reyna á quien guarde Dios
199 1483 829 1522 en compañia de mi hermano.
196 1533 703 1571 en Matrimonio y union.
198 1582 676 1621 A la poderosa Virgen,
202 1630 622 1667 de Zaragoza blason,
203 1678 778 1716 seis mil ducados en plata,
211 1726 741 1764 diez mil á San Salvador,
207 1774 797 1813 cuatro mil á la de Atocha,
216 1822 745 1861 que son de mi devocion.
210 1872 763 1911 Su llustrisima en Sevilla,
207 1919 745 1958 con dos letras me pidió
211 1967 797 2008 ciento y sesenta mil pesos:
207 2016 767 2057 se los presté y los gasto
213 2063 849 2106 en pan con pobres mendigos:
215 2115 739 2154 no los pido, porque son
215 2164 720 2201 escalones para el Cielo,
205 2212 819 2257 y en la tierra paz y union.
209 2261 777 2300 Al de Toledo otros tantos
885 203 1375 249 presté, y en esta sazon
896 252 1443 299 no pidan á nadie cuenta,
895 297 1460 349 porque á pobres se los dió
899 347 1447 397 y lo demás que quedáren
899 399 1367 444 hecha ya la particion
896 446 1367 491 por legítimo heredero
906 494 1465 541 dejo á mi hermano menor,
897 542 1427 588 de San Júan el Priorato,
905 595 1335 638 de Malta la Religion,
906 639 1525 687 con cincuenta y seis lugares,
903 689 1411 736 que de mi dominio son.
910 737 1439 783 Digo á todos los oyentes,
912 785 1453 833 que ahora presentes son,
916 834 1483 882 si les ofendi algun tiempo,
907 883 1353 928 á todos pido perdon.
911 932 1431 978 Tenga silencio la pluma,
918 978 1500 1027 tráigame la Estrema-Uncion
915 1027 1543 1076 que estoy mirando el cuchillo,
912 1075 1409 1125 que mi cuello amenazó.
911 1124 1443 1171 Recibió la Uncion divina,
915 1169 1500 1220 con un Santo Cristo habló:
921 1220 1409 1268 Misericordia Dios mio,
915 1269 1445 1320 porque ya acaba mi voz,
919 1316 1431 1367 y tengo fletado el barco
921 1369 1349 1416 para mi navegacion;
923 1415 1449 1461 y Vos, poderosa Virgen,
923 1462 1419 1509 escogida en perfeccion,
929 1511 1445 1558 MARIA llena de gracia,
929 1558 1459 1605 Madre del Verbo Criador,
929 1607 1429 1654 á vuestra pura limpieza
927 1655 1403 1703 hoy apela un pecador
935 1698 1610 1752 que entre en vuestro Rogatorio
935 1755 1351 1800 sirviendo de Relator
937 1799 1451 1850 para que mi pleito vaya
939 1849 1501 1898 siempre de bueno á mejor.
941 1899 1445 1945 Con esto cerró los ojos,
936 1948 1369 1995 falto de respiracion.
938 1999 1442 2043 Lágrimas de Zaragoza,
942 2048 1403 2092 Rogativas de Aragon,
933 2092 1515 2145 perdon le promete España,
941 2141 1493 2191 y el gran Reyno de Leon,
936 2188 1591 2237 Dios le haya dado en su Gloria,
943 2244 1369 2287 un eterno galardon.
