1765 2512
239 140 285 194 6
154 210 820 246 que es muy grande compasion,
156 258 729 295 ver que queda jóven tierno,
146 309 690 345 y tan lleno de cuidados,
156 355 706 392 todos de tan grande peso.
157 404 657 440 El Priorato os encargó,
161 452 701 489 porque me crié con ellos,
155 502 679 542 y les tengo tierno amor
157 550 575 586 y particular afecto:
163 598 752 636 Perdonadme, amante amigo,
170 646 682 684 si acaso he sido molesto,
164 695 786 732 aunque algo se ha de suplir
165 744 767 782 al que se parte á otro reino.
164 792 638 830 Patriarca de las Indias,
159 841 702 879 á mi Rey os encomiendo,
167 891 725 927 pues os toca mucho á Vos
166 939 681 977 el darle santos consejos.
169 987 568 1023 Inquisidor General,
177 1035 694 1072 Valladares siempre recto,
174 1085 687 1121 que el tribunal de la Fé
165 1135 761 1171 gobernais con tanto acierto,
177 1184 705 1219 quedaos en paz y mirad,
172 1231 822 1267 que os encargo mucho y ruego,
168 1279 778 1315 que me encomendeis á Dios,
167 1328 797 1364 y cuideis de aquestos Reinos.
176 1376 664 1413 Gobernador de Castilla,
171 1425 732 1461 mirad, que con santo zelo
172 1473 744 1509 me consoleis á los pobres,
179 1521 795 1558 que son la porcion del Cielo.
183 1570 733 1606 Guardareis justica á todos
180 1618 674 1655 distributiva, y con peso
181 1667 683 1704 por ser basa la justicia,
184 1716 780 1752 que asegura firme el Reino.
174 1764 712 1800 Duque de Alba generoso
181 1813 812 1849 Columna de aquestos Reinos,
183 1862 603 1899 espejo de la verdad,
177 1912 698 1949 y de la lealtad ejemplo:
184 1961 750 1994 Solo os encargo á mi Rey,
186 2007 775 2046 que con el cuidado vuestro
188 2057 608 2093 será su Reino feliz,
187 2104 695 2144 y temblará el Agareno:
187 2154 816 2191 Atended mucho á los pobres,
191 2202 809 2240 mirad buen Duque por ellos,
190 2252 872 2289 porque me dareis un gran gusto,
884 203 1481 241 yá que yo no puedo hacerlo.
880 253 1422 290 Encomendadme al Señor,
884 301 1474 339 que yo os ofrezco lo mesmo,
883 349 1445 387 pues sufragios y oraciones
879 397 1421 436 son escalas para el Cielo:
887 444 1501 484 á Dios, que estareis cansados
884 494 1485 532 de llevar las noche en peso:
887 541 1347 581 estimo vuestro cariño
885 588 1560 630 que en vuestra edad pasa á exceso
887 639 1457 679 si al salir os preguntaren,
894 687 1494 727 que como queda el enfermo,
895 736 1481 776 les direis, que estoy mejor,
893 784 1499 825 pues es mejor para el Cielo.
895 833 1465 872 Duque de Sesa mi amigo,
897 882 1514 924 ya se ha llegado aquel tiempo
895 930 1389 970 de saber de los amigos
891 976 1475 1019 la verdad, ó el fingimiento.
900 1026 1539 1068 Muy bien sé que siempre fuiste
893 1076 1377 1118 fiel y leal á mi afecto.
891 1123 1465 1165 Dios os dé muy larga vida
897 1171 1445 1213 con felicidad y aumentos.
897 1222 1446 1262 Y por último os encargo,
905 1268 1573 1311 que despues que yo sea muerto,
897 1317 1311 1358 visiteis y consoleis
899 1365 1465 1408 á mi Rey y amado dueño,
900 1414 1474 1456 que no tome pesadumbre,
901 1464 1457 1507 y que prosigan los fuegos,
901 1512 1441 1554 pues es primero mi Rey,
905 1559 1495 1602 y un vasallo importa menos.
899 1608 1475 1650 Prosigan tambien las galas,
903 1657 1415 1701 máscaras y lucimientos;
911 1705 1493 1748 las campanas no se toquen,
907 1753 1523 1797 aunqne sepan que yo muero.
913 1802 1419 1845 Don Gerónimo de Eguia
915 1851 1447 1893 cansado estareis, lo creo,
907 1897 1493 1941 de haber sufrido tres años
913 1945 1587 1990 á un hombre que es tan molesto:
916 1999 1405 2039 Ofrecedlo en sacrificio,
915 2045 1521 2090 que juzgo, que será acepto,
913 2094 1535 2137 que al que ejerce tal oficio,
921 2144 1491 2187 muy gran lástima le tengo,
919 2189 1589 2236 porque ha de entender con tantos
913 2240 1507 2285 y en negocios tan diversos,
