1737 2508
295 265 939 320 Se marchan con gran contento
283 322 772 377 donde tienen el pajar,
287 379 795 432 á buscar su dormitorio
284 436 868 492 don de habrán de descansar.
281 497 914 549 Luego ya que son llegados
284 551 799 607 hacen la cama á patás,
276 604 914 666 y en un gran hoyo se encierran
277 666 747 719 por librarse de la helá.
273 723 761 779 Se tapan con su capote
280 782 730 838 ó manta, lo mismo dá,
265 841 779 896 y unos á otros principian
271 901 850 954 de aquesta manera à hablar.
266 960 830 1012 Ay quien pillára á mi novia
267 1017 698 1071 en este mismo pajar,
261 1077 823 1131 por las llaves de san Pedro
261 1135 775 1189 que se habia de acordar.
259 1189 744 1246 Rebendecia, hermosota,
256 1248 732 1302 no te quiero decir mas,
253 1306 781 1360 porque estoy mas caldeao
255 1365 939 1417 que un horno que cuese pan.
249 1421 803 1477 Hay otro tal que le escucha
251 1478 789 1535 y al punto le suele hechar
245 1536 798 1594 un pedo que lo espampana,
239 1590 669 1649 y le dice: so animal,
241 1653 712 1706 para ti y para tu novia
239 1707 749 1765 y quien le dió de mamar.
240 1769 768 1823 La mia si que es hermosa;
235 1827 717 1880 no lo puedo yo esplicar,
243 1885 685 1935 con cada pantorrillaza
231 1942 839 1995 que á un hombre puede tapar,
235 1999 823 2055 Por Dios que estoy deseando
235 2057 720 2108 que se me pueda lograr
224 2115 666 2166 cojer uvas en su viña
223 2171 814 2230 aunque me pille el guardian.
217 2230 723 2282 En estas conversaciones
225 2288 729 2344 que concluyo de esplicar
224 2348 626 2398 se le pasa su ratico
1024 276 1542 330 de una hora ó algo mas.
1023 334 1581 387 En fin se quedan vencidos
1020 393 1437 442 de su sueño natural
1017 450 1524 504 y como estan cansaditos
1022 508 1482 561 no despiertan para ná.
1021 565 1512 620 Luego ya de madrugada
1017 624 1583 680 cuando en sus glorias están
1011 682 1395 729 asoma el aperador
1014 741 1450 792 con la voz desentoná
1007 794 1478 850 y les hecha un alabado
1001 855 1534 910 mas grande que un cirial.
1004 914 1425 964 Arriba señores mios
995 969 1461 1022 que ya es la hora llegá
995 1029 1599 1084 que comamos nuestras migas
995 1090 1474 1138 calientes y bien tostás.
987 1144 1513 1199 Se levantan bien depriesa
993 1209 1406 1252 y á la cocina se van,
993 1261 1437 1311 y se acaban de vestir
992 1318 1446 1370 aquel que descalzo vá.
991 1377 1454 1429 Ahora vamos á la paga
979 1434 1580 1491 que de todo se ha de hablar,
977 1493 1434 1545 la parte mas lastimosa
978 1552 1430 1604 quedaba por declarar.
979 1608 1430 1664 Un real es su propina
971 1667 1526 1724 ó diez cuartos cuando mas,
968 1726 1592 1784 de modo que un hombre tiene
972 1784 1407 1837 largamente que tirar.
963 1841 1482 1898 Dos cuartos para cigarros
965 1901 1453 1955 y en papel lo ha de liar
965 1957 1417 2012 y lo restante le queda
971 2020 1374 2068 para vestir y calzar.
958 2076 1484 2130 Esto hablo con los mozos
963 2132 1417 2186 que los casados están
954 2191 1387 2244 un puntico algo peor
961 2249 1444 2306 como ustedes lo sabrán.
947 2307 1464 2363 Los hijos encueros vivos
952 2366 1452 2423 no los pueden sustentar,
