1765 2512
176 222 632 273 cada uno por su lado
176 280 666 333 con voces desentonás.
179 340 768 394 Y despues de haher bebido
175 399 730 451 su cigarro han de fumar,
178 461 836 510 y antes de haberlo encendido
176 519 674 564 ya los mandan retirar.
179 575 701 622 Y ellos ponen un jestillo
174 634 710 681 y un guiño suelen hechar
172 690 751 737 lo mesmito que las zorras
172 748 776 797 cuan estan mascando agraz.
168 806 614 851 Y dicen por vida de
167 865 673 911 la porrilla de san Blas
168 920 827 973 que ni aun siquiera nos dejan
169 979 672 1030 darle gusto al paladar.
154 1038 699 1087 Mejor hicieran las migas
160 1096 640 1146 con su aceite regular,
156 1156 680 1201 pero lo gasta el casero
160 1212 638 1258 en hacer buenas fritás
154 1270 723 1320 de huevos y otras cosillas
152 1327 644 1377 que se suelen regalar,
152 1384 660 1435 luego llega el mediodia
149 1444 642 1492 y vuelven á descansar,
156 1502 650 1550 para comer el gaspacho
144 1560 612 1608 y su cuerpo refrescar.
144 1616 683 1671 Este gaspacho que digo
140 1670 614 1725 es solo vinagre y sal,
135 1731 724 1784 mucha agua en abundancia
136 1791 664 1842 y el aceite en Perpiñan;
141 1846 621 1899 de manera que parece
133 1901 594 1957 sin faltar á la verdad,
135 1960 631 2013 á el caldo de lavatibas
135 2019 807 2076 que aun enfermo han de hechar.
131 2076 698 2131 En fin que llega la noche
130 2137 726 2193 y el ganado han de soltar,
130 2195 614 2245 para venirse al cortijo
130 2254 674 2306 que es la hora de cenar.
120 2312 672 2366 A esto el casero les tiene
911 235 1448 288 las mesas bien preparás
916 290 1500 349 con sus macetas corrientes
912 348 1456 407 el pan, cuchara y demás.
909 405 1507 465 Ya que todos han venido
910 469 1402 524 y bien sentados están,
913 529 1519 579 cada cual tiene en su mano
907 583 1374 636 el arma bien prepará.
908 640 1325 693 Princia el aperador
908 698 1477 754 con sus manos bien cruzás
903 759 1497 817 á rezar mas Padre nuestros
895 815 1460 875 que santos tiene un altar.
903 875 1507 933 Y algunos pobres no pueden
899 935 1490 990 la mucha hambre aguantar,
904 998 1482 1046 y por decir Padre nuestro
896 1051 1455 1105 dicen parta usté ese pan.
895 1107 1482 1165 Comen con un gran sosiego,
890 1165 1458 1220 ni una mosca á de chistar,
883 1230 1466 1276 pero ya que han concluido
884 1284 1431 1335 aqui te quiero escuchar.
894 1340 1410 1391 Cada pedo que se hechan
887 1399 1370 1448 puede undir un almiar
878 1457 1412 1508 y unos aplican al médico,
884 1516 1414 1565 y otros para el sacristan,
877 1572 1429 1623 y todo es fuego graneado
870 1632 1398 1680 por el postigo de atrás.
871 1690 1302 1736 Enciende su fogaril
872 1746 1336 1796 de boñigas nada mas,
869 1805 1379 1851 que tienen desde Agosto
874 1864 1344 1911 para el caso preparás;
864 1921 1472 1969 y asi que el fuego principia
871 1978 1430 2029 tambien principia el llorar,
860 2037 1452 2086 de modo que unos á otros
862 2094 1402 2142 no se ven á donde están
857 2153 1450 2201 porque se arma un jumazo
854 2209 1348 2261 de tan mala propiedad,
858 2268 1490 2320 que salen de allí los hombres
852 2329 1290 2377 como zorras ajumás.
