1752 2480
144 267 602 309 y las mujeres hilando
135 325 761 369 si quieren comerse un pan.
144 383 729 424 Y lo que mas sienten ellos
139 442 626 485 despues de poco ganar,
132 498 607 542 es comer poco tocino
133 556 664 599 y la carne está embarcá.
136 614 609 657 Y con viérnes y vigilias
129 672 573 714 todo el año se les vá.
129 730 661 772 Pero en otras partes digo
127 787 655 831 que algo mas lo sentirán,
128 846 719 889 que todo el año es cuaresma
118 906 554 948 sin tener bula cruzá,
127 963 681 1005 y anda el hermano potage
124 1021 710 1063 mas diestro que un edecan.
129 1077 802 1122 Y estan los hombres sin pulsos,
118 1137 562 1182 sin ganas de trabajar,
127 1196 650 1238 no les ha quedado fuerzas
119 1254 610 1297 ni para uncir ni soltar.
123 1312 659 1354 Todo el trabajo que hacen
121 1371 570 1414 sin amor ni voluntad,
117 1431 711 1472 pues el cuerpo que no come
875 268 1314 313 está solo para holgar.
867 324 1461 369 Conque está buena la cuenta
873 384 1359 431 y mejor que se pondrá,
868 442 1268 485 y todo esto lo atrae
872 499 1345 543 el haber gran cantidad
869 557 1394 600 de hombres trabajadores
875 615 1452 658 por donde quiera que se vá.
861 673 1436 715 Hombres tomar mi consejo
861 730 1272 776 y no casarse jamás,
868 788 1506 831 que los tiempos que alcanzamos
860 845 1296 888 no se pueden tolerar.
864 902 1284 947 Ni podreis mantener
856 962 1360 1009 los hijos que Dios os dá,
852 1020 1286 1066 ni tampoco la muger
861 1079 1354 1122 que esta es la principal.
856 1134 1344 1180 Y esto á no hacerlo así,
860 1191 1280 1234 los casados se verán
859 1251 1374 1294 sin camisa y sin calzones
860 1308 1410 1355 y al aire el punto de atrás;
847 1366 1386 1415 y las faltas de esto versos
853 1427 1275 1469 ustedes perdonarán.
733 1720 911 1870 FlN.
622 2320 980 2359 CARMONA: 1857.
230 2369 1429 2416 IMPRENTA DE D. J. M. MORENO, calle Juan de la Cabra núm. 1.
