1871 2645
886 140 917 187 4
250 205 823 240 que en él se han introducido.
208 251 777 285 Esc. En nada de eso consiste.
209 297 585 330 ALC. 2.° ¿Cómo no?
206 341 578 375 Esc. Eso está visto;
254 378 738 418 pues los males del Lugar,
255 422 743 462 que proceden es muy fijo
252 471 844 507 de las modas que han entrado,
252 515 807 551 y los modos que han salido.
209 560 889 596 ALC. 1.° Yo pondré remedio en todo,
254 604 853 640 aunque no duerma en un siglo.
212 649 869 684 ALC. 2.° No tiene Cura el Lugar.
208 692 887 728 ALC. 1.° Miente usted, voto à Cristo.
210 736 833 772 ALC. 2.° ¿Cómo, con tal desacato
259 784 426 818 me trata?
211 826 671 862 ALC. 1.° Calle el pollino:
245 870 779 908 ¿si el Lugar no tiene Cura,
260 912 769 951 quién hoy la Misa le dijo?
208 956 893 996 ALC. 2.° Yo no hablaba de ese Cura.
214 1001 883 1040 ALC. 1.° Que calle, otra vez le digo,
264 1046 729 1085 pues rezelo que me dé
260 1092 753 1129 una enfermedad de oirlo.
257 1137 754 1172 No sabe que mi Justicia,
260 1181 787 1218 tal sobresalto ha infundido,
251 1225 754 1263 hasta en los irracionales,
260 1268 900 1307 que porque ha un mes que un bor-
259 1319 338 1352 rico
261 1358 721 1394 le apercibí con la pena
259 1402 802 1439 de cuatro años de presidio,
258 1446 858 1485 solo porque entró en un prado
262 1495 407 1528 vedado.
221 1535 790 1574 Esc. Ha hecho hoy lo mismo,
265 1578 740 1616 y causado graves daños.
214 1623 830 1662 ALC. 1.° ¿Qué dices, Escribano?
213 1674 416 1706 Esc. Digo,
271 1712 800 1750 que aquí teneis la sumaria.
220 1756 753 1797 ALC. 2.° ¿El borrico entró?
217 1806 540 1841 Esc. El borrico.
218 1845 903 1884 ALC. 2.° Y eso es que le apercibió,
269 1889 822 1927 con cuatro años de presidio.
222 1933 752 1972 ALC. 1.° ¿Y daños, causó?
224 1984 552 2018 Esc. Tan graves,
274 2024 759 2062 que durarán los que hizo,
271 2068 841 2107 muy cerca de nueve meses.
925 193 1598 234 ALC. 1. °¿Hay mas estraño delito?
965 241 1447 278 Poned la sumaria inclusa
963 288 1201 322 con la otra.
917 335 1294 368 Esc. Así lo estimo,
959 371 1527 411 porque en lances como estos,
965 416 1519 455 en causas de este capricho,
967 461 1501 498 cuando se juntan dos causas,
966 501 1580 543 que haya una inclusa es preciso.
918 547 1514 590 ALC. 1.° ¿Dónde los reos estan?
930 600 1226 634 Esc. Allá bajo.
918 643 1401 678 ALC. 1.° Al punto mismo,
968 685 1435 722 haced que suban arriba.
925 725 1605 765 ALC. 2.° El amo, porque el pollino,
969 773 1450 809 no podrá por la escalera.
922 814 1605 855 ALC. 1.° Que suban, pléguete Cristo,
973 863 1507 898 que ya no es la vez primera,
969 906 1501 942 que á la sala se han subido.
927 952 1368 988 Esc. ¿Quièn tal afirma?
934 997 1270 1032 ALC. 1.° Otra sala,
978 1038 1407 1075 que castiga sus delitos.
934 1079 1608 1119 Esc. Alcalde, yo en vuestra Audien-
974 1132 1045 1164 cia,
979 1171 1466 1208 tan rara cosa no he visto.
934 1215 1499 1254 ALC. 1.° Pésame, que vos seais
978 1261 1370 1299 Secretario poco listo:
977 1303 1477 1343 la Audiencia de mi muger,
978 1348 1513 1386 no consiste en tantos juicios,
980 1392 1487 1428 y he visto en ella mil veces
985 1438 1415 1473 diversidad de borricos.
938 1480 1613 1520 ALC. 2.° No serán de los que piensan.
935 1525 1553 1563 ALC. 1.° Eso es mas á favor mio,
979 1570 1554 1605 pues son de aquellos que dan,
980 1614 1482 1649 que pensar al mas pollino.
929 1658 1485 1696 Dentro voces. Fugite, muger.
937 1703 1375 1739 Dentro Juana. Justicia.
933 1748 1474 1786 ALC. 1.° qué novedad es esa.
939 1837 1626 1871 Sale Juana, el Filósofo, el Astrólogo,
1041 1882 1538 1916 y el Médico ridiculamente,
1189 1928 1360 1961 vestidos.
934 2017 1285 2052 Juana. Yo lo diré.
937 2062 1405 2098 Los tres. Y nos tambien.
