<?xml version="1.0" encoding="UTF-8" standalone="yes"?>
<PcGts xmlns="http://schema.primaresearch.org/PAGE/gts/pagecontent/2013-07-15" xmlns:xsi="http://www.w3.org/2001/XMLSchema-instance" xsi:schemaLocation="http://schema.primaresearch.org/PAGE/gts/pagecontent/2013-07-15 http://schema.primaresearch.org/PAGE/gts/pagecontent/2013-07-15/pagecontent.xsd">
    <Metadata>
        <Creator>prov=University of Rostock/Institute of Mathematics/CITlab|PLANET AI GmbH/Gundram Leifert/gundram.leifert@planet-ai.de:name=Pliegos de Cordel (XIXe) - v4(htr_id=27283)::::v=2.6.7
prov=University of Rostock/Institute of Mathematics/CITlab|PLANET AI GmbH/Tobias Gruening/tobias.gruening@planet-ai.de:name=de.uros.citlab.module.baseline2polygon.B2PSeamMultiOriented:v=2.6.7
prov=University of Rostock/Institute of Mathematics/CITlab|PLANET AI GmbH/Tobias Gruening/tobias.gruening@planet-ai.de:name=/net_tf/LA73_249_0mod360.pb:de.uros.citlab.segmentation.CITlab_LA_ML:v=2.6.7
Transkribus</Creator>
        <Created>2020-12-04T09:32:29.893+01:00</Created>
        <LastChange>2020-12-17T17:01:29.724+01:00</LastChange>
        <Comments>
                Measurement unit: pixel
                PrimaryLanguage: 
                Producer: Transkribus
            </Comments>
        <TranskribusMetadata docId="525391" pageId="22319199" pageNr="82" tsid="50412436" status="DONE" userId="66244" imgUrl="https://files.transkribus.eu/Get?id=WEQKAKSKFVDDNMZHKZSUIZAH&amp;fileType=view" xmlUrl="https://files.transkribus.eu/Get?id=KVZQDCUDMUHTUJZMTKNJBPSW" imageId="17388714"/>
    </Metadata>
    <Page imageFilename="Moreno_258_6.jpeg" imageWidth="1871" imageHeight="2645">
        <PrintSpace>
            <Coords points="357,0 1870,0 1870,2113 357,2113"/>
        </PrintSpace>
        <ReadingOrder>
            <OrderedGroup id="ro_1608295542460" caption="Regions reading order">
                <RegionRefIndexed index="0" regionRef="region_1607086460543_1235"/>
                <RegionRefIndexed index="1" regionRef="r_1_1"/>
                <RegionRefIndexed index="2" regionRef="r_2_1"/>
            </OrderedGroup>
        </ReadingOrder>
        <TextRegion orientation="0.0" type="paragraph" id="region_1607086460543_1235" custom="readingOrder {index:0;} structure {type:paragraph;}">
            <Coords points="1071,131 1108,131 1108,178 1071,178"/>
            <TextLine id="region_1607086460543_1235l1" custom="readingOrder {index:0;}">
                <Coords points="1020,213 1049,215 1078,218 1108,219 1108,69 1078,68 1049,65 1020,63"/>
                <Baseline points="1020,163 1049,165 1078,168 1108,169"/>
                <TextEquiv>
                    <Unicode>6</Unicode>
                </TextEquiv>
            </TextLine>
            <TextEquiv>
                <Unicode>6</Unicode>
            </TextEquiv>
        </TextRegion>
        <TextRegion orientation="0.0" type="paragraph" id="r_1_1" custom="readingOrder {index:1;}">
            <Coords points="357,163 1082,163 1082,2100 357,2100"/>
            <TextLine id="r_1_1l1" custom="readingOrder {index:0;}">
                <Coords points="390,213 415,214 441,215 467,215 493,216 519,217 544,218 570,218 596,219 622,219 648,219 673,220 699,220 725,220 751,220 777,220 802,220 828,220 854,219 880,219 906,219 906,189 880,189 854,189 828,190 802,190 777,190 751,190 725,190 699,190 673,190 648,189 622,189 596,189 570,188 544,188 519,187 493,186 467,185 441,185 415,184 390,183"/>
                <Baseline points="390,203 415,204 441,205 467,205 493,206 519,207 544,208 570,208 596,209 622,209 648,209 673,210 699,210 725,210 751,210 777,210 802,210 828,210 854,209 880,209 906,209"/>
                <TextEquiv>
                    <Unicode>AST. Señores, por no ser yo</Unicode>
                </TextEquiv>
            </TextLine>
            <TextLine id="r_1_1l2" custom="readingOrder {index:1;}">
                <Coords points="429,259 455,259 482,259 509,259 536,260 562,260 589,260 616,261 643,262 669,263 696,264 723,264 750,265 776,266 803,267 830,267 857,268 883,268 910,268 937,268 964,268 964,238 937,238 910,238 883,238 857,238 830,237 803,237 776,236 750,235 723,234 696,234 669,233 643,232 616,231 589,230 562,230 536,230 509,229 482,229 455,229 429,229"/>
                <Baseline points="429,249 455,249 482,249 509,249 536,250 562,250 589,250 616,251 643,252 669,253 696,254 723,254 750,255 776,256 803,257 830,257 857,258 883,258 910,258 937,258 964,258"/>
                <TextEquiv>
                    <Unicode>de la discordia instrumento,</Unicode>
                </TextEquiv>
            </TextLine>
            <TextLine id="r_1_1l3" custom="readingOrder {index:2;}">
                <Coords points="430,302 455,302 480,303 506,303 531,304 557,304 582,304 608,305 633,305 659,305 684,306 710,307 735,308 761,309 761,278 735,277 710,276 684,275 659,274 633,274 608,274 582,273 557,273 531,273 506,272 480,272 455,271 430,271"/>
                <Baseline points="430,292 455,292 480,293 506,293 531,294 557,294 582,294 608,295 633,295 659,295 684,296 710,297 735,298 761,299"/>
                <TextEquiv>
                    <Unicode>aquí está él peso.</Unicode>
                </TextEquiv>
            </TextLine>
            <TextLine id="r_1_1l4" custom="readingOrder {index:3;}">
                <Coords points="429,387 459,389 490,391 520,392 551,394 581,395 612,395 642,396 673,397 703,398 734,398 765,398 795,399 826,399 856,399 887,399 917,400 948,400 978,400 1009,400 1040,401 1040,370 1009,369 978,369 948,369 917,369 887,368 856,368 826,368 795,368 765,367 734,367 703,367 673,366 642,365 612,364 581,364 551,363 520,361 490,360 459,358 429,356"/>
                <Baseline points="429,377 459,379 490,381 520,382 551,384 581,385 612,385 642,386 673,387 703,388 734,388 765,388 795,389 826,389 856,389 887,389 917,390 948,390 978,390 1009,390 1040,391"/>
                <TextEquiv>
                    <Unicode>Entrega á Juana un Ralendario.</Unicode>
                </TextEquiv>
            </TextLine>
            <TextLine id="r_1_1l5" custom="readingOrder {index:4;}">
                <Coords points="382,477 416,479 450,480 484,481 518,482 553,483 587,484 621,484 655,485 689,485 724,485 758,486 792,486 826,487 860,487 895,488 929,489 963,490 997,492 1031,493 1066,495 1066,464 1031,462 997,461 963,459 929,458 895,457 860,456 826,456 792,455 758,455 724,454 689,454 655,454 621,453 587,453 553,452 518,451 484,450 450,449 416,448 382,446"/>
                <Baseline points="382,467 416,469 450,470 484,471 518,472 553,473 587,474 621,474 655,475 689,475 724,475 758,476 792,476 826,477 860,477 895,478 929,479 963,480 997,482 1031,483 1066,485"/>
                <TextEquiv>
                    <Unicode>ALC. 2.° Eso sí evácuese mi precepto,</Unicode>
                </TextEquiv>
            </TextLine>
            <TextLine id="r_1_1l6" custom="readingOrder {index:5;}">
                <Coords points="425,522 450,523 475,525 500,526 526,527 551,528 576,528 602,529 627,529 652,530 677,530 703,530 728,530 753,530 779,531 804,531 829,532 855,532 855,501 829,501 804,500 779,500 753,499 728,499 703,499 677,499 652,499 627,498 602,498 576,497 551,497 526,496 500,495 475,494 450,492 425,491"/>
                <Baseline points="425,512 450,513 475,515 500,516 526,517 551,518 576,518 602,519 627,519 652,520 677,520 703,520 728,520 753,520 779,521 804,521 829,522 855,522"/>
                <TextEquiv>
                    <Unicode>porque si no, esperaba</Unicode>
                </TextEquiv>
            </TextLine>
            <TextLine id="r_1_1l7" custom="readingOrder {index:6;}">
                <Coords points="426,567 452,568 478,569 505,570 531,570 557,571 584,571 610,572 636,572 663,572 689,573 715,573 742,574 768,574 794,575 821,576 847,577 873,578 900,580 900,549 873,547 847,546 821,545 794,544 768,543 742,543 715,542 689,542 663,541 636,541 610,541 584,540 557,540 531,539 505,539 478,538 452,537 426,536"/>
                <Baseline points="426,557 452,558 478,559 505,560 531,560 557,561 584,561 610,562 636,562 663,562 689,563 715,563 742,564 768,564 794,565 821,566 847,567 873,568 900,570"/>
                <TextEquiv>
                    <Unicode>bellaca noche en el zepo.</Unicode>
                </TextEquiv>
            </TextLine>
            <TextLine id="r_1_1l8" custom="readingOrder {index:7;}">
                <Coords points="376,612 401,613 426,614 451,614 477,615 502,615 527,615 553,616 578,616 603,616 629,617 654,617 679,617 705,618 730,618 755,619 781,620 806,620 831,622 857,623 857,592 831,591 806,589 781,589 755,588 730,587 705,587 679,586 654,586 629,586 603,585 578,585 553,585 527,584 502,584 477,584 451,583 426,583 401,582 376,581"/>
                <Baseline points="376,602 401,603 426,604 451,604 477,605 502,605 527,605 553,606 578,606 603,606 629,607 654,607 679,607 705,608 730,608 755,609 781,610 806,610 831,612 857,613"/>
                <TextEquiv>
                    <Unicode>JUA. ¿Dónde el peso está?</Unicode>
                </TextEquiv>
            </TextLine>
            <TextLine id="r_1_1l9" custom="readingOrder {index:8;}">
                <Coords points="380,655 405,656 431,657 457,658 483,659 508,659 534,659 560,660 586,660 611,660 637,660 663,661 689,662 715,663 715,632 689,631 663,630 637,629 611,629 586,629 560,629 534,628 508,628 483,628 457,627 431,626 405,625 380,624"/>
                <Baseline points="380,645 405,646 431,647 457,648 483,649 508,649 534,649 560,650 586,650 611,650 637,650 663,651 689,652 715,653"/>
                <TextEquiv>
                    <Unicode>AST. Ahí le tiene.</Unicode>
                </TextEquiv>
            </TextLine>
            <TextLine id="r_1_1l10" custom="readingOrder {index:9;}">
                <Coords points="385,700 411,700 438,701 465,702 491,702 518,703 545,703 571,703 598,704 625,705 651,705 678,706 705,708 705,677 678,675 651,674 625,674 598,673 571,672 545,672 518,672 491,671 465,671 438,670 411,669 385,669"/>
                <Baseline points="385,690 411,690 438,691 465,692 491,692 518,693 545,693 571,693 598,694 625,695 651,695 678,696 705,698"/>
                <TextEquiv>
                    <Unicode>JUA. Es falsedad.</Unicode>
                </TextEquiv>
            </TextLine>
            <TextLine id="r_1_1l11" custom="readingOrder {index:10;}">
                <Coords points="380,743 405,744 430,745 455,745 480,746 505,747 530,748 555,748 581,749 606,750 631,750 656,751 681,751 706,752 731,752 757,752 757,721 731,721 706,721 681,720 656,720 631,719 606,719 581,718 555,717 530,717 505,716 480,715 455,714 430,714 405,713 380,712"/>
                <Baseline points="380,733 405,734 430,735 455,735 480,736 505,737 530,738 555,738 581,739 606,740 631,740 656,741 681,741 706,742 731,742 757,742"/>
                <TextEquiv>
                    <Unicode>ALC. Es muy cierto.</Unicode>
                </TextEquiv>
            </TextLine>
            <TextLine id="r_1_1l12" custom="readingOrder {index:11;}">
                <Coords points="386,787 414,788 443,790 472,791 501,792 530,792 559,793 588,794 617,795 646,795 675,796 703,797 732,797 761,797 790,798 819,798 848,799 877,799 906,800 935,800 964,801 964,770 935,769 906,769 877,768 848,768 819,767 790,767 761,766 732,766 703,766 675,765 646,764 617,764 588,763 559,762 530,761 501,761 472,760 443,759 414,757 386,756"/>
                <Baseline points="386,777 414,778 443,780 472,781 501,782 530,782 559,783 588,784 617,785 646,785 675,786 703,787 732,787 761,787 790,788 819,788 848,789 877,789 906,790 935,790 964,791"/>
                <TextEquiv>
                    <Unicode>JUA. Es malicia cuanto espresa,</Unicode>
                </TextEquiv>
            </TextLine>
            <TextLine id="r_1_1l13" custom="readingOrder {index:12;}">
                <Coords points="431,834 458,835 485,836 513,837 540,838 567,838 595,839 622,840 649,841 677,842 704,842 731,843 759,843 786,844 813,844 841,844 868,844 895,844 923,844 950,843 978,843 978,812 950,812 923,813 895,813 868,813 841,813 813,813 786,813 759,812 731,812 704,811 677,811 649,810 622,809 595,808 567,807 540,807 513,806 485,805 458,804 431,803"/>
                <Baseline points="431,824 458,825 485,826 513,827 540,828 567,828 595,829 622,830 649,831 677,832 704,832 731,833 759,833 786,834 813,834 841,834 868,834 895,834 923,834 950,833 978,833"/>
                <TextEquiv>
                    <Unicode>pues solo me da en un pliego</Unicode>
                </TextEquiv>
            </TextLine>
            <TextLine id="r_1_1l14" custom="readingOrder {index:13;}">
                <Coords points="432,877 458,878 485,880 512,881 539,882 566,883 593,883 620,884 647,885 674,885 701,886 701,855 674,854 647,854 620,853 593,852 566,852 539,851 512,850 485,849 458,847 432,846"/>
                <Baseline points="432,867 458,868 485,870 512,871 539,872 566,873 593,873 620,874 647,875 674,875 701,876"/>
                <TextEquiv>
                    <Unicode>un Ralendario.</Unicode>
                </TextEquiv>
            </TextLine>
            <TextLine id="r_1_1l15" custom="readingOrder {index:14;}">
                <Coords points="375,924 401,923 427,923 454,923 480,924 506,925 533,926 559,927 585,928 612,929 638,930 665,930 665,899 638,899 612,898 585,897 559,896 533,895 506,894 480,893 454,892 427,892 401,892 375,893"/>
                <Baseline points="375,914 401,913 427,913 454,913 480,914 506,915 533,916 559,917 585,918 612,919 638,920 665,920"/>
                <TextEquiv>
                    <Unicode>AST. Está bien:</Unicode>
                </TextEquiv>
            </TextLine>
            <TextLine id="r_1_1l16" custom="readingOrder {index:15;}">
                <Coords points="421,968 447,968 473,969 500,969 526,970 553,971 579,972 605,973 632,974 658,974 685,975 711,976 737,976 764,977 790,978 817,978 843,978 870,978 870,947 843,947 817,947 790,947 764,946 737,945 711,945 685,944 658,943 632,943 605,942 579,941 553,940 526,939 500,938 473,938 447,937 421,937"/>
                <Baseline points="421,958 447,958 473,959 500,959 526,960 553,961 579,962 605,963 632,964 658,964 685,965 711,966 737,966 764,967 790,968 817,968 843,968 870,968"/>
                <TextEquiv>
                    <Unicode>ábrale Vd. al momento, </Unicode>
                </TextEquiv>
            </TextLine>
            <TextLine id="r_1_1l17" custom="readingOrder {index:16;}">
                <Coords points="425,1012 450,1013 476,1014 501,1015 527,1016 552,1017 578,1017 603,1018 629,1018 654,1019 680,1019 706,1020 731,1020 757,1020 782,1021 808,1021 833,1021 859,1022 884,1023 910,1023 936,1024 936,993 910,992 884,992 859,991 833,990 808,990 782,990 757,989 731,989 706,989 680,988 654,988 629,987 603,987 578,986 552,986 527,985 501,984 476,983 450,982 425,981"/>
                <Baseline points="425,1002 450,1003 476,1004 501,1005 527,1006 552,1007 578,1007 603,1008 629,1008 654,1009 680,1009 706,1010 731,1010 757,1010 782,1011 808,1011 833,1011 859,1012 884,1013 910,1013 936,1014"/>
                <TextEquiv>
                    <Unicode>y busque el signo de Libra,</Unicode>
                </TextEquiv>
            </TextLine>
            <TextLine id="r_1_1l18" custom="readingOrder {index:17;}">
                <Coords points="428,1057 454,1058 480,1059 507,1060 533,1061 559,1062 586,1062 612,1063 638,1063 665,1064 691,1064 717,1065 744,1065 770,1066 796,1066 823,1066 849,1067 875,1067 902,1067 928,1068 955,1068 955,1037 928,1037 902,1036 875,1036 849,1036 823,1035 796,1035 770,1035 744,1034 717,1034 691,1033 665,1033 638,1032 612,1032 586,1031 559,1031 533,1030 507,1029 480,1028 454,1027 428,1026"/>
                <Baseline points="428,1047 454,1048 480,1049 507,1050 533,1051 559,1052 586,1052 612,1053 638,1053 665,1054 691,1054 717,1055 744,1055 770,1056 796,1056 823,1056 849,1057 875,1057 902,1057 928,1058 955,1058"/>
                <TextEquiv>
                    <Unicode>que allí está pintado el Peso.</Unicode>
                </TextEquiv>
            </TextLine>
            <TextLine id="r_1_1l19" custom="readingOrder {index:18;}">
                <Coords points="374,1101 403,1102 432,1102 462,1103 491,1104 521,1105 550,1105 579,1106 609,1106 638,1107 668,1108 697,1108 726,1108 756,1109 785,1109 815,1110 844,1110 873,1110 903,1111 932,1111 962,1111 962,1080 932,1080 903,1080 873,1079 844,1079 815,1079 785,1078 756,1078 726,1077 697,1077 668,1077 638,1076 609,1075 579,1075 550,1074 521,1074 491,1073 462,1072 432,1071 403,1071 374,1070"/>
                <Baseline points="374,1091 403,1092 432,1092 462,1093 491,1094 521,1095 550,1095 579,1096 609,1096 638,1097 668,1098 697,1098 726,1098 756,1099 785,1099 815,1100 844,1100 873,1100 903,1101 932,1101 962,1101"/>
                <TextEquiv>
                    <Unicode>ALC. 2.° Ha de pagar los reales,</Unicode>
                </TextEquiv>
            </TextLine>
            <TextLine id="r_1_1l20" custom="readingOrder {index:19;}">
                <Coords points="422,1144 447,1145 472,1146 497,1147 522,1148 548,1148 573,1149 598,1150 623,1150 649,1151 674,1151 699,1152 724,1152 749,1152 775,1153 800,1153 825,1153 850,1154 876,1154 876,1123 850,1123 825,1122 800,1122 775,1122 749,1121 724,1121 699,1121 674,1120 649,1120 623,1119 598,1119 573,1118 548,1117 522,1117 497,1116 472,1115 447,1114 422,1113"/>
                <Baseline points="422,1134 447,1135 472,1136 497,1137 522,1138 548,1138 573,1139 598,1140 623,1140 649,1141 674,1141 699,1142 724,1142 749,1142 775,1143 800,1143 825,1143 850,1144 876,1144"/>
                <TextEquiv>
                    <Unicode>realmente, y con efecto.</Unicode>
                </TextEquiv>
            </TextLine>
            <TextLine id="r_1_1l21" custom="readingOrder {index:20;}">
                <Coords points="378,1189 408,1190 438,1190 468,1191 499,1191 529,1192 559,1193 589,1193 620,1194 650,1195 680,1195 710,1196 741,1197 771,1197 801,1198 831,1199 862,1199 892,1200 922,1201 952,1201 983,1202 983,1171 952,1170 922,1170 892,1169 862,1168 831,1168 801,1167 771,1166 741,1166 710,1165 680,1164 650,1164 620,1163 589,1162 559,1162 529,1161 499,1160 468,1160 438,1159 408,1159 378,1158"/>
                <Baseline points="378,1179 408,1180 438,1180 468,1181 499,1181 529,1182 559,1183 589,1183 620,1184 650,1185 680,1185 710,1186 741,1187 771,1187 801,1188 831,1189 862,1189 892,1190 922,1191 952,1191 983,1192"/>
                <TextEquiv>
                    <Unicode>AST. Si la costumbre del mundo</Unicode>
                </TextEquiv>
            </TextLine>
            <TextLine id="r_1_1l22" custom="readingOrder {index:21;}">
                <Coords points="424,1235 450,1236 477,1236 503,1237 530,1237 556,1238 583,1238 609,1238 636,1239 662,1239 689,1240 715,1240 742,1241 768,1241 795,1242 821,1242 848,1243 848,1212 821,1211 795,1211 768,1210 742,1210 715,1209 689,1209 662,1208 636,1208 609,1207 583,1207 556,1207 530,1206 503,1206 477,1205 450,1205 424,1204"/>
                <Baseline points="424,1225 450,1226 477,1226 503,1227 530,1227 556,1228 583,1228 609,1228 636,1229 662,1229 689,1230 715,1230 742,1231 768,1231 795,1232 821,1232 848,1233"/>
                <TextEquiv>
                    <Unicode>con exactitud observo,</Unicode>
                </TextEquiv>
            </TextLine>
            <TextLine id="r_1_1l23" custom="readingOrder {index:22;}">
                <Coords points="413,1279 439,1280 465,1281 491,1281 517,1281 544,1282 570,1282 596,1283 622,1283 648,1283 675,1284 701,1285 727,1285 753,1285 779,1286 806,1287 832,1287 858,1288 884,1289 910,1290 937,1292 937,1261 910,1259 884,1258 858,1257 832,1256 806,1256 779,1255 753,1254 727,1254 701,1254 675,1253 648,1252 622,1252 596,1252 570,1251 544,1251 517,1250 491,1250 465,1250 439,1249 413,1248"/>
                <Baseline points="413,1269 439,1270 465,1271 491,1271 517,1271 544,1272 570,1272 596,1273 622,1273 648,1273 675,1274 701,1275 727,1275 753,1275 779,1276 806,1277 832,1277 858,1278 884,1279 910,1280 937,1282"/>
                <TextEquiv>
                    <Unicode>siempre que medien reales, </Unicode>
                </TextEquiv>
            </TextLine>
            <TextLine id="r_1_1l24" custom="readingOrder {index:23;}">
                <Coords points="414,1325 439,1325 464,1326 490,1326 515,1326 540,1327 566,1327 591,1327 617,1328 642,1328 667,1328 693,1329 718,1329 744,1330 769,1330 794,1331 820,1331 845,1332 871,1332 871,1301 845,1301 820,1300 794,1300 769,1299 744,1299 718,1298 693,1298 667,1297 642,1297 617,1297 591,1296 566,1296 540,1296 515,1295 490,1295 464,1295 439,1294 414,1294"/>
                <Baseline points="414,1315 439,1315 464,1316 490,1316 515,1316 540,1317 566,1317 591,1317 617,1318 642,1318 667,1318 693,1319 718,1319 744,1320 769,1320 794,1321 820,1321 845,1322 871,1322"/>
                <TextEquiv>
                    <Unicode>las realidades se fueron.</Unicode>
                </TextEquiv>
            </TextLine>
            <TextLine id="r_1_1l25" custom="readingOrder {index:24;}">
                <Coords points="369,1369 401,1369 433,1369 465,1369 498,1370 530,1370 562,1370 595,1371 627,1371 659,1372 692,1372 724,1373 756,1374 788,1374 821,1375 853,1376 885,1377 918,1378 950,1379 982,1381 1015,1382 1015,1351 982,1350 950,1348 918,1347 885,1346 853,1345 821,1344 788,1343 756,1343 724,1342 692,1341 659,1341 627,1340 595,1340 562,1339 530,1339 498,1339 465,1338 433,1338 401,1338 369,1338"/>
                <Baseline points="369,1359 401,1359 433,1359 465,1359 498,1360 530,1360 562,1360 595,1361 627,1361 659,1362 692,1362 724,1363 756,1364 788,1364 821,1365 853,1366 885,1367 918,1368 950,1369 982,1371 1015,1372"/>
                <TextEquiv>
                    <Unicode>ALC. 2.° Yo le harè pagar despues:</Unicode>
                </TextEquiv>
            </TextLine>
            <TextLine id="r_1_1l26" custom="readingOrder {index:25;}">
                <Coords points="425,1411 450,1411 476,1412 501,1413 527,1413 552,1414 578,1415 604,1416 629,1416 655,1417 680,1418 706,1418 732,1419 732,1389 706,1388 680,1388 655,1387 629,1386 604,1386 578,1385 552,1384 527,1383 501,1383 476,1382 450,1381 425,1381"/>
                <Baseline points="425,1401 450,1401 476,1402 501,1403 527,1403 552,1404 578,1405 604,1406 629,1406 655,1407 680,1408 706,1408 732,1409"/>
                <TextEquiv>
                    <Unicode>prosigue, Juana.</Unicode>
                </TextEquiv>
            </TextLine>
            <TextLine id="r_1_1l27" custom="readingOrder {index:26;}">
                <Coords points="378,1455 404,1457 430,1458 456,1458 482,1458 508,1457 534,1456 560,1456 586,1456 612,1456 639,1458 639,1428 612,1426 586,1426 560,1426 534,1426 508,1427 482,1428 456,1428 430,1428 404,1427 378,1425"/>
                <Baseline points="378,1445 404,1447 430,1448 456,1448 482,1448 508,1447 534,1446 560,1446 586,1446 612,1446 639,1448"/>
                <TextEquiv>
                    <Unicode>JUA. Me quejo</Unicode>
                </TextEquiv>
            </TextLine>
            <TextLine id="r_1_1l28" custom="readingOrder {index:27;}">
                <Coords points="418,1501 444,1502 471,1502 497,1503 524,1503 551,1503 577,1504 604,1504 630,1505 657,1506 684,1506 710,1507 737,1507 763,1508 790,1509 817,1510 817,1479 790,1478 763,1477 737,1476 710,1476 684,1475 657,1475 630,1474 604,1473 577,1473 551,1472 524,1472 497,1472 471,1471 444,1471 418,1470"/>
                <Baseline points="418,1491 444,1492 471,1492 497,1493 524,1493 551,1493 577,1494 604,1494 630,1495 657,1496 684,1496 710,1497 737,1497 763,1498 790,1499 817,1500"/>
                <TextEquiv>
                    <Unicode>de la misma muerte.</Unicode>
                </TextEquiv>
            </TextLine>
            <TextLine id="r_1_1l29" custom="readingOrder {index:28;}">
                <Coords points="365,1546 390,1545 416,1546 441,1546 467,1547 493,1547 518,1548 544,1549 569,1549 595,1548 621,1548 621,1518 595,1518 569,1519 544,1519 518,1518 493,1517 467,1517 441,1516 416,1516 390,1515 365,1516"/>
                <Baseline points="365,1536 390,1535 416,1536 441,1536 467,1537 493,1537 518,1538 544,1539 569,1539 595,1538 621,1538"/>
                <TextEquiv>
                    <Unicode>ALC. 2.° Haré</Unicode>
                </TextEquiv>
            </TextLine>
            <TextLine id="r_1_1l30" custom="readingOrder {index:29;}">
                <Coords points="417,1588 443,1589 469,1591 495,1593 521,1593 547,1594 573,1594 599,1595 625,1595 651,1595 677,1595 703,1595 729,1595 755,1595 781,1596 807,1596 833,1596 859,1597 885,1598 912,1599 912,1569 885,1568 859,1567 833,1566 807,1566 781,1566 755,1565 729,1565 703,1565 677,1565 651,1565 625,1565 599,1565 573,1564 547,1564 521,1563 495,1563 469,1561 443,1559 417,1558"/>
                <Baseline points="417,1578 443,1579 469,1581 495,1583 521,1583 547,1584 573,1584 599,1585 625,1585 651,1585 677,1585 703,1585 729,1585 755,1585 781,1586 807,1586 833,1586 859,1587 885,1588 912,1589"/>
                <TextEquiv>
                    <Unicode>que la maten al momento.</Unicode>
                </TextEquiv>
            </TextLine>
            <TextLine id="r_1_1l31" custom="readingOrder {index:30;}">
                <Coords points="369,1634 396,1635 424,1636 452,1636 480,1637 507,1637 535,1638 563,1638 591,1639 618,1639 646,1639 674,1640 702,1640 729,1640 757,1641 785,1641 813,1642 840,1643 868,1644 896,1645 924,1646 924,1616 896,1615 868,1614 840,1613 813,1612 785,1611 757,1611 729,1610 702,1610 674,1610 646,1609 618,1609 591,1609 563,1608 535,1608 507,1607 480,1607 452,1606 424,1606 396,1605 369,1604"/>
                <Baseline points="369,1624 396,1625 424,1626 452,1626 480,1627 507,1627 535,1628 563,1628 591,1629 618,1629 646,1629 674,1630 702,1630 729,1630 757,1631 785,1631 813,1632 840,1633 868,1634 896,1635 924,1636"/>
                <TextEquiv>
                    <Unicode>JUA. Pues este Médico osado,</Unicode>
                </TextEquiv>
            </TextLine>
            <TextLine id="r_1_1l32" custom="readingOrder {index:31;}">
                <Coords points="415,1680 440,1680 465,1680 490,1681 515,1681 540,1681 565,1682 591,1682 616,1683 641,1683 666,1684 691,1684 716,1684 742,1685 767,1685 792,1685 817,1686 842,1686 867,1686 893,1686 893,1656 867,1656 842,1656 817,1656 792,1655 767,1655 742,1655 716,1654 691,1654 666,1654 641,1653 616,1653 591,1652 565,1652 540,1651 515,1651 490,1651 465,1650 440,1650 415,1650"/>
                <Baseline points="415,1670 440,1670 465,1670 490,1671 515,1671 540,1671 565,1672 591,1672 616,1673 641,1673 666,1674 691,1674 716,1674 742,1675 767,1675 792,1675 817,1676 842,1676 867,1676 893,1676"/>
                <TextEquiv>
                    <Unicode>ademas, de que el dinero</Unicode>
                </TextEquiv>
            </TextLine>
            <TextLine id="r_1_1l33" custom="readingOrder {index:32;}">
                <Coords points="416,1723 441,1724 466,1725 492,1726 517,1727 543,1727 568,1728 594,1728 619,1729 645,1729 670,1729 696,1730 721,1730 747,1730 772,1730 798,1730 823,1730 849,1730 849,1699 823,1699 798,1699 772,1699 747,1699 721,1699 696,1699 670,1698 645,1698 619,1698 594,1697 568,1697 543,1696 517,1696 492,1695 466,1694 441,1693 416,1692"/>
                <Baseline points="416,1713 441,1714 466,1715 492,1716 517,1717 543,1717 568,1718 594,1718 619,1719 645,1719 670,1719 696,1720 721,1720 747,1720 772,1720 798,1720 823,1720 849,1720"/>
                <TextEquiv>
                    <Unicode>no quiere satisfacerme,</Unicode>
                </TextEquiv>
            </TextLine>
            <TextLine id="r_1_1l34" custom="readingOrder {index:33;}">
                <Coords points="413,1768 441,1769 469,1770 497,1770 525,1771 553,1771 581,1772 609,1772 637,1772 665,1773 694,1773 722,1774 750,1774 778,1774 806,1775 834,1775 862,1776 890,1776 918,1777 946,1777 975,1778 975,1747 946,1746 918,1746 890,1745 862,1745 834,1744 806,1744 778,1743 750,1743 722,1743 694,1742 665,1742 637,1741 609,1741 581,1741 553,1740 525,1740 497,1739 469,1739 441,1738 413,1737"/>
                <Baseline points="413,1758 441,1759 469,1760 497,1760 525,1761 553,1761 581,1762 609,1762 637,1762 665,1763 694,1763 722,1764 750,1764 778,1764 806,1765 834,1765 862,1766 890,1766 918,1767 946,1767 975,1768"/>
                <TextEquiv>
                    <Unicode>trata mi honor con desprecio.</Unicode>
                </TextEquiv>
            </TextLine>
            <TextLine id="r_1_1l35" custom="readingOrder {index:34;}">
                <Coords points="374,1815 407,1815 441,1815 475,1816 509,1816 543,1816 576,1816 610,1817 644,1817 678,1817 712,1818 745,1818 779,1819 813,1820 847,1821 880,1822 914,1823 948,1824 982,1826 1016,1827 1050,1829 1050,1798 1016,1796 982,1795 948,1793 914,1792 880,1791 847,1790 813,1789 779,1788 745,1787 712,1787 678,1786 644,1786 610,1786 576,1785 543,1785 509,1785 475,1785 441,1784 407,1784 374,1784"/>
                <Baseline points="374,1805 407,1805 441,1805 475,1806 509,1806 543,1806 576,1806 610,1807 644,1807 678,1807 712,1808 745,1808 779,1809 813,1810 847,1811 880,1812 914,1813 948,1814 982,1816 1016,1817 1050,1819"/>
                <TextEquiv>
                    <Unicode>ALC. 1.° Vamos por puntos, Juanilla,</Unicode>
                </TextEquiv>
            </TextLine>
            <TextLine id="r_1_1l36" custom="readingOrder {index:35;}">
                <Coords points="417,1860 443,1860 469,1860 495,1860 521,1860 547,1860 573,1860 599,1860 625,1861 651,1861 677,1861 703,1862 729,1862 755,1862 781,1862 808,1862 808,1831 781,1831 755,1831 729,1831 703,1831 677,1830 651,1830 625,1830 599,1829 573,1829 547,1829 521,1829 495,1829 469,1829 443,1829 417,1829"/>
                <Baseline points="417,1850 443,1850 469,1850 495,1850 521,1850 547,1850 573,1850 599,1850 625,1851 651,1851 677,1851 703,1852 729,1852 755,1852 781,1852 808,1852"/>
                <TextEquiv>
                    <Unicode>y digame lo primero</Unicode>
                </TextEquiv>
            </TextLine>
            <TextLine id="r_1_1l37" custom="readingOrder {index:36;}">
                <Coords points="414,1902 439,1903 464,1903 490,1903 515,1904 541,1904 566,1905 592,1905 617,1905 643,1906 668,1906 694,1906 719,1907 745,1907 770,1908 796,1908 821,1909 847,1910 847,1879 821,1878 796,1877 770,1877 745,1876 719,1876 694,1875 668,1875 643,1875 617,1874 592,1874 566,1874 541,1873 515,1873 490,1872 464,1872 439,1872 414,1871"/>
                <Baseline points="414,1892 439,1893 464,1893 490,1893 515,1894 541,1894 566,1895 592,1895 617,1895 643,1896 668,1896 694,1896 719,1897 745,1897 770,1898 796,1898 821,1899 847,1900"/>
                <TextEquiv>
                    <Unicode>el total de lo que debe.</Unicode>
                </TextEquiv>
            </TextLine>
            <TextLine id="r_1_1l38" custom="readingOrder {index:37;}">
                <Coords points="362,1946 388,1946 414,1947 440,1948 466,1948 492,1949 518,1949 545,1950 571,1950 597,1950 623,1950 649,1951 675,1951 701,1951 728,1952 754,1952 780,1953 806,1953 832,1954 858,1955 885,1956 885,1925 858,1924 832,1923 806,1922 780,1922 754,1921 728,1921 701,1920 675,1920 649,1920 623,1919 597,1919 571,1919 545,1919 518,1918 492,1918 466,1917 440,1917 414,1916 388,1915 362,1915"/>
                <Baseline points="362,1936 388,1936 414,1937 440,1938 466,1938 492,1939 518,1939 545,1940 571,1940 597,1940 623,1940 649,1941 675,1941 701,1941 728,1942 754,1942 780,1943 806,1943 832,1944 858,1945 885,1946"/>
                <TextEquiv>
                    <Unicode>JUA. Señor, tenia tan viejos</Unicode>
                </TextEquiv>
            </TextLine>
            <TextLine id="r_1_1l39" custom="readingOrder {index:38;}">
                <Coords points="411,1990 436,1991 462,1991 488,1992 514,1993 540,1993 565,1993 591,1994 617,1994 643,1995 669,1995 695,1996 720,1996 746,1997 772,1998 798,1999 824,2000 850,2001 850,1970 824,1969 798,1968 772,1967 746,1966 720,1965 695,1965 669,1964 643,1964 617,1963 591,1963 565,1962 540,1962 514,1962 488,1961 462,1960 436,1960 411,1959"/>
                <Baseline points="411,1980 436,1981 462,1981 488,1982 514,1983 540,1983 565,1983 591,1984 617,1984 643,1985 669,1985 695,1986 720,1986 746,1987 772,1988 798,1989 824,1990 850,1991"/>
                <TextEquiv>
                    <Unicode>los hábitos que llevaba,</Unicode>
                </TextEquiv>
            </TextLine>
            <TextLine id="r_1_1l40" custom="readingOrder {index:39;}">
                <Coords points="412,2034 440,2035 469,2036 497,2037 526,2037 555,2038 583,2038 612,2039 641,2040 669,2040 698,2041 727,2042 755,2042 784,2043 813,2044 841,2045 870,2046 899,2047 927,2048 956,2050 985,2052 985,2021 956,2019 927,2017 899,2016 870,2015 841,2014 813,2013 784,2012 755,2011 727,2011 698,2010 669,2009 641,2009 612,2008 583,2007 555,2007 526,2006 497,2006 469,2005 440,2004 412,2003"/>
                <Baseline points="412,2024 440,2025 469,2026 497,2027 526,2027 555,2028 583,2028 612,2029 641,2030 669,2030 698,2031 727,2032 755,2032 784,2033 813,2034 841,2035 870,2036 899,2037 927,2038 956,2040 985,2042"/>
                <TextEquiv>
                    <Unicode>que era una irrision el verlos;</Unicode>
                </TextEquiv>
            </TextLine>
            <TextLine id="r_1_1l41" custom="readingOrder {index:40;}">
                <Coords points="417,2082 442,2082 467,2082 493,2083 518,2083 543,2084 569,2084 594,2085 619,2085 645,2086 670,2086 695,2087 721,2087 746,2087 771,2088 797,2088 797,2057 771,2057 746,2056 721,2056 695,2056 670,2055 645,2055 619,2054 594,2054 569,2053 543,2053 518,2052 493,2052 467,2051 442,2051 417,2051"/>
                <Baseline points="417,2072 442,2072 467,2072 493,2073 518,2073 543,2074 569,2074 594,2075 619,2075 645,2076 670,2076 695,2077 721,2077 746,2077 771,2078 797,2078"/>
                <TextEquiv>
                    <Unicode>y asi de piedad le dí</Unicode>
                </TextEquiv>
            </TextLine>
            <TextEquiv>
                <Unicode>AST. Señores, por no ser yo
de la discordia instrumento,
aquí está él peso.
Entrega á Juana un Ralendario.
ALC. 2.° Eso sí evácuese mi precepto,
porque si no, esperaba
bellaca noche en el zepo.
JUA. ¿Dónde el peso está?
AST. Ahí le tiene.
JUA. Es falsedad.
ALC. Es muy cierto.
JUA. Es malicia cuanto espresa,
pues solo me da en un pliego
un Ralendario.
AST. Está bien:
ábrale Vd. al momento, 
y busque el signo de Libra,
que allí está pintado el Peso.
ALC. 2.° Ha de pagar los reales,
realmente, y con efecto.
AST. Si la costumbre del mundo
con exactitud observo,
siempre que medien reales, 
las realidades se fueron.
ALC. 2.° Yo le harè pagar despues:
prosigue, Juana.
JUA. Me quejo
de la misma muerte.
ALC. 2.° Haré
que la maten al momento.
JUA. Pues este Médico osado,
ademas, de que el dinero
no quiere satisfacerme,
trata mi honor con desprecio.
ALC. 1.° Vamos por puntos, Juanilla,
y digame lo primero
el total de lo que debe.
JUA. Señor, tenia tan viejos
los hábitos que llevaba,
que era una irrision el verlos;
y asi de piedad le dí</Unicode>
            </TextEquiv>
        </TextRegion>
        <TextRegion orientation="0.0" type="paragraph" id="r_2_1" custom="readingOrder {index:2;}">
            <Coords points="1069,182 1796,182 1796,2113 1069,2113"/>
            <TextLine id="r_2_1l1" custom="readingOrder {index:0;}">
                <Coords points="1142,229 1168,229 1194,230 1220,231 1246,232 1272,233 1298,234 1324,235 1350,236 1376,237 1376,206 1350,205 1324,204 1298,203 1272,202 1246,201 1220,200 1194,199 1168,198 1142,198"/>
                <Baseline points="1142,219 1168,219 1194,220 1220,221 1246,222 1272,223 1298,224 1324,225 1350,226 1376,227"/>
                <TextEquiv>
                    <Unicode>una Sotana.</Unicode>
                </TextEquiv>
            </TextLine>
            <TextLine id="r_2_1l2" custom="readingOrder {index:1;}">
                <Coords points="1098,273 1124,274 1150,275 1176,276 1202,276 1228,277 1254,278 1281,278 1307,279 1333,279 1359,279 1385,279 1411,278 1437,278 1464,277 1464,246 1437,247 1411,247 1385,248 1359,248 1333,248 1307,248 1281,247 1254,247 1228,246 1202,245 1176,245 1150,244 1124,243 1098,242"/>
                <Baseline points="1098,263 1124,264 1150,265 1176,266 1202,266 1228,267 1254,268 1281,268 1307,269 1333,269 1359,269 1385,269 1411,268 1437,268 1464,267"/>
                <TextEquiv>
                    <Unicode>ALC. 2.° Pues luego</Unicode>
                </TextEquiv>
            </TextLine>
            <TextLine id="r_2_1l3" custom="readingOrder {index:2;}">
                <Coords points="1142,317 1168,318 1194,320 1221,321 1247,322 1274,322 1300,323 1326,324 1353,324 1379,325 1406,325 1432,325 1458,326 1485,326 1511,327 1538,327 1538,296 1511,296 1485,295 1458,295 1432,294 1406,294 1379,294 1353,293 1326,293 1300,292 1274,291 1247,291 1221,290 1194,289 1168,287 1142,286"/>
                <Baseline points="1142,307 1168,308 1194,310 1221,311 1247,312 1274,312 1300,313 1326,314 1353,314 1379,315 1406,315 1432,315 1458,316 1485,316 1511,317 1538,317"/>
                <TextEquiv>
                    <Unicode>la satisfaga la deuda.</Unicode>
                </TextEquiv>
            </TextLine>
            <TextLine id="r_2_1l4" custom="readingOrder {index:3;}">
                <Coords points="1097,361 1123,361 1150,361 1177,362 1203,363 1230,365 1257,366 1284,367 1310,368 1337,369 1364,369 1391,369 1391,338 1364,338 1337,338 1310,337 1284,336 1257,335 1230,334 1203,332 1177,331 1150,330 1123,330 1097,330"/>
                <Baseline points="1097,351 1123,351 1150,351 1177,352 1203,353 1230,355 1257,356 1284,357 1310,358 1337,359 1364,359 1391,359"/>
                <TextEquiv>
                    <Unicode>MED. No señor.</Unicode>
                </TextEquiv>
            </TextLine>
            <TextLine id="r_2_1l5" custom="readingOrder {index:4;}">
                <Coords points="1105,405 1130,406 1156,407 1182,408 1207,409 1233,410 1259,411 1284,411 1310,412 1336,412 1362,413 1387,413 1413,414 1439,414 1464,414 1490,414 1516,415 1541,415 1567,415 1593,416 1619,416 1619,385 1593,385 1567,384 1541,384 1516,384 1490,383 1464,383 1439,383 1413,383 1387,382 1362,382 1336,381 1310,381 1284,380 1259,380 1233,379 1207,378 1182,377 1156,376 1130,375 1105,374"/>
                <Baseline points="1105,395 1130,396 1156,397 1182,398 1207,399 1233,400 1259,401 1284,401 1310,402 1336,402 1362,403 1387,403 1413,404 1439,404 1464,404 1490,404 1516,405 1541,405 1567,405 1593,406 1619,406"/>
                <TextEquiv>
                    <Unicode>ALC. 2.° ¡Qué atrevimiento!</Unicode>
                </TextEquiv>
            </TextLine>
            <TextLine id="r_2_1l6" custom="readingOrder {index:5;}">
                <Coords points="1142,453 1167,454 1192,454 1217,455 1243,455 1268,456 1293,456 1318,456 1344,457 1369,458 1394,458 1419,458 1445,459 1470,459 1495,460 1520,460 1546,461 1571,461 1596,461 1621,461 1647,462 1647,431 1621,430 1596,430 1571,430 1546,430 1520,429 1495,429 1470,428 1445,428 1419,427 1394,427 1369,427 1344,426 1318,425 1293,425 1268,425 1243,424 1217,424 1192,423 1167,423 1142,422"/>
                <Baseline points="1142,443 1167,444 1192,444 1217,445 1243,445 1268,446 1293,446 1318,446 1344,447 1369,448 1394,448 1419,448 1445,449 1470,449 1495,450 1520,450 1546,451 1571,451 1596,451 1621,451 1647,452"/>
                <TextEquiv>
                    <Unicode>¿Pues diga, puede negarla?</Unicode>
                </TextEquiv>
            </TextLine>
            <TextLine id="r_2_1l7" custom="readingOrder {index:6;}">
                <Coords points="1098,494 1129,496 1161,497 1193,498 1225,499 1257,500 1288,501 1320,501 1352,502 1384,502 1416,503 1447,503 1479,503 1511,504 1543,504 1575,505 1606,506 1638,506 1670,507 1702,508 1734,509 1734,478 1702,477 1670,476 1638,475 1606,475 1575,474 1543,473 1511,473 1479,472 1447,472 1416,472 1384,471 1352,471 1320,470 1288,470 1257,469 1225,468 1193,467 1161,466 1129,465 1098,463"/>
                <Baseline points="1098,484 1129,486 1161,487 1193,488 1225,489 1257,490 1288,491 1320,491 1352,492 1384,492 1416,493 1447,493 1479,493 1511,494 1543,494 1575,495 1606,496 1638,496 1670,497 1702,498 1734,499"/>
                <TextEquiv>
                    <Unicode>MED. Si señor, mucho que puedo,</Unicode>
                </TextEquiv>
            </TextLine>
            <TextLine id="r_2_1l8" custom="readingOrder {index:7;}">
                <Coords points="1149,538 1174,541 1200,543 1226,544 1252,545 1278,546 1304,546 1330,547 1356,547 1382,547 1408,547 1434,547 1460,547 1486,547 1512,548 1538,548 1564,549 1590,549 1616,551 1642,552 1642,521 1616,520 1590,518 1564,518 1538,517 1512,517 1486,516 1460,516 1434,516 1408,516 1382,516 1356,516 1330,516 1304,515 1278,515 1252,514 1226,513 1200,512 1174,510 1149,507"/>
                <Baseline points="1149,528 1174,531 1200,533 1226,534 1252,535 1278,536 1304,536 1330,537 1356,537 1382,537 1408,537 1434,537 1460,537 1486,537 1512,538 1538,538 1564,539 1590,539 1616,541 1642,542"/>
                <TextEquiv>
                    <Unicode>que yo nací de las malvas,</Unicode>
                </TextEquiv>
            </TextLine>
            <TextLine id="r_2_1l9" custom="readingOrder {index:8;}">
                <Coords points="1140,581 1166,583 1193,585 1220,586 1247,588 1274,589 1301,590 1327,590 1354,591 1381,591 1408,592 1435,592 1462,592 1489,592 1515,593 1542,593 1569,593 1596,594 1623,594 1650,595 1677,596 1677,565 1650,564 1623,563 1596,563 1569,562 1542,562 1515,562 1489,561 1462,561 1435,561 1408,561 1381,560 1354,560 1327,559 1301,559 1274,558 1247,557 1220,555 1193,554 1166,552 1140,550"/>
                <Baseline points="1140,571 1166,573 1193,575 1220,576 1247,578 1274,579 1301,580 1327,580 1354,581 1381,581 1408,582 1435,582 1462,582 1489,582 1515,583 1542,583 1569,583 1596,584 1623,584 1650,585 1677,586"/>
                <TextEquiv>
                    <Unicode>sin tener deudas, ni deudos.</Unicode>
                </TextEquiv>
            </TextLine>
            <TextLine id="r_2_1l10" custom="readingOrder {index:9;}">
                <Coords points="1102,626 1132,628 1162,629 1192,631 1222,631 1252,633 1282,633 1312,634 1342,635 1372,636 1403,636 1433,637 1463,637 1493,638 1523,638 1553,638 1583,639 1613,639 1643,639 1673,640 1704,640 1704,609 1673,609 1643,608 1613,608 1583,608 1553,607 1523,607 1493,607 1463,606 1433,606 1403,605 1372,605 1342,604 1312,603 1282,602 1252,602 1222,600 1192,600 1162,598 1132,597 1102,595"/>
                <Baseline points="1102,616 1132,618 1162,619 1192,621 1222,621 1252,623 1282,623 1312,624 1342,625 1372,626 1403,626 1433,627 1463,627 1493,628 1523,628 1553,628 1583,629 1613,629 1643,629 1673,630 1704,630"/>
                <TextEquiv>
                    <Unicode>ALC. 2.° Déle al punto la sotana.</Unicode>
                </TextEquiv>
            </TextLine>
            <TextLine id="r_2_1l11" custom="readingOrder {index:10;}">
                <Coords points="1098,670 1128,672 1158,673 1188,674 1218,676 1248,676 1278,677 1309,678 1339,679 1369,680 1399,680 1429,681 1459,681 1489,682 1520,682 1550,682 1580,683 1610,683 1640,683 1670,683 1701,684 1701,653 1670,652 1640,652 1610,652 1580,652 1550,651 1520,651 1489,651 1459,650 1429,650 1399,649 1369,649 1339,648 1309,647 1278,646 1248,645 1218,645 1188,643 1158,642 1128,641 1098,639"/>
                <Baseline points="1098,660 1128,662 1158,663 1188,664 1218,666 1248,666 1278,667 1309,668 1339,669 1369,670 1399,670 1429,671 1459,671 1489,672 1520,672 1550,672 1580,673 1610,673 1640,673 1670,673 1701,674"/>
                <TextEquiv>
                    <Unicode>MED. Fuera mucho atrevimiento</Unicode>
                </TextEquiv>
            </TextLine>
            <TextLine id="r_2_1l12" custom="readingOrder {index:11;}">
                <Coords points="1145,715 1171,716 1197,717 1223,719 1249,720 1275,721 1301,722 1327,723 1354,724 1380,725 1406,725 1432,726 1458,726 1484,726 1510,725 1537,725 1537,694 1510,694 1484,695 1458,695 1432,695 1406,694 1380,694 1354,693 1327,692 1301,691 1275,690 1249,689 1223,688 1197,686 1171,685 1145,684"/>
                <Baseline points="1145,705 1171,706 1197,707 1223,709 1249,710 1275,711 1301,712 1327,713 1354,714 1380,715 1406,715 1432,716 1458,716 1484,716 1510,715 1537,715"/>
                <TextEquiv>
                    <Unicode>delante de la Justicia</Unicode>
                </TextEquiv>
            </TextLine>
            <TextLine id="r_2_1l13" custom="readingOrder {index:12;}">
                <Coords points="1138,760 1163,761 1188,762 1213,762 1238,763 1263,764 1288,765 1313,766 1338,767 1363,768 1388,769 1413,770 1438,770 1463,771 1488,771 1513,771 1538,771 1564,771 1564,740 1538,740 1513,740 1488,740 1463,740 1438,739 1413,739 1388,738 1363,737 1338,736 1313,735 1288,734 1263,733 1238,732 1213,731 1188,731 1163,730 1138,729"/>
                <Baseline points="1138,750 1163,751 1188,752 1213,752 1238,753 1263,754 1288,755 1313,756 1338,757 1363,758 1388,759 1413,760 1438,760 1463,761 1488,761 1513,761 1538,761 1564,761"/>
                <TextEquiv>
                    <Unicode>hacer un acto tan feo:</Unicode>
                </TextEquiv>
            </TextLine>
            <TextLine id="r_2_1l14" custom="readingOrder {index:13;}">
                <Coords points="1145,804 1170,805 1195,806 1220,807 1245,808 1270,808 1295,810 1320,811 1345,812 1370,813 1396,814 1421,815 1446,816 1471,816 1496,817 1521,817 1546,817 1571,816 1596,816 1622,815 1622,784 1596,785 1571,785 1546,786 1521,786 1496,786 1471,785 1446,785 1421,784 1396,783 1370,782 1345,781 1320,780 1295,779 1270,777 1245,777 1220,776 1195,775 1170,774 1145,773"/>
                <Baseline points="1145,794 1170,795 1195,796 1220,797 1245,798 1270,798 1295,800 1320,801 1345,802 1370,803 1396,804 1421,805 1446,806 1471,806 1496,807 1521,807 1546,807 1571,806 1596,806 1622,805"/>
                <TextEquiv>
                    <Unicode>si sotanas quiere, en casa</Unicode>
                </TextEquiv>
            </TextLine>
            <TextLine id="r_2_1l15" custom="readingOrder {index:14;}">
                <Coords points="1138,847 1164,848 1190,849 1216,851 1242,851 1268,853 1294,854 1320,855 1346,856 1373,857 1399,857 1425,859 1451,859 1477,860 1503,860 1529,860 1555,861 1581,861 1608,860 1608,829 1581,830 1555,830 1529,829 1503,829 1477,829 1451,828 1425,828 1399,826 1373,826 1346,825 1320,824 1294,823 1268,822 1242,820 1216,820 1190,818 1164,817 1138,816"/>
                <Baseline points="1138,837 1164,838 1190,839 1216,841 1242,841 1268,843 1294,844 1320,845 1346,846 1373,847 1399,847 1425,849 1451,849 1477,850 1503,850 1529,850 1555,851 1581,851 1608,850"/>
                <TextEquiv>
                    <Unicode>le daré yo mas de ciento.</Unicode>
                </TextEquiv>
            </TextLine>
            <TextLine id="r_2_1l16" custom="readingOrder {index:15;}">
                <Coords points="1096,893 1130,894 1164,894 1198,895 1232,896 1267,897 1301,898 1335,899 1369,900 1403,901 1438,902 1472,903 1506,904 1540,905 1574,905 1609,906 1643,907 1677,907 1711,908 1745,908 1780,909 1780,878 1745,877 1711,877 1677,876 1643,876 1609,875 1574,874 1540,874 1506,873 1472,872 1438,871 1403,870 1369,869 1335,868 1301,867 1267,866 1232,865 1198,864 1164,863 1130,863 1096,862"/>
                <Baseline points="1096,883 1130,884 1164,884 1198,885 1232,886 1267,887 1301,888 1335,889 1369,890 1403,891 1438,892 1472,893 1506,894 1540,895 1574,895 1609,896 1643,897 1677,897 1711,898 1745,898 1780,899"/>
                <TextEquiv>
                    <Unicode>ALC. 1.° Vamos pagándole al punto.</Unicode>
                </TextEquiv>
            </TextLine>
            <TextLine id="r_2_1l17" custom="readingOrder {index:16;}">
                <Coords points="1102,937 1130,937 1158,938 1186,939 1214,940 1242,941 1270,942 1298,943 1326,944 1354,945 1383,946 1411,947 1439,948 1467,948 1495,949 1523,949 1551,950 1579,950 1607,950 1635,950 1664,949 1664,918 1635,919 1607,919 1579,919 1551,919 1523,918 1495,918 1467,917 1439,917 1411,916 1383,915 1354,914 1326,913 1298,912 1270,911 1242,910 1214,909 1186,908 1158,907 1130,906 1102,906"/>
                <Baseline points="1102,927 1130,927 1158,928 1186,929 1214,930 1242,931 1270,932 1298,933 1326,934 1354,935 1383,936 1411,937 1439,938 1467,938 1495,939 1523,939 1551,940 1579,940 1607,940 1635,940 1664,939"/>
                <TextEquiv>
                    <Unicode>MED. Yo, señor, nada la debo.</Unicode>
                </TextEquiv>
            </TextLine>
            <TextLine id="r_2_1l18" custom="readingOrder {index:17;}">
                <Coords points="1098,983 1124,983 1151,983 1178,984 1205,984 1232,985 1259,986 1285,986 1312,987 1339,988 1366,989 1393,990 1420,991 1447,992 1473,992 1500,993 1527,993 1554,994 1581,994 1608,994 1635,994 1635,963 1608,963 1581,963 1554,963 1527,962 1500,962 1473,961 1447,961 1420,960 1393,959 1366,958 1339,957 1312,956 1285,955 1259,955 1232,954 1205,953 1178,953 1151,952 1124,952 1098,952"/>
                <Baseline points="1098,973 1124,973 1151,973 1178,974 1205,974 1232,975 1259,976 1285,976 1312,977 1339,978 1366,979 1393,980 1420,981 1447,982 1473,982 1500,983 1527,983 1554,984 1581,984 1608,984 1635,984"/>
                <TextEquiv>
                    <Unicode>JUA. Pues diga. ¿puede negar</Unicode>
                </TextEquiv>
            </TextLine>
            <TextLine id="r_2_1l19" custom="readingOrder {index:18;}">
                <Coords points="1138,1026 1163,1027 1188,1028 1213,1029 1238,1030 1263,1031 1288,1031 1313,1032 1338,1032 1363,1033 1388,1033 1413,1034 1438,1034 1463,1035 1488,1035 1513,1036 1538,1037 1563,1038 1588,1039 1588,1009 1563,1008 1538,1007 1513,1006 1488,1005 1463,1005 1438,1004 1413,1004 1388,1003 1363,1003 1338,1002 1313,1002 1288,1001 1263,1001 1238,1000 1213,999 1188,998 1163,997 1138,996"/>
                <Baseline points="1138,1016 1163,1017 1188,1018 1213,1019 1238,1020 1263,1021 1288,1021 1313,1022 1338,1022 1363,1023 1388,1023 1413,1024 1438,1024 1463,1025 1488,1025 1513,1026 1538,1027 1563,1028 1588,1029"/>
                <TextEquiv>
                    <Unicode>el bellaco, el trapacero,</Unicode>
                </TextEquiv>
            </TextLine>
            <TextLine id="r_2_1l20" custom="readingOrder {index:19;}">
                <Coords points="1135,1068 1160,1069 1186,1071 1212,1072 1238,1073 1264,1073 1290,1075 1316,1075 1342,1076 1368,1077 1394,1077 1420,1078 1446,1078 1472,1079 1498,1079 1524,1080 1550,1080 1576,1080 1602,1081 1628,1081 1628,1051 1602,1051 1576,1050 1550,1050 1524,1050 1498,1049 1472,1049 1446,1048 1420,1048 1394,1047 1368,1047 1342,1046 1316,1045 1290,1045 1264,1043 1238,1043 1212,1042 1186,1041 1160,1039 1135,1038"/>
                <Baseline points="1135,1058 1160,1059 1186,1061 1212,1062 1238,1063 1264,1063 1290,1065 1316,1065 1342,1066 1368,1067 1394,1067 1420,1068 1446,1068 1472,1069 1498,1069 1524,1070 1550,1070 1576,1070 1602,1071 1628,1071"/>
                <TextEquiv>
                    <Unicode>que esta sotana es la mia?</Unicode>
                </TextEquiv>
            </TextLine>
            <TextLine id="r_2_1l21" custom="readingOrder {index:20;}">
                <Coords points="1090,1116 1123,1116 1156,1116 1189,1117 1223,1117 1256,1118 1289,1118 1322,1119 1356,1120 1389,1121 1422,1122 1455,1123 1489,1124 1522,1124 1555,1125 1588,1126 1622,1126 1655,1127 1688,1127 1721,1127 1755,1128 1755,1097 1721,1096 1688,1096 1655,1096 1622,1095 1588,1095 1555,1094 1522,1093 1489,1093 1455,1092 1422,1091 1389,1090 1356,1089 1322,1088 1289,1087 1256,1087 1223,1086 1189,1086 1156,1085 1123,1085 1090,1085"/>
                <Baseline points="1090,1106 1123,1106 1156,1106 1189,1107 1223,1107 1256,1108 1289,1108 1322,1109 1356,1110 1389,1111 1422,1112 1455,1113 1489,1114 1522,1114 1555,1115 1588,1116 1622,1116 1655,1117 1688,1117 1721,1117 1755,1118"/>
                <TextEquiv>
                    <Unicode>MED. Bien claro está que no puedo</Unicode>
                </TextEquiv>
            </TextLine>
            <TextLine id="r_2_1l22" custom="readingOrder {index:21;}">
                <Coords points="1133,1162 1159,1162 1185,1162 1211,1162 1237,1162 1263,1163 1289,1163 1315,1164 1341,1164 1367,1165 1393,1166 1419,1166 1445,1167 1471,1167 1497,1168 1523,1168 1549,1168 1575,1168 1575,1137 1549,1137 1523,1137 1497,1137 1471,1136 1445,1136 1419,1135 1393,1135 1367,1134 1341,1133 1315,1133 1289,1132 1263,1132 1237,1131 1211,1131 1185,1131 1159,1131 1133,1131"/>
                <Baseline points="1133,1152 1159,1152 1185,1152 1211,1152 1237,1152 1263,1153 1289,1153 1315,1154 1341,1154 1367,1155 1393,1156 1419,1156 1445,1157 1471,1157 1497,1158 1523,1158 1549,1158 1575,1158"/>
                <TextEquiv>
                    <Unicode>porque se parece a vos</Unicode>
                </TextEquiv>
            </TextLine>
            <TextLine id="r_2_1l23" custom="readingOrder {index:22;}">
                <Coords points="1142,1207 1167,1207 1193,1207 1219,1207 1245,1207 1271,1208 1297,1208 1323,1209 1349,1209 1375,1210 1401,1210 1427,1211 1453,1211 1479,1212 1505,1213 1531,1213 1557,1214 1557,1183 1531,1182 1505,1182 1479,1181 1453,1180 1427,1180 1401,1179 1375,1179 1349,1178 1323,1178 1297,1177 1271,1177 1245,1176 1219,1176 1193,1176 1167,1176 1142,1176"/>
                <Baseline points="1142,1197 1167,1197 1193,1197 1219,1197 1245,1197 1271,1198 1297,1198 1323,1199 1349,1199 1375,1200 1401,1200 1427,1201 1453,1201 1479,1202 1505,1203 1531,1203 1557,1204"/>
                <TextEquiv>
                    <Unicode>la sotana con estremo.</Unicode>
                </TextEquiv>
            </TextLine>
            <TextLine id="r_2_1l24" custom="readingOrder {index:23;}">
                <Coords points="1086,1253 1111,1252 1137,1251 1163,1251 1189,1251 1215,1251 1241,1252 1267,1252 1293,1253 1319,1253 1345,1254 1371,1255 1397,1256 1423,1256 1449,1257 1475,1257 1501,1258 1527,1258 1553,1258 1553,1227 1527,1227 1501,1227 1475,1226 1449,1226 1423,1225 1397,1225 1371,1224 1345,1223 1319,1222 1293,1222 1267,1221 1241,1221 1215,1220 1189,1220 1163,1220 1137,1220 1111,1221 1086,1222"/>
                <Baseline points="1086,1243 1111,1242 1137,1241 1163,1241 1189,1241 1215,1241 1241,1242 1267,1242 1293,1243 1319,1243 1345,1244 1371,1245 1397,1246 1423,1246 1449,1247 1475,1247 1501,1248 1527,1248 1553,1248"/>
                <TextEquiv>
                    <Unicode>ALC. 2.°Decid, ¿en qué?</Unicode>
                </TextEquiv>
            </TextLine>
            <TextLine id="r_2_1l25" custom="readingOrder {index:24;}">
                <Coords points="1087,1296 1118,1296 1149,1296 1180,1296 1212,1296 1243,1297 1274,1297 1305,1298 1337,1298 1368,1299 1399,1300 1430,1300 1462,1301 1493,1302 1524,1302 1555,1303 1587,1304 1618,1304 1649,1305 1680,1306 1712,1306 1712,1275 1680,1275 1649,1274 1618,1273 1587,1273 1555,1272 1524,1271 1493,1271 1462,1270 1430,1269 1399,1269 1368,1268 1337,1267 1305,1267 1274,1266 1243,1266 1212,1265 1180,1265 1149,1265 1118,1265 1087,1265"/>
                <Baseline points="1087,1286 1118,1286 1149,1286 1180,1286 1212,1286 1243,1287 1274,1287 1305,1288 1337,1288 1368,1289 1399,1290 1430,1290 1462,1291 1493,1292 1524,1292 1555,1293 1587,1294 1618,1294 1649,1295 1680,1296 1712,1296"/>
                <TextEquiv>
                    <Unicode>MED. En lo raida y en lo puerca.</Unicode>
                </TextEquiv>
            </TextLine>
            <TextLine id="r_2_1l26" custom="readingOrder {index:25;}">
                <Coords points="1087,1339 1112,1339 1138,1340 1164,1340 1189,1341 1215,1341 1241,1341 1266,1341 1292,1342 1318,1342 1343,1342 1369,1343 1395,1344 1421,1344 1421,1313 1395,1313 1369,1312 1343,1311 1318,1311 1292,1311 1266,1310 1241,1310 1215,1310 1189,1310 1164,1309 1138,1309 1112,1308 1087,1308"/>
                <Baseline points="1087,1329 1112,1329 1138,1330 1164,1330 1189,1331 1215,1331 1241,1331 1266,1331 1292,1332 1318,1332 1343,1332 1369,1333 1395,1334 1421,1334"/>
                <TextEquiv>
                    <Unicode>JUA. ¿Esto tolero?</Unicode>
                </TextEquiv>
            </TextLine>
            <TextLine id="r_2_1l27" custom="readingOrder {index:26;}">
                <Coords points="1092,1384 1119,1384 1146,1385 1173,1385 1200,1385 1228,1386 1255,1386 1282,1386 1309,1387 1336,1387 1364,1388 1391,1388 1418,1388 1445,1389 1472,1390 1500,1390 1527,1391 1554,1392 1581,1393 1608,1394 1636,1395 1636,1364 1608,1363 1581,1362 1554,1361 1527,1360 1500,1359 1472,1359 1445,1358 1418,1357 1391,1357 1364,1357 1336,1356 1309,1356 1282,1355 1255,1355 1228,1355 1200,1354 1173,1354 1146,1354 1119,1353 1092,1353"/>
                <Baseline points="1092,1374 1119,1374 1146,1375 1173,1375 1200,1375 1228,1376 1255,1376 1282,1376 1309,1377 1336,1377 1364,1378 1391,1378 1418,1378 1445,1379 1472,1380 1500,1380 1527,1381 1554,1382 1581,1383 1608,1384 1636,1385"/>
                <TextEquiv>
                    <Unicode>MED. Por sotanas tanta bulla,</Unicode>
                </TextEquiv>
            </TextLine>
            <TextLine id="r_2_1l28" custom="readingOrder {index:27;}">
                <Coords points="1136,1429 1166,1429 1197,1429 1228,1430 1258,1430 1289,1430 1320,1431 1350,1431 1381,1432 1412,1432 1443,1433 1473,1433 1504,1434 1535,1435 1565,1436 1596,1436 1627,1437 1657,1438 1688,1439 1719,1440 1750,1440 1750,1409 1719,1409 1688,1408 1657,1407 1627,1406 1596,1405 1565,1405 1535,1404 1504,1403 1473,1402 1443,1402 1412,1401 1381,1401 1350,1400 1320,1400 1289,1399 1258,1399 1228,1399 1197,1398 1166,1398 1136,1398"/>
                <Baseline points="1136,1419 1166,1419 1197,1419 1228,1420 1258,1420 1289,1420 1320,1421 1350,1421 1381,1422 1412,1422 1443,1423 1473,1423 1504,1424 1535,1425 1565,1426 1596,1426 1627,1427 1657,1428 1688,1429 1719,1430 1750,1430"/>
                <TextEquiv>
                    <Unicode>cuando andan los muchachuelos</Unicode>
                </TextEquiv>
            </TextLine>
            <TextLine id="r_2_1l29" custom="readingOrder {index:28;}">
                <Coords points="1134,1474 1161,1474 1189,1474 1216,1474 1244,1474 1271,1474 1299,1475 1326,1475 1354,1476 1381,1476 1409,1477 1436,1477 1464,1478 1491,1479 1519,1480 1546,1480 1574,1481 1601,1482 1629,1483 1656,1484 1684,1485 1684,1455 1656,1454 1629,1453 1601,1452 1574,1451 1546,1450 1519,1450 1491,1449 1464,1448 1436,1447 1409,1447 1381,1446 1354,1446 1326,1445 1299,1445 1271,1444 1244,1444 1216,1444 1189,1444 1161,1444 1134,1444"/>
                <Baseline points="1134,1464 1161,1464 1189,1464 1216,1464 1244,1464 1271,1464 1299,1465 1326,1465 1354,1466 1381,1466 1409,1467 1436,1467 1464,1468 1491,1469 1519,1470 1546,1470 1574,1471 1601,1472 1629,1473 1656,1474 1684,1475"/>
                <TextEquiv>
                    <Unicode>gimiendo siempre y llorando,</Unicode>
                </TextEquiv>
            </TextLine>
            <TextLine id="r_2_1l30" custom="readingOrder {index:29;}">
                <Coords points="1131,1515 1157,1516 1184,1517 1211,1518 1238,1518 1264,1519 1291,1520 1318,1520 1345,1521 1371,1521 1398,1521 1425,1522 1452,1522 1478,1523 1505,1523 1532,1524 1559,1524 1585,1525 1612,1526 1639,1527 1666,1528 1666,1498 1639,1497 1612,1496 1585,1495 1559,1494 1532,1494 1505,1493 1478,1493 1452,1492 1425,1492 1398,1491 1371,1491 1345,1491 1318,1490 1291,1490 1264,1489 1238,1488 1211,1488 1184,1487 1157,1486 1131,1485"/>
                <Baseline points="1131,1505 1157,1506 1184,1507 1211,1508 1238,1508 1264,1509 1291,1510 1318,1510 1345,1511 1371,1511 1398,1511 1425,1512 1452,1512 1478,1513 1505,1513 1532,1514 1559,1514 1585,1515 1612,1516 1639,1517 1666,1518"/>
                <TextEquiv>
                    <Unicode>por las que le da el maestro.</Unicode>
                </TextEquiv>
            </TextLine>
            <TextLine id="r_2_1l31" custom="readingOrder {index:30;}">
                <Coords points="1091,1562 1119,1561 1147,1561 1175,1561 1203,1562 1231,1562 1259,1562 1288,1563 1316,1563 1344,1564 1372,1564 1400,1565 1428,1566 1456,1567 1485,1568 1513,1568 1541,1569 1569,1570 1597,1571 1625,1571 1654,1572 1654,1541 1625,1540 1597,1540 1569,1539 1541,1538 1513,1537 1485,1537 1456,1536 1428,1535 1400,1534 1372,1533 1344,1533 1316,1532 1288,1532 1259,1531 1231,1531 1203,1531 1175,1530 1147,1530 1119,1530 1091,1531"/>
                <Baseline points="1091,1552 1119,1551 1147,1551 1175,1551 1203,1552 1231,1552 1259,1552 1288,1553 1316,1553 1344,1554 1372,1554 1400,1555 1428,1556 1456,1557 1485,1558 1513,1558 1541,1559 1569,1560 1597,1561 1625,1561 1654,1562"/>
                <TextEquiv>
                    <Unicode>JUA. Esto solo es hacer burla;</Unicode>
                </TextEquiv>
            </TextLine>
            <TextLine id="r_2_1l32" custom="readingOrder {index:31;}">
                <Coords points="1132,1610 1158,1609 1184,1609 1211,1608 1237,1608 1264,1608 1290,1608 1316,1608 1343,1609 1369,1609 1396,1610 1422,1610 1448,1611 1475,1612 1501,1612 1528,1613 1554,1614 1580,1615 1607,1615 1633,1616 1660,1616 1660,1586 1633,1586 1607,1585 1580,1585 1554,1584 1528,1583 1501,1582 1475,1582 1448,1581 1422,1580 1396,1580 1369,1579 1343,1579 1316,1578 1290,1578 1264,1578 1237,1578 1211,1578 1184,1579 1158,1579 1132,1580"/>
                <Baseline points="1132,1600 1158,1599 1184,1599 1211,1598 1237,1598 1264,1598 1290,1598 1316,1598 1343,1599 1369,1599 1396,1600 1422,1600 1448,1601 1475,1602 1501,1602 1528,1603 1554,1604 1580,1605 1607,1605 1633,1606 1660,1606"/>
                <TextEquiv>
                    <Unicode>y pues que cobrar no puedo</Unicode>
                </TextEquiv>
            </TextLine>
            <TextLine id="r_2_1l33" custom="readingOrder {index:32;}">
                <Coords points="1126,1649 1152,1649 1178,1650 1204,1650 1230,1650 1257,1651 1283,1651 1309,1652 1335,1653 1361,1653 1388,1654 1414,1654 1440,1655 1466,1655 1492,1656 1519,1657 1545,1658 1571,1658 1597,1659 1624,1660 1624,1630 1597,1629 1571,1628 1545,1628 1519,1627 1492,1626 1466,1625 1440,1625 1414,1624 1388,1624 1361,1623 1335,1623 1309,1622 1283,1621 1257,1621 1230,1620 1204,1620 1178,1620 1152,1619 1126,1619"/>
                <Baseline points="1126,1639 1152,1639 1178,1640 1204,1640 1230,1640 1257,1641 1283,1641 1309,1642 1335,1643 1361,1643 1388,1644 1414,1644 1440,1645 1466,1645 1492,1646 1519,1647 1545,1648 1571,1648 1597,1649 1624,1650"/>
                <TextEquiv>
                    <Unicode>la deuda, porque no tiene</Unicode>
                </TextEquiv>
            </TextLine>
            <TextLine id="r_2_1l34" custom="readingOrder {index:33;}">
                <Coords points="1127,1692 1152,1693 1177,1694 1202,1694 1227,1695 1253,1696 1278,1696 1303,1696 1328,1697 1353,1697 1379,1698 1404,1699 1429,1699 1454,1700 1479,1700 1505,1700 1530,1701 1555,1702 1580,1702 1606,1703 1606,1672 1580,1671 1555,1671 1530,1670 1505,1669 1479,1669 1454,1669 1429,1668 1404,1668 1379,1667 1353,1666 1328,1666 1303,1665 1278,1665 1253,1665 1227,1664 1202,1663 1177,1663 1152,1662 1127,1661"/>
                <Baseline points="1127,1682 1152,1683 1177,1684 1202,1684 1227,1685 1253,1686 1278,1686 1303,1686 1328,1687 1353,1687 1379,1688 1404,1689 1429,1689 1454,1690 1479,1690 1505,1690 1530,1691 1555,1692 1580,1692 1606,1693"/>
                <TextEquiv>
                    <Unicode>en su bolsillo un dinero,</Unicode>
                </TextEquiv>
            </TextLine>
            <TextLine id="r_2_1l35" custom="readingOrder {index:34;}">
                <Coords points="1132,1737 1158,1737 1185,1738 1211,1739 1238,1739 1265,1740 1291,1740 1318,1741 1344,1741 1371,1742 1398,1743 1424,1743 1451,1744 1477,1744 1504,1745 1531,1745 1557,1746 1584,1747 1610,1747 1637,1748 1664,1749 1664,1718 1637,1717 1610,1716 1584,1716 1557,1715 1531,1714 1504,1714 1477,1713 1451,1713 1424,1712 1398,1712 1371,1711 1344,1710 1318,1710 1291,1709 1265,1709 1238,1708 1211,1708 1185,1707 1158,1706 1132,1706"/>
                <Baseline points="1132,1727 1158,1727 1185,1728 1211,1729 1238,1729 1265,1730 1291,1730 1318,1731 1344,1731 1371,1732 1398,1733 1424,1733 1451,1734 1477,1734 1504,1735 1531,1735 1557,1736 1584,1737 1610,1737 1637,1738 1664,1739"/>
                <TextEquiv>
                    <Unicode>mi honor pide el desagravio.</Unicode>
                </TextEquiv>
            </TextLine>
            <TextLine id="r_2_1l36" custom="readingOrder {index:35;}">
                <Coords points="1081,1783 1114,1783 1148,1784 1182,1784 1216,1784 1250,1785 1284,1785 1317,1786 1351,1787 1385,1787 1419,1788 1453,1789 1487,1789 1521,1790 1554,1791 1588,1792 1622,1793 1656,1794 1690,1795 1724,1796 1758,1797 1758,1767 1724,1766 1690,1765 1656,1764 1622,1763 1588,1762 1554,1761 1521,1760 1487,1759 1453,1759 1419,1758 1385,1757 1351,1757 1317,1756 1284,1755 1250,1755 1216,1754 1182,1754 1148,1754 1114,1753 1081,1753"/>
                <Baseline points="1081,1773 1114,1773 1148,1774 1182,1774 1216,1774 1250,1775 1284,1775 1317,1776 1351,1777 1385,1777 1419,1778 1453,1779 1487,1779 1521,1780 1554,1781 1588,1782 1622,1783 1656,1784 1690,1785 1724,1786 1758,1787"/>
                <TextEquiv>
                    <Unicode>ALC. 2.° ¿Qué agravio es el que te ha</Unicode>
                </TextEquiv>
            </TextLine>
            <TextLine id="r_2_1l37" custom="readingOrder {index:36;}">
                <Coords points="1129,1827 1154,1827 1180,1827 1205,1828 1231,1828 1257,1827 1257,1797 1231,1798 1205,1798 1180,1797 1154,1797 1129,1797"/>
                <Baseline points="1129,1817 1154,1817 1180,1817 1205,1818 1231,1818 1257,1817"/>
                <TextEquiv>
                    <Unicode>hecho?</Unicode>
                </TextEquiv>
            </TextLine>
            <TextLine id="r_2_1l38" custom="readingOrder {index:37;}">
                <Coords points="1083,1870 1113,1870 1144,1871 1175,1871 1205,1872 1236,1872 1267,1873 1297,1874 1328,1875 1359,1876 1390,1876 1420,1877 1451,1878 1482,1879 1512,1880 1543,1880 1574,1881 1604,1882 1635,1882 1666,1883 1697,1884 1697,1853 1666,1852 1635,1851 1604,1851 1574,1850 1543,1849 1512,1849 1482,1848 1451,1847 1420,1846 1390,1845 1359,1845 1328,1844 1297,1843 1267,1842 1236,1841 1205,1841 1175,1840 1144,1840 1113,1839 1083,1839"/>
                <Baseline points="1083,1860 1113,1860 1144,1861 1175,1861 1205,1862 1236,1862 1267,1863 1297,1864 1328,1865 1359,1866 1390,1866 1420,1867 1451,1868 1482,1869 1512,1870 1543,1870 1574,1871 1604,1872 1635,1872 1666,1873 1697,1874"/>
                <TextEquiv>
                    <Unicode>JUA. Se toman dos mil licencias.</Unicode>
                </TextEquiv>
            </TextLine>
            <TextLine id="r_2_1l39" custom="readingOrder {index:38;}">
                <Coords points="1079,1916 1113,1916 1147,1916 1181,1916 1215,1917 1249,1917 1283,1918 1317,1919 1351,1920 1385,1921 1420,1922 1454,1923 1488,1924 1522,1925 1556,1926 1590,1927 1624,1928 1658,1929 1692,1929 1726,1929 1761,1930 1761,1899 1726,1898 1692,1898 1658,1898 1624,1897 1590,1896 1556,1895 1522,1894 1488,1893 1454,1892 1420,1891 1385,1890 1351,1889 1317,1888 1283,1887 1249,1886 1215,1886 1181,1885 1147,1885 1113,1885 1079,1885"/>
                <Baseline points="1079,1906 1113,1906 1147,1906 1181,1906 1215,1907 1249,1907 1283,1908 1317,1909 1351,1910 1385,1911 1420,1912 1454,1913 1488,1914 1522,1915 1556,1916 1590,1917 1624,1918 1658,1919 1692,1919 1726,1919 1761,1920"/>
                <TextEquiv>
                    <Unicode>MED. Pues dos mil y una contemos:</Unicode>
                </TextEquiv>
            </TextLine>
            <TextLine id="r_2_1l40" custom="readingOrder {index:39;}">
                <Coords points="1125,1960 1150,1960 1176,1961 1202,1961 1228,1961 1254,1962 1279,1963 1305,1963 1331,1964 1357,1964 1383,1965 1409,1966 1434,1967 1460,1967 1486,1969 1512,1969 1538,1971 1564,1972 1564,1941 1538,1940 1512,1938 1486,1938 1460,1936 1434,1936 1409,1935 1383,1934 1357,1933 1331,1933 1305,1932 1279,1932 1254,1931 1228,1930 1202,1930 1176,1930 1150,1929 1125,1929"/>
                <Baseline points="1125,1950 1150,1950 1176,1951 1202,1951 1228,1951 1254,1952 1279,1953 1305,1953 1331,1954 1357,1954 1383,1955 1409,1956 1434,1957 1460,1957 1486,1959 1512,1959 1538,1961 1564,1962"/>
                <TextEquiv>
                    <Unicode>me tomaré la de irme,</Unicode>
                </TextEquiv>
            </TextLine>
            <TextLine id="r_2_1l41" custom="readingOrder {index:40;}">
                <Coords points="1121,2004 1146,2004 1171,2005 1196,2006 1221,2006 1247,2007 1272,2007 1297,2008 1322,2008 1348,2009 1373,2010 1398,2010 1423,2011 1448,2012 1474,2013 1499,2014 1524,2015 1549,2016 1575,2018 1575,1987 1549,1985 1524,1984 1499,1983 1474,1982 1448,1981 1423,1980 1398,1979 1373,1979 1348,1978 1322,1977 1297,1977 1272,1976 1247,1976 1221,1975 1196,1975 1171,1974 1146,1973 1121,1973"/>
                <Baseline points="1121,1994 1146,1994 1171,1995 1196,1996 1221,1996 1247,1997 1272,1997 1297,1998 1322,1998 1348,1999 1373,2000 1398,2000 1423,2001 1448,2002 1474,2003 1499,2004 1524,2005 1549,2006 1575,2008"/>
                <TextEquiv>
                    <Unicode>sin pagaros y sin veros,</Unicode>
                </TextEquiv>
            </TextLine>
            <TextLine id="r_2_1l42" custom="readingOrder {index:41;}">
                <Coords points="1082,2049 1107,2049 1133,2050 1159,2050 1184,2051 1210,2051 1236,2051 1262,2051 1287,2052 1313,2052 1339,2053 1365,2053 1390,2054 1416,2056 1442,2057 1468,2059 1468,2028 1442,2026 1416,2025 1390,2023 1365,2022 1339,2022 1313,2021 1287,2021 1262,2020 1236,2020 1210,2020 1184,2020 1159,2019 1133,2019 1107,2018 1082,2018"/>
                <Baseline points="1082,2039 1107,2039 1133,2040 1159,2040 1184,2041 1210,2041 1236,2041 1262,2041 1287,2042 1313,2042 1339,2043 1365,2043 1390,2044 1416,2046 1442,2047 1468,2049"/>
                <TextEquiv>
                    <Unicode>ALC. 2.° No se vaya.</Unicode>
                </TextEquiv>
            </TextLine>
            <TextLine id="r_2_1l43" custom="readingOrder {index:42;}">
                <Coords points="1080,2094 1105,2094 1131,2094 1157,2094 1183,2095 1209,2095 1235,2097 1261,2098 1287,2099 1313,2100 1339,2101 1365,2102 1391,2103 1417,2104 1417,2073 1391,2072 1365,2071 1339,2070 1313,2069 1287,2068 1261,2067 1235,2066 1209,2064 1183,2064 1157,2063 1131,2063 1105,2063 1080,2063"/>
                <Baseline points="1080,2084 1105,2084 1131,2084 1157,2084 1183,2085 1209,2085 1235,2087 1261,2088 1287,2089 1313,2090 1339,2091 1365,2092 1391,2093 1417,2094"/>
                <TextEquiv>
                    <Unicode>MED. No me iré,.</Unicode>
                </TextEquiv>
            </TextLine>
            <TextEquiv>
                <Unicode>una Sotana.
ALC. 2.° Pues luego
la satisfaga la deuda.
MED. No señor.
ALC. 2.° ¡Qué atrevimiento!
¿Pues diga, puede negarla?
MED. Si señor, mucho que puedo,
que yo nací de las malvas,
sin tener deudas, ni deudos.
ALC. 2.° Déle al punto la sotana.
MED. Fuera mucho atrevimiento
delante de la Justicia
hacer un acto tan feo:
si sotanas quiere, en casa
le daré yo mas de ciento.
ALC. 1.° Vamos pagándole al punto.
MED. Yo, señor, nada la debo.
JUA. Pues diga. ¿puede negar
el bellaco, el trapacero,
que esta sotana es la mia?
MED. Bien claro está que no puedo
porque se parece a vos
la sotana con estremo.
ALC. 2.°Decid, ¿en qué?
MED. En lo raida y en lo puerca.
JUA. ¿Esto tolero?
MED. Por sotanas tanta bulla,
cuando andan los muchachuelos
gimiendo siempre y llorando,
por las que le da el maestro.
JUA. Esto solo es hacer burla;
y pues que cobrar no puedo
la deuda, porque no tiene
en su bolsillo un dinero,
mi honor pide el desagravio.
ALC. 2.° ¿Qué agravio es el que te ha
hecho?
JUA. Se toman dos mil licencias.
MED. Pues dos mil y una contemos:
me tomaré la de irme,
sin pagaros y sin veros,
ALC. 2.° No se vaya.
MED. No me iré,.</Unicode>
            </TextEquiv>
        </TextRegion>
    </Page>
</PcGts>
