1632 2467
127 196 707 231 que yo en mi vida fuí puerco.
94 239 756 277 JuA. Señor aunque hubiese gente
130 283 632 323 en la posada, al momento
133 328 622 365 me agarraba de la mano.
91 371 765 414 ALC. 2.°  Es muy impropio ese hecho.
96 416 646 457 MED. No es sino muy natural
126 460 722 501 en los hombres de mi empleo;
137 504 719 542 porque no hay Médico alguno,
135 548 690 587 sea en palacio, en convento,
131 594 522 629 ú en casa particular,
131 638 643 672 si entra de la sala adentro
135 681 641 718 que no se vaya dos veces
131 727 358 763 á la mano.
91 770 550 809 ALC. 2.° No lo entiendo.
95 816 749 856 MED. Claro está: pues á la entrada
139 862 643 898 pulsa la del pobre enfermo,
130 904 514 939 y á la salida, se va,
136 950 590 985 á la que trae el dinero.
95 996 567 1029 JUA. Esas son sofisterías.
90 1040 637 1075 MED. Pues á la verdad apelo:
137 1086 579 1119 el marido de esta niña,
140 1130 620 1162 de buena letra sabiendo
140 1172 607 1206 de cual de los pies cojea,
131 1216 770 1253 me encargó no ha mucho tiempo,
141 1260 645 1294 que yo la diese una mano,
87 1304 761 1342 JUA. No me gustan  las de puerco.
93 1350 611 1384 ALC. ¿Y qué motivo tenia
136 1394 566 1426 su cónyuge para ello?
94 1437 688 1472 MED. Yo no lo sé: en lacabeza
137 1483 617 1516 dijo se le habia puesto....
96 1528 397 1561 JUA. Qué? qué?
96 1571 508 1604 MED. Que por su pié,
127 1617 649 1650 se iba usted á los infiernos.
94 1662 686 1695 ALC. 1.° ¿Qué hay del Filósofo?
96 1703 297 1738 FIL. Nada.
93 1750 766 1785 ALC. 2.° Mal hace por este tiempo.
91 1794 704 1831 ESC. Como es á bragas enjutas,
138 1838 667 1874 no le embaraza el invierno.
84 1882 589 1918 JUA. El Filósofo, ¡señores,
135 1927 603 1961 lo primero está debiendo
138 1970 490 2003 un par de medias.
87 2013 325 2047 FIL. Es fijo;
142 2062 590 2097 pero Juana, del pellejo,
776 144 824 181 7
848 197 1394 236 en que yo conservo el vino,
847 242 1332 277 ha sacado mas de ciento.
809 286 1436 321 JUAN. Las que yo dí, eran de lana:
804 329 1324 365 FIL. Y el vino tenia pelos;
856 375 1258 408 pues le faltaba la pez
843 419 1191 451 al referido pellejo:
843 462 1327 502 con que, pelillos al mar,
858 506 1302 544 váyase Pedro por Diego,
849 554 1377 590 que si el asunto se estrecha
849 597 1332 631 te coge la puerta el dedo.
807 642 1488 678 ALCS. Al punto pague las medias:
799 686 1381 724 FIL. Siento carecer de medios;
853 731 1352 767 pero estudiante, y caudal,
848 776 1394 811 son dos contrarios estremos,
848 820 1212 853 el latin está reñido
852 865 1366 901 con el dinero, que es lego.
811 910 1340 944 ESC. El Filósofo se engaña.
812 953 1094 989 FIL, ¿Por que?
811 999 1400 1035 ESC. Porque en todos tiempos,
848 1044 1364 1076 ha producido en el mundo
851 1088 1324 1121 muchas letras el dinero.
811 1132 1422 1166 FIL. Pero son letras de cambio
807 1175 1464 1213 ESC. Y tambien letras de premio,
857 1220 1383 1254 que las lezras de un doblon,
851 1265 1398 1299 vencen muchos argumentos.
807 1309 1404 1344 ALC. 1.° Esto está ya conocido.
808 1353 1485 1389 ALC. 2.° ¿Y qué quieres, compañero?
807 1398 1487 1434 ALC. 1.° Que ya que Juana no cobre
852 1442 1390 1480 un cuarto de estos fulleros,
851 1487 1345 1521 nos diviertan un poquito:
845 1531 1244 1564 El Filósofo, diciendo
854 1576 1310 1611 unos versos de repente,
852 1620 1332 1655 retratando su ornamento,
853 1664 1361 1698 trage ó vestido: y Juanilla,
855 1708 1378 1742 cantándonos despues de esto
847 1754 1259 1786 una Tonadilla nueva
859 1797 1422 1834 de primor, gracia y concepto.
813 1840 1310 1877 TOD. Que viva el Alcalde.
807 1885 1007 1918 FIL. Viva;
847 1926 1442 1967 y allá voy yo con mi ingenio.
852 1974 1309 2012 Esta capa, que me tapa,
852 2018 1368 2058 tan pobre y tan vieja está,
855 2064 1286 2102 que solo porque se vé,
