1632 2467
732 62 756 214 5
48 181 648 225 Esc. Este si que es buen dinero.
48 226 673 269 JUA. Señores, estos tres hombres,
87 274 648 313 tan pobres como embusteros,
95 321 535 356 quieren ausentarse hoy,
95 367 560 399 sin pagar el gasto hecho.
47 411 674 445 ALC. 1.° La cantidad de la deuda,
97 452 509 486 vaya Juana refiriendo,
87 497 546 531 que yo ejerceré Justicia,
91 541 557 575 con desinterés y acierto.
51 586 601 620 Esc. El caudal del estudiante
100 628 554 665 no conduce para pleitos.
52 673 636 713 ALC. 2.° Los ojillos de la Juana
94 718 605 756 me han devanado los cesos:
95 762 595 800 ¿vaya que ahorco á los tres,
95 808 631 845 como ella se empeñe en ello?
46 852 553 890 JuA. El Astrólogo, señores,
93 898 606 935 hasta hoy me está debiendo
95 943 548 979 un peso, y es procedido,
88 985 552 1023 de lo que iré refiriendo.
92 1031 611 1072 Por hacerle dos justillos....
48 1076 555 1114 AST. Aquesa partida niego,
87 1121 548 1157 aun antes de concluirla,
92 1165 584 1199 pues mis justillos es cierto
94 1209 586 1244 me vienen muy ajustados;
97 1253 595 1286 por cuya razon contemplo:
96 1297 570 1332 que ella no los ha cosido,
93 1341 631 1378 pues es público en el pueblo
91 1387 573 1422 no hace cosas ajustadas,,
88 1429 597 1466 ni en su vida las ha hecho.
47 1475 652 1511 ALC. 2.° El peso pagad al punto.
47 1518 730 1554 ALC. 1.° No hagais tal, que yo lo or-
99 1561 202 1596 deno.
51 1608 682 1645 ALC. 2.° Aqueso es una injusticia,
55 1652 730 1690 ALC. 1.° No, sino un procedimiento,
96 1696 484 1729 arreglado á la razon.
48 1739 563 1776 ALC. 2.° ¿En qué términos?
54 1784 379 1818 ALC. 1.° En estos.
93 1829 475 1863 Al tribunal superior
98 1873 554 1911 le toca el conocimiento,
101 1918 591 1952 de cuantos casos de Corte
99 1961 599 1998 se suscitan en los puebios:
95 2005 646 2043 luego el mandarle que pague
99 2052 509 2090 al Astrólogo ese peso,
806 189 1187 223 es usar jurisdiccion,
808 232 1288 267 que nosotros no tenemos.
764 272 1374 314 ALC. 2.° ¿Acaso es caso de Corte
809 317 1319 354 el presente, ó puede serlo?
763 358 1437 400 ALC. 1.° Si, señor, que los justillos,
807 406 1313 442 sin cortarse no se hicieron.
756 450 1263 488 JUA. Unas calcetas le hice.
759 493 1405 531 Asr. Cuanto usted dice es enredo.
770 535 1380 576 JUA. Todo lo niega este hombre!
768 580 1393 622 AST. ¿No he de negarlo, sabiendo,
812 624 1370 664 que nunca en cosas de punto
802 667 1392 708 se emplea un punto, ni medio?
762 717 1342 756 JUA. Le he labado una camisa.
760 762 1249 802 AST. Esa partida concedo,
803 808 1253 843 mas yo no se lo mandé,
811 851 1248 887 por cuya razon no debo
812 895 1262 932 abonarle aquesa déuda.
755 938 1411 979 ALC. 2.° Si la confiesa el modrego,
807 979 1345 1024 ¿por qué no la ha de pagar?
761 1029 1407 1067 ALC. 1.° Porque tiene fundamento
813 1077 1185 1111 para no satisfacerla;
809 1120 1261 1152 y á Juanilla la condeno,
812 1163 1286 1195 en que pierda su trabajo,
817 1201 1284 1240 porque no se meta luego
811 1250 1313 1284 en camison de once varas.
765 1295 1329 1330 ALC. 2.° Olal si no le da peso,
819 1339 1265 1374 preso el Astrólogo vaya.
950 1428 1257 1464 A los Ministros.
760 1520 1158 1553 ALc. 1.° No vaya tal.
768 1565 1178 1598 ALC. 2.° Yo lo ordeno.
768 1607 1405 1643 ALC. 1.° Y yo mando lo contrario.
768 1655 1153 1687 ALC. 2.° Tenéos allá.
771 1698 1067 1730 ALC. 1.° Teneos.
769 1742 1308 1774 Esc. Alcaldes, bueno está ya,
807 1787 1431 1821 ¿qué quereis que diga el pueblo,
803 1829 1379 1863 si siempre en las providencias
812 1873 1232 1908 os examina dispersos?
772 1917 1411 1954 ALC. 1.° Dirá, que es un mentecato
815 1964 1228 1997 el Alcalde compañero.
768 2003 1352 2044 ALC. 2.° No dirá, sino que vos
799 2054 1413 2088 sois un menguado, un jumento,
