1752 2480
1176 99 1444 254 Número 393
446 917 1256 978 ROMANCE ADMIRABLE,
743 994 992 1058 QUE REFIERE
239 1123 1463 1189 LA VANIDAD DEL MUNDO Y SUS ENGIÑOS,
588 1210 1126 1272 TODO POR EXTENSO.
143 1365 1556 1400 noticiando cuanto acaese en todos los oficios, y estados, y los daños, que re:
149 1410 1556 1444 sultan por causa del interes en los matrimonios, y demaás tralos: como lodo
147 1455 1555 1489 lo verá el curioso, con otras muchas cosas, que llaman la atencion de todo
477 1501 1220 1535 Fiel Cristiano, para que lea este papel.
188 1598 704 1636 Supuesto, noble auditorio,
146 1643 700 1680 que en empresa tan heroica
148 1687 660 1726 se vé mi pluma empeñada,
150 1733 522 1767 y la Musa geñerosa,
152 1777 678 1814 y con el plectro elocuente,
152 1819 634 1862 buril que le perfecciona
144 1864 590 1902 la Castalia fuente mia,
148 1908 594 1946 no es la fingida Elicona,
156 1953 636 1989 que á el acento de mi lira
151 1997 522 2034 cesará la voladora,
143 2043 591 2077 el caballo, que con alas
148 2086 563 2122 nació de la sangre roja
143 2131 534 2166 de Medusa, cuyo pié
148 2174 552 2210 abrió la Pegafla boca
152 2219 656 2258 del nectar, y la ambrosía,
152 2267 660 2301 que á los ingenios corona
867 1603 1481 1650 con la pacifica oliva
874 1647 1481 1693 Minerva, triunfante Diosa;
872 1691 1481 1738 y pues de todó el Parnaso
879 1735 1483 1787 me asiste luz, y memoria;
876 1780 1491 1828 razon será en la ocasion
876 1824 1491 1874 dár una regla ingeniosa
872 1868 1489 1914 al noble auditorio mio
876 1914 1484 1957 para que á muy poca costa
867 1956 1409 2000 sepan, si quieren saber
872 2001 1486 2038 que á mí muy poco me importa,
878 2045 1483 2092 ter tan engañado el mundo
869 2091 1490 2137 y tan necio, que blasona
867 2135 1490 2185 el ignorante de sabio,
880 2181 1392 2222 por andar todo á la contra,
884 2225 1360 2268 como el Filósofo Griego;
884 2273 1422 2309 que el gran Alejandro abona,
