1765 2512
204 120 246 152 2
103 159 611 197 cada cual sigue su rambo,
107 204 611 241 pues lo que engeñá, decora
103 248 613 285 la universidad del muudo,
107 293 551 331 pone él primero la boja
103 337 649 374 del amor propio, ignorancia,
104 381 592 419 ceguedad con vanagloria,
104 426 576 461 ván repasando esta regla
107 470 558 508 innumerables personas:
111 512 599 551 pasa un parlero elocuente
115 558 679 596 por hombre de gran memoria;
107 602 613 640 el temeron, por valiente,
108 645 656 684 de un rigido, un justo forma,
111 692 551 728 el lascivo, por gustoso,
111 737 582 773 la mentira, es ingeniosa,
107 783 541 818 la satira, entretenida,
111 825 595 862 la humildad, bajeza boba,
114 870 619 907 pundonor es la venganza,
111 916 599 952 la alabanza es la lisonja,.
114 959 668 996 la cautela, es yá prudencia,
109 1005 625 1042 ciencia, la Arte artificiosa,
119 1050 575 1085 santidad, la hipocresía,
107 1094 573 1130 el silencio, simple cosa
114 1141 624 1175 el valor, gran arrogancia;
116 1186 538 1220 el vicio, gala vistosa,
110 1230 542 1265 el rico pasa por noble,
111 1275 626 1310 aunque naciera en Angola;
123 1318 583 1353 solo el pobre viene á ser
119 1362 655 1398 de todo el mundo la escoria:
123 1406 635 1443 y el que en aquesta cartilla
112 1452 543 1488 no repasa bien la hoja
124 1496 693 1542 es en el mundo un estorvo
124 1541 604 1576 una fantasma asombrosa,
125 1586 550 1619 y con tan falso juicio
126 1632 450 1665 colorea la lisonja,
121 1674 607 1711 que ofender á Dios es uso:
130 1699 695 1755 y prosigue de está forma:?
127 1763 563 1797 la culpa dá por disculpá
127 1806 673 1842 de que el mundo la ocasiona,
131 1851 581 1886 pues todas las vanidades
127 1894 599 1930 de pompas, galas, y joyas;
129 1938 551 1974 cuanto pide la codicia
132 1984 614 2019 tanto el interés le otorga,
129 2028 535 2062 y de esta suerte se vé
123 2073 616 2108 hoy perdida España toda;
127 2119 488 2152 aun la Católica Fé
127 2164 527 2197 titubea de tal fórma,
137 2207 571 2242 que cada cual de por sí
138 2252 556 2288 viene á ser un idiota:
827 152 1509 189 yá no hay mas Dios que es el gusto,
837 199 1285 232 pues en él solo se adora,
832 239 1381 278 el gloton tiene en el vientre
832 289 1280 323 el idolo de sus glorias,
831 332 1344 368 el loco vano en las galas,
829 376 1278 410 el avariento en la bolsa,
836 420 1344 456 el logrero en sus empleos,
832 459 1265 498 idolatra en lo que logra
839 507 1261 543 y él enamorado tiene
831 552 1361 588 por Dios la ninfa que adora,
828 598 1244 631 el Juez por el interés
836 643 1274 677 hace injusticia notoria,
840 684 1343 720 y el Abogado en sus pleitos
844 731 1322 765 con nuevas leyes aboga,
842 771 1307 809 el Escribano en su oficio
843 816 1323 854 se mantiene á poca costa,
848 860 1281 899 el Procurador procura
841 903 1369 943 su negocio que le importa:
835 948 1327 989 Doctores, y Enterradores
843 996 1303 1033 todo es una misma cosa,
843 1040 1245 1078 el Cirujano á tirano
843 1082 1309 1122 va diferencia muy poca;
849 1127 1393 1167 el Mercader todo es trampa,
850 1174 1268 1211 el Oficial todo droga,
840 1215 1259 1254 el Usurero engañoso
851 1259 1395 1299 no echa verdad por la boca,
856 1309 1224 1344 el Logrero labrador
857 1350 1377 1390 (que así Virgitio lo nombra)
854 1396 1246 1434 sino logra su interés
852 1445 1532 1490 todo el estipendio corra,
855 1485 1324 1522 como si el pobre tuviera
852 1527 1313 1566 la culpa de su derrota:
847 1573 1375 1610 todo en el mundo es regalo,
849 1619 1294 1655 profanidades pomposas;
847 1660 1339 1699 de todas cuantas colores
850 1707 1338 1745 de grana, y purpura roja,
851 1750 1359 1787 toda es sudor de inocentes.
855 1794 1377 1832 sangre de los pobres toda,
855 1838 1384 1876 triunfa la horrible meotira,
864 1886 1366 1922 la verdad triste, y llorosa,
852 1928 1345 1966 no hay amigo verdadero,
860 1973 1416 2010 sin que el interés se oponga;
853 2020 1294 2054 el rico solo se aplaude,
859 2061 1357 2099 sin haber quien reconozca
866 2107 1403 2143 calidad, ó virtud en el pobre
868 2150 1311 2187 como San Pablo lo nota
857 2196 1286 2232 á su Discípulo amado
860 2242 1424 2279 Timoteo, á quien le implora
