1737 2508
96 141 788 187 tiempo vendrá en que los hombres
100 188 543 234 con cautelas engañosas
91 232 593 279 dén el rostro á la mentira,
95 280 499 322 y á la verdad virtuosa
98 327 495 366 se taparán los oidos,
98 371 519 411 haciendolo todo mofa:
96 414 568 454 Es el siglo que tenemos
104 457 584 498 presente, y vemos ahora
105 505 561 541 la adulacion, el engaño,
108 549 548 585 la necedad perniciosa,
101 593 539 630 la necia murmuracion,
111 636 549 674 la mentira, y la lisonja.
109 674 642 719 Esto el mundo en su cartille
109 721 563 764 pone en la primera hoja,
108 770 532 805 y pasando la segunda
106 812 569 851 de este discurso la obra:
107 855 589 896 perdonen aquí las Damas,
115 899 667 940 que se precian de honorosas,
113 942 671 984 que por ser todas sentencias
113 987 623 1028 pasaron por chanza ahora:
118 1033 619 1073 tiene un Padre de familia,
116 1079 625 1117 dos, ó tres hijas hermosas,
113 1125 583 1162 dote, que naturaleza
119 1166 703 1206 le ofrece á quien Dios le otorga,
122 1212 586 1251 por engalanar las niñas
125 1256 543 1294 la simple madre zelosa
123 1296 755 1339 no hay perendengue en el mundo
128 1345 620 1384 de guantes, galas, y joyas,
115 1390 591 1428 zarcillos, y gargantillas,
118 1433 557 1472 ahujas, petos, colonias,
130 1476 617 1516 guardainfantes, caderillas,
128 1521 631 1562 tapalo todo que nombran,
131 1567 549 1604 y allá vá esta fantasma
123 1609 627 1650 hecha blanco de mitonas,
131 1653 663 1695 andando como el cangrejo;
132 1700 605 1738 por no poder con la ropa,
130 1744 576 1781 y las mas veces sucede
129 1790 568 1826 llevar las camisas rotas,
127 1830 614 1872 porque la gente de punto
127 1874 622 1917 puso aqueste estilo ahora:
129 1918 683 1958 á lo interior todo es trampa,
134 1964 699 2003 y á lo exterior todo es pompa,
135 2006 686 2050 y el padre de aquestas damas
139 2051 655 2093 con su peluquin, ó escofia
131 2096 630 2137 suele llevar en las medias
129 2142 733 2180 mas puntos que hay en la solfa,
145 2187 607 2225 por engalanar las niñas,
146 2231 691 2272 pretendiendo de esta forma.
827 139 1402 182 adquirir un novio Indiano
827 184 1316 224 que pague toda la costa
821 221 1391 269 porque este es el fin primero
823 270 1327 312 que tienen en la memoria;
822 315 1335 354 cuando apenas la doncella
828 357 1401 397 se pone en pié cuando ansiosa
836 401 1307 441 le asiste el conocimiento
823 444 1419 486 forma un niño de una escoba;
835 492 1437 531 pero en llegando á catorce
836 537 1261 573 primaveras deleitosas,
833 581 1441 616 no hay mas gusto que mirar
833 626 1438 665 al galan que la enamora
831 670 1438 709 quieren casarse, y no son
829 713 1443 751 ni aun para guisar la olla:
835 755 1408 795 todas quieren un buen mozo
829 803 1441 840 aunque ella sea una mona
831 848 1439 884 lindo mancebo, y que tenga
835 891 1443 929 mas pelos que una mazorea
837 934 1393 972 porque los hombres pelados
835 977 1332 1017 á estas tales se le antojan
841 1024 1443 1061 Frailes Legos, y no quieren
831 1069 1316 1106 sino que tengan corona,
803 1112 1215 1160 y sino tiene caudal
847 1158 1255 1198 para cebar la pichona;
843 1197 1359 1241 aunque tenga mas virtudes
850 1246 1379 1286 que prodigios hay en Roma,
852 1291 1281 1330 le darán mas calabazas
851 1336 1275 1373 que tomates tiene Rota
848 1379 1291 1415 y al interés de que tiene
852 1422 1263 1461 tan solo una jaca coja
850 1466 1373 1506 le dán á un hombre incapaz
847 1514 1221 1549 una mujer virtuosa,
852 1554 1422 1591 y despues que han celebrado
847 1599 1363 1637 del matrimonio las bodas,
848 1643 1298 1682 rematados ya los gastos
852 1687 1297 1726 del chocolate y la rosca
856 1733 1351 1770 dió el peregil en la frente,
856 1777 1362 1813 porque se apuró la bolsa:
859 1821 1339 1858 ay del salvage engañado,
859 1865 1301 1903 y con la niña se enoja
854 1909 1409 1948 hasta llegar con las manos:
859 1954 1323 1993 con palabras injuriosas,
862 1998 1343 2035 y la mujer que es sentida
865 2042 1341 2081 se vé burlada, y llorosa,
864 2086 1417 2126 dá al demonio el casamiento
865 2132 1336 2168 y aborrece do tal forma
833 2174 1417 2218 y al marido, que no hay modo
867 2223 1440 2260 de que le mire amorosa,
