1765 2512
192 195 689 251 en deshonor y desprecio
195 254 709 309 de las señoras doncellas?
197 313 753 370 que la menor del concurso
191 373 729 424 merece palma y diadema.
208 431 683 481 Dígame el mentecataso,
203 490 681 538 con todas sus etiquetas,
206 546 736 599 por la mas fea del mundo
212 605 769 655 cuantas malas noches lleva,
205 664 671 714 calores, lluvias y frios,
209 721 779 770 sustos, miedos y tormentas,
216 779 680 829 trabajos y disenciones:
215 838 673 892 y cada dia pendencias?
205 897 723 945 Hermanos de la mentira,
221 949 843 1004 que cada vez que se encuentran
215 1013 663 1060 se dicen unos á otros,
213 1070 734 1119 comprometidas quimeras:
217 1128 689 1175 Esta noche ví á fulana,
213 1186 772 1236 que estaba como una reina,
225 1246 706 1295 que si la vieras, amigo,
221 1303 653 1355 parecia una princesa.
223 1361 793 1408 Y el otro haciéndole gestos,
212 1416 771 1466 le dice, y dá por respuesta:
223 1476 742 1524 Hermosísima es tu dama;
223 1535 657 1585 pero si la mia vieras,
221 1592 730 1640 ni aquella Venus antigua
229 1649 773 1703 pudo hacerle competencia.
225 1707 717 1758 Y á todas juntas igualan
229 1764 809 1818 con Cleopatra, con Lucrecia,
231 1822 789 1884 pues siendo aquesto verdad
931 178 1451 232 para qué nos la chancela?
921 238 1483 287 Escuche, y oirá sus gracias
925 297 1389 345 todas al pié de la letra:
931 354 1471 402 Despues de ser mentirosos
929 414 1450 462 son (porque todo se sepa)
931 472 1437 519 fantásticos, falsos, locos,
929 528 1461 578 sucios y de bajas prendas.
929 587 1406 635 Y qué fuera de ellos, si
937 647 1431 694 las mujeres no vivieran,
943 705 1443 752 pues los asean y limpian,
943 763 1470 809 los visten, calzan y peinan,
939 821 1439 868 los corrigen y los sufren,
937 880 1513 927 tambien por fin los enseñan,
947 938 1339 988 y nos debian pagar
945 998 1416 1042 estas referidas prendas,
948 1055 1439 1099 como á espejo de cristal,
952 1111 1503 1157 mirándose en las doncellas.
951 1170 1525 1214 Y desde aquí aunque mujer,
957 1229 1423 1273 por gentíl y por atenta,
959 1286 1426 1331 le perdono el desacató,
953 1344 1497 1392 y otra vez no le acontesca,
959 1403 1575 1447 que aunque mujer, vive Apolo,
959 1461 1507 1505 pues me falta la paciencia,
953 1519 1566 1564 han de temblar de mis manos,
955 1577 1467 1623 sin querer oir mi lengua.
959 1635 1523 1681 Y aunque tambien enojada,
961 1695 1487 1743 perdon le otorgo al poéta,
957 1752 1453 1804 y el favorecer las damas
956 1812 1481 1859 aqueste perdon merezcan.
846 2029 1012 2126 FIN.
262 2146 1658 2268 ARMONA, imprenta y librería de don José M. Moreno, Madre de Dios, 1.
