1656 2416
138 152 664 200 Pero despues que estudié
139 213 656 260 divinas y humanas letras,
133 272 607 314 jamás he podido hayar
141 329 660 376 cosa buena en su defensa:
148 387 540 437 así lo dice Alarcon,
133 446 717 493 afirmando, que las hembras
140 504 688 555 son garzas en las ventanas,
148 562 638 613 picoraces en las puertas,
142 620 650 672 escorpiones en las calles,
137 680 644 730 demonios en las iglesias,
133 740 664 788 serpientes dentro de casa,
136 798 712 844 y cabras si están en huortas.
138 856 657 901 Esto es lo que la historia
136 916 679 962 de las mujeres nos cuenta,
140 974 617 1019 y dejando las comunes,
146 1033 820 1080 porque no hay quien no las sepa,
132 1090 696 1137 hablo¿y digo lo que siento,
140 1150 726 1198 por descárgar mi conciencia,
142 1206 698 1253 de las cosas de este mundo:
140 1267 754 1314 pues en qué se funda y piensa
138 1323 662 1372 el que á las mujeres ama,
142 1380 704 1431 sirve, enamora y requiebra?
132 1439 668 1491 Si una mujer es hermosa,
132 1498 680 1548 se le infunde una soberbia,
136 1559 558 1601 que con ella Lucifer
140 1614 640 1664 viene á ser niño de teta.
139 1674 688 1724 Si la enamoran, se agravia,
142 1731 706 1784 si no la quieren, se afrenta,
144 1790 722 1842 quiere que la quieran todos,
136 1851 648 1896 y que ninguno las quiera.
134 1910 624 1952 A las puertas y ventanas
140 1964 676 2016 se ponen, porque las vean,
136 2025 662 2073 y si las ven, luego huyen,
134 2083 744 2132 porque lo contrario entiendan.
137 2142 760 2194 Si salen, le hacen mal de ojo,
880 157 1361 211 en casa, les dá tristeza:
872 221 1388 272 sicena mucho, se ahitan,
868 281 1380 329 se desmayan si no cenan.
876 338 1322 389 Del aire les dá catarro,
873 399 1372 451 del Sol, dolor de cabeza,
872 457 1348 504 una mujer les dá zelos:
867 520 1347 562 y yo pierdo la paciencia
872 576 1353 621 con estas niñas bonitas;
871 630 1560 678 no hay diablos, que las entienda,
868 688 1362 733 ni quien las pueda tener
876 748 1384 793 en este mundo contentas.
871 806 1478 854 Las que no son de estas faltas,
864 862 1388 908 son desaliñadas, puercas,
868 920 1408 969 las faldas pisando charcos,
870 979 1414 1028 los zapatos en chanquetas,
879 1038 1555 1082 que se irá un hombre al infierno
876 1096 1380 1142 solamente por no verlas.
868 1154 1358 1198 Mas quien podrá tolerar
870 1213 1400 1256 una, que pica en discreta
868 1268 1292 1316 aforrando disparates,
873 1329 1482 1371 cae siempre y no en la cuenta?
876 1386 1308 1432 Entran en una visita,
870 1444 1492 1493 cuatro, cinco ó seis doncellas,
869 1507 1315 1553 y gastan toda la tarde
876 1565 1336 1604 en repetidas quimeras.
877 1621 1512 1664 Cómo está usted? dle pregantan
873 1679 1352 1723 á una señorita de estas)
865 1739 1353 1786 y responde: Muy malita,
876 1797 1304 1842 perdida de la cabeza;
869 1855 1352 1897 esta noche tuve un flato
874 1913 1385 1959 que me aflijió de manera,
869 1972 1282 2016 que pedia confesion.
874 2031 1442 2076 Comadre, si usted me viera,
868 2088 1318 2132 le causara compasion,
871 2150 1431 2194 ya no me hallo con fuerzas,
