1737 2508
106 140 604 188 hechos de tanta importancia.
108 180 608 228 A esto sefencogió de hombros
110 223 508 265 y dijo; no puedo alzarla.
116 264 509 306 Vamos á otra que tengo,
110 303 503 346 esta es la segunda baza.
116 343 433 388 Una mujer mereció
112 382 570 429 que todo un Dios la llamara
114 419 525 467 Madre mia muchas veces,
116 461 521 506 en cuyas puras entrañas
118 501 539 546 fué concebido, sin mnancha
122 545 447 586 del pecado original;
124 584 468 626 álceme usia esta baza
130 621 561 666 con un varon que merezca
129 663 503 705 esta tan lucida hazaña.
128 697 645 746 A la que se encogió de hombros
134 741 549 785 y dijo: no puedó alzarla.
167 778 631 819 —Vamos á otra, y supuesto
128 822 571 864 que van de vuelo las bazas,
133 862 502 903 esta por ser la tercera
134 902 540 946 ha de ser bien luminada.
143 942 460 985 Una mujer merecié
144 980 540 1024 que la Trinidad sagrada
143 1021 567 1063 en el vientre de su madre
143 1063 485 1103 tres veces la visitara
140 1103 521 1144 antes que fuese nacida.
144 1143 499 1184 Alceme usia esa baza,
144 1178 590 1224 con un varon que merezca
151 1217 647 1263 hechos de tanta importancia.
147 1259 609 1304 Quédense quietos los naipes,
149 1299 641 1342 que tengo yo con que alzarla;
153 1339 601 1381 entre los hombres hay uno
155 1382 593 1422 que es el todo de la gracia,
159 1419 593 1460 que es mi Señor San José.
167 1460 557 1501 abellon de gloria tanta,
158 1500 563 1542 que en su mano floreció
157 1539 559 1582 un palo que seco estaba.
200 1578 697 1620 Tenga usía quietos los naipes,
162 1618 621 1662 que aun no la tiene ganada;
162 1661 540 1702 conozco en mi corazon,
163 1700 605 1743 mi vida, potencias y alma,
168 1739 555 1781 que mi Señor San José
172 1782 547 1820 os el todo de la gracia,
175 1821 494 1860 es iuspector general
177 1857 599 1900 con la insignia de la vara
175 1894 676 1943 ¿mas sabe usía por qué tiene
176 1940 500 1980 altura tan elevada?
178 1979 537 2019 por recibir por esposa
184 2018 559 2060 una mujer que se llama
180 2058 603 2100 María ese es mi nombre,
186 2098 639 2139 con que segun por lo visto,
184 2141 603 2180 la mujer es la que gana;
186 2184 538 2220 diga mi señor obispo,
1270 74 1284 106 3
807 118 1223 168 ¿quién ha ganado la baza?
880 160 1297 200 Tírala, niña, que es tuya,
807 199 1231 242 merecida, y muy ganada.
888 240 1267 280 Vamos á otra, otra vez,
815 282 1130 323 una mujer mereció
810 321 1218 362 que Teresa la llamaban.
812 361 1155 400 y ahora santa Teresa
816 399 1247 442 todos los cristianos llaman,
819 439 1255 481 que todo un Dios la dijera:
819 481 1139 522 Teresa, si ne criara
819 520 1235 561 este mundo, por criarte,
820 563 1113 602 á ti sola te criara,
826 599 1219 642 porque me tiene rendido
828 641 1186 682 el objeto de tu gracia;
830 678 1267 722 es mucho lo que te quiero.
836 720 1172 762 Alzame usía esa baza
826 757 1253 802 con un varon que merezca
830 800 1206 842 esta tan lucida hazaña,
875 835 1321 882 Quédense los naipes quietos
844 877 1329 922 que tengo yo con que alzarla,
842 916 1300 962 entre los hombres hay uno
841 958 1277 1001 que es el todo de la gracia,
845 996 1333 1041 que es San Juan Evangelista,
839 1038 1308 1080 este con Dios se acompaña,
843 1075 1339 1121 fué anunciado y en el mundo
849 1115 1339 1161 siempre á su lado se hallaba.
888 1154 1377 1199 Tenga usia los naipes quietos,
857 1197 1305 1240 que aun no la tiene ganada;
852 1240 1229 1282 concedo en mi corazon,
857 1279 1287 1320 mi vida, potencias y alma,
856 1317 1279 1360 que San Juan Evangelista
854 1359 1237 1399 es el todo de la gracia:
856 1395 1283 1440 mas sepa usía que si tiene
856 1439 1175 1480 altura tan elevada,
864 1475 1321 1519 es porque Dios le ha criado
863 1517 1285 1559 para la custudia y guarda
864 1555 1271 1600 de una mujer en la tierra
870 1598 1277 1640 para que le acompañara
864 1635 1287 1680 con que segun por lo visto
876 1678 1277 1720 la mujer es la que gana,
872 1714 1259 1760 Decida el señor obispo
870 1757 1281 1798 quien ha ganado la baza.
915 1794 1371 1835 —Trala, niña, que es tuya,
880 1837 1283 1878 merecida y bien ganada.
888 1874 1249 1920 Vamos á la otra, pues
886 1916 1343 1958 que es con la que se remata.
924 1955 1285 1998 Habiendo venido Dios
886 1996 1312 2039 para tomar carne humana
885 2040 1253 2079 de nuestra naturaleza,
891 2079 1199 2117 venida tan deseada.
888 2114 1305 2160 una mujer dió su vientre
891 2158 1317 2199 para que Dios encarnara;
