1720 2360
339 84 371 118 4
157 126 548 160 una mujer dió su pecho
167 167 552 201 para que se alimentara,
167 206 586 240 una mujer dió su sangre
167 247 582 279 para que Dios se formara
159 288 667 320 y el varon con ser tan bueno,
159 328 621 361 por Dios que no puso nada;
159 366 531 400 y para sacramentarse
166 407 586 443 dos especies ó sustancias,
168 447 510 480 las mejores que crió
168 489 604 523 con el poder de su gracia,
169 528 584 562 que son el vino y el pan,
159 568 633 603 y en aquestas dos sustancias
167 608 564 640 se quedó sacramentado,
168 649 668 682 porque son buenas entrambas,
173 688 666 723 y para hacerse Dios hombre,
161 728 568 761 del varon no quiso nada.
162 768 506 801 A esto dice el obispo;
167 808 602 843 nunca pensé ver tal gracia,
167 847 554 881 no vuelva usía á arguir
167 888 592 921 otra vez con la muchacha.
165 927 514 959 Dice el canónigo: yo
164 967 623 1002 absorto estoy de escucharla:
163 1007 533 1040 sin sentido y sin juicio
163 1047 614 1082 me ha dejado la muchacha,
168 1087 552 1119 mas su ilustrísima sepa
166 1127 666 1161 que esta es del cielo enviada,
168 1167 595 1198 ó habla por boca de Cristo
161 1207 670 1238 ó del ángel que la acompaña
167 1247 611 1278 es custodio, y quiere ahora
168 1287 630 1318 que le celebren sus gracias.
165 1326 494 1358 Bendita sea tu boca
165 1367 630 1398 que con tanto primor habla.
164 1406 554 1438 El dote tienes ganado,
169 1446 571 1477 y te empeño mi palabra
167 1486 610 1518 de valerto en cuanto pueda
165 1526 528 1559 si la vida no me falta.
163 1566 547 1599 Dame un abrazo, niña.
165 1607 673 1642 que te quiero mas que al alma.
921 125 1303 157 —Eso no lo haré, señor,
867 164 1272 201 no se me quede la maña
867 205 1292 240 de abrazar á los hombres,
871 244 1373 281 que es costumbre muy mala.
871 285 1253 321 Y su ilustrísima estaba
870 325 1235 362 contentísimo y alegre
876 365 1323 400 escuchando á la muchacha,
871 404 1259 443 y dice: ¿quieres recibir
877 445 1308 481 aquel Pan de dicha tanta?
875 485 1329 521 Respondió ese es mí deseo,
870 525 1368 562 llevar mi esposo en el alma.
871 565 1313 603 La dieron los sacramentos,
867 606 1375 640 y entre los dos le acompañan
863 646 1272 681 á su casa, y á su madre
873 686 1277 721 la dicen que la llevaban
868 725 1290 762 sin detenerse un instante
872 766 1286 801 en un convento á dejarla
878 806 1340 842 que si quiere acompañarlos
871 846 1273 880 lo harán de buena gana.
869 885 1213 919 Dijo la madre que sí,
873 925 1319 958 y en Santa María de Gracia
871 965 1211 1001 la metieron religiosa,
878 1005 1299 1040 donde con grande eficacia
871 1044 1279 1082 y documentos cristianos
879 1083 1240 1118 las almas arrebataba.
871 1124 1259 1157 Murió aquella religiosa
873 1165 1228 1198 sin calentura ni nada.
872 1203 1289 1240 y la hallaron de rodillas,
876 1243 1368 1278 puesta en cruz muy elevada,
871 1283 1245 1320 y un letrero que decia
873 1324 1336 1358 con letras de oro grabadas:
880 1363 1262 1397 en amor de Jesucristo
872 1404 1302 1439 murió esta dichosa alma;
883 1444 1235 1479 que por eso se la dice
872 1485 1223 1522 y por eso se la llama
880 1524 1264 1558 la enamorada de Cristo
873 1565 1380 1598 MARIA JESUS DE GRACIA.
791 1882 911 1917 FIN.
171 2157 1526 2192 Carmona. - Imp. de Manuel Belloso, Madre de Dios, 1.
