1536 2348
331 86 539 122 2.
229 124 567 159 Respondió, la vista baja;
162 164 548 199 de mi señor Jesucristo
160 204 596 239 es todo mi cuerpo y alma.
243 247 725 279 ¡Qué buena está la respuesta!
166 285 535 318 parece mujer anciana:
156 324 582 359 dime, niña, qué le pides
156 365 562 398 cuando te estás elovada?
233 406 579 438 Yo le pido, que como es dia
157 447 554 478 que la religion cristiana
160 485 543 518 celebra del Sacramento
155 524 540 559 sus benditas alabanzas,
157 565 554 598 vengo á pedirle á Josus,
156 605 571 638 que me conceda la gracia
159 644 554 679 de ser su esposa querida,
155 684 516 719 ser religiosa descalza,
154 725 590 759 porque me tiene arrobada,
155 765 535 798 el objoto de su gracia:
225 804 609 837 Dime, niña, y ese Dios
151 846 648 879 que tanto le quieres y amas,
149 884 578 918 antes de criar el mundo,
156 925 590 957 dime, niña, ¿donde estaba!
227 964 651 996 Señor, estaba en sí mismo
153 1004 594 1036 todo el poder de su gracia,
151 1045 619 1078 porque Dios no tuvo padre,
158 1083 552 1118 ni fué formado de nada,
154 1123 548 1156 antos de todos los siglos
160 1163 613 1196 Dios en él mismo se estaba.
232 1202 681 1235 Dimo, ¿de qué fué formado?
158 1243 554 1275 en las virgenes entrañas
160 1283 552 1317 de nuestra Madre Maria,
152 1321 527 1354 ese Jesús á quien amas?
153 1363 573 1394 So rió un poquito, y dijo:
158 1403 694 1435 la pregunta me ha hecho gracia,
156 1441 598 1474 de la mas preciosa sangre
156 1481 498 1514 suprema y calificada
154 1521 542 1557 do su corazon sagrado,
154 1562 540 1594 Madre de toda mi alma.
235 1601 677 1634 Válgame Dios, la chiquilla
151 1643 655 1675 ¿no es un portento ascucharla?
157 1681 575 1714 Dime: para que Dios baje
147 1722 530 1754 á la hostia consagrada,
160 1761 574 1793 hacen muchas oraciones,
152 1801 571 1834 ó dicen muchas pala bras?
215 1841 655 1874 —Con cinco palabras solas
147 1880 536 1914 Cristo de los cielos baja
149 1920 613 1954 y viene á las propias manos
152 1963 594 1994 del que la hostia consagra.
231 2000 590 2034 Niña, ¿no la sabes tú?
191 2035 595 2074 —Bien las sé, pero no es tanta
156 2081 596 2114 mi dignidae, y no tenemos
157 2123 542 2154 as mujeres dicha tanta
155 2164 499 2196 para poderlas decir.
862 129 1322 163 Dijo el canónigo, son malas
860 169 1204 201 las mujeres y por eso
859 208 1257 242 no merecen dicha tanta.
863 248 1178 283 Se puso coloradita,
855 289 1193 322 alzó los ojos y habla:
936 329 1352 362 Sabe usia lo que la dicho?
863 369 1259 401 parece no ha dicho nada
858 407 1296 444 en despreciar las mujeres,
855 448 1236 483 y por el suelo echarlas,
858 487 1200 525 siendo la cosa mejor,
853 528 1210 564 digna de ser alabada,
858 569 1282 601 que crió mi amado dueño
860 607 1273 642 con el poder de su gracia.
861 648 1278 682 Pongámosle en discusion,
860 683 1246 723 y si usia á mi me gana,
860 727 1279 759 haré yo un solemne voto
855 767 1354 802 con todas sus circunstancias,
860 807 1246 839 de rezar todos los dias
856 847 1354 881 puesta en cruz y arrodillada,
858 886 1266 919 siete credos, porque Dios
860 926 1278 961 lleve á los cielos en alma;
856 966 1222 1000 y si yo le gano á usia,
859 1005 1281 1040 en pago de aquesta gracia
860 1045 1298 1078 me ha de dar usia un dote,
858 1085 1358 1119 que esa es toda mi esperanza.
859 1123 1308 1157 Usia defienda á los hombres
857 1165 1284 1199 y vo que estoy agraviada
849 1205 1264 1238 defenderé á las mujeres,
859 1245 1237 1278 porque es mia la causa.
852 1283 1195 1318 Dice el canónigo: yo
856 1324 1348 1359 absorto estoy de escucharla;
855 1365 1240 1397 sin sentido y sin juicio,
860 1405 1314 1439 me ha dejado la muchacha;
866 1444 1276 1479 no solo responde á todo,
864 1485 1240 1517 sino que pide campaña;
858 1525 1208 1556 el dote te lo prometo
863 1564 1276 1596 como me ganes las bazas.
862 1605 1314 1636 Las bazas han de ser cinco,
853 1645 1301 1678 porque son cinco las llagas
855 1685 1285 1716 que mi amado Jesus tiene
856 1725 1298 1757 en su cuerpo bien selladas.
855 1764 1244 1796 Echa una, pues te crees
855 1804 1231 1836 del todo tan agraviada.
933 1843 1412 1875 Ya que he de ser la primera,
853 1884 1320 1917 en el uombre de Dios vava,
859 1923 1187 1955 Una mujer mereció
856 1964 1358 1998 que todo un Dios se humillara,
855 2003 1299 2036 para que encarnase su hijo
864 2043 1266 2074 en sus virgenes entrañas
863 2084 1259 2116 para redimir al honibre,
854 2124 1202 2154 álceme usia esa baza
855 2165 1291 2196 con un varon que merezca
