1737 2508
256 216 746 253 otro á tres cuartos manzanas,
256 264 681 300 que de la Palma vinieron.
302 311 594 344 A cuatro ciruelas,
263 358 571 391 uvas doy á cuatro,
255 403 639 437 á veinte el buen queso,
266 447 630 484 peras á ocho cuartos
305 491 947 530 Tambien doy á ocho los ricos frijones;
262 537 858 576 á cala sandias, que buenos melones.
304 585 722 621 Otro dice: turron bueno,
257 631 700 669 alfajor muy rico á prueba;
254 678 704 717 otro, peros de Monturque:
272 724 700 763 otro, á cuarenta la nueva.
310 769 951 809 A seis cuartos jigos negros para el pecho
274 816 917 855 mis malacatones son de almivar hechos.
309 863 900 900 Garbanzos tostados, ricas avellanas,
271 909 855 946 vayan á peseta cocos de la Habana.
312 955 746 992 Los puestos de la ertaliza,
274 1001 716 1039 no admiten mayor censura
284 1048 700 1086 por el arreglo que tienen.
269 1095 640 1132 eu colocar su verdura,
310 1140 871 1179 Aquí los tomates, allí los pepinos,
280 1186 883 1227 acá las cebollas, y allá el lechaguino.
275 1233 841 1272 Allí el colinabo, lá col, la ensalada,
278 1279 799 1319 la calabacilla blanca y colorada.
313 1325 938 1365 Lechuga, abichuela: nabos, sanaorías,
272 1372 931 1411 berros, berengenas, pimiento, chicoria,
308 1418 819 1456 A otro lado encontrarse suele,
279 1463 735 1504 gente que escribirte pueda
288 1512 702 1548 todo cuanto tu quisieras,
283 1556 738 1594 si es bueno y anda moneda,
327 1602 886 1640 Veras mil mesillas con alfilereros;
277 1648 858 1687 hevillas, navajas, peines, canuteros.
324 1694 898 1732 Escarmenadores, cuchillos, tijeras,
288 1739 899 1779 cordones y estuches para faitriqueras,
275 1785 953 1826 buenos peinecillos, disteñaindo anzuelos
289 1832 843 1875 y para las viejas ricos espejuelos,
311 1879 689 1916 Me fuí á la carniceria;
286 1925 637 1964 el orden es especial,
286 1970 702 2012 y el despacho de la carne
290 2017 677 2057 es muy digno de alabar.
322 2059 923 2103 Uno media libra, otro gorda quiero:
290 2105 893 2150 otro tres de vaca; media de carnero.
326 2151 971 2193 No se como tienen en los hombros cabeza
289 2199 867 2242 para tantos gritos y tanta simpleza.
326 2246 978 2288 Luego independiente verás con primor
283 2293 877 2338 tablas de chorizos, tocino y jamon.
1019 208 1526 244 Y lo que mas me ha gustado,
990 255 1398 290 de todo cuanto aqui veo,
988 301 1390 337 es el primor de la patria.
984 347 1330 383 el gobierno y el aseo.
1032 390 1610 428 En ninguna calle se echa porqueria:
991 437 1553 475 y el que tal echara ya se guardaria.
1023 483 1629 519 Se barre, se riega, con gusto eficaz,
1000 528 1619 567 que á la salud importa y á la vecindad.
1034 575 1452 613 Andan carros y borricos
991 622 1441 658 en la limpieza encargados,
996 664 1679 704 y á cadabarrio le ponen cieito dia señalado
1031 711 1643 751 Llegan á la puerta dichos basureros.
1000 758 1547 797 diciendo: basura, bajarla ligero.
1027 801 1679 842 Si vieras. Frasquilla, bajar las mugeres
991 847 1673 890 contiestos, espuertas, canastos, reondeles.
1033 893 1603 934 Bajaba una vieja, y de un resbalon
996 942 1597 981 derramó la espuerta y se escalabró.
1035 991 1444 1026 Viva ciudad tan insigne,
1005 1037 1465 1072 que es muy digno de alabar,
1007 1082 1517 1120 porque en todo el mundo otra
1010 1127 1391 1165 como ella no se hallará
1041 1171 1641 1210 De noche farolas en todas las calles,
1009 1218 1671 1257 que la maldad estorba y el transito abre.
1041 1265 1692 1302 Patruyas rondando que á nadie fatigán,
1000 1310 1667 1351 al bueno acompañan y al malo castigan.
1042 1360 1404 1395 Casa de Misericordia,
1003 1405 1505 1442 que es el hospicio nombrado,
1011 1452 1385 1489 alli la huerfana acude,
1010 1497 1412 1534 y el joven desamparado.
1034 1539 1693 1580 Háy buenos bordados, fábricas muy finas
1011 1587 1593 1628 oficios decentes y buenas doctrinas.
1027 1633 1693 1673 Velan los señores, que esto mucho alienta,
1016 1679 1687 1721 pues hasta los niños ya saben de imprenta.
1048 1728 1519 1766 Allí halla amparo la anciana,
1011 1774 1389 1813 bien el viejo desvalido,
1018 1820 1381 1860 y la dama escandalosa
1021 1866 1380 1906 paga allí su merecido.
1060 1908 1663 1950 Vivan los que celan con tal devocion,
1016 1955 1680 1997 tambien los que ayudan su contribucion.
1049 2001 1539 2042 Bendita la casa de la Caridad,
1013 2047 1643 2088 y viva el Gobierno de aquesta ciudad.
1056 2094 1595 2135 De la puerta de Tierra y muelle,
1019 2144 1396 2183 que contarte solo falta,
1018 2188 1384 2231 y así vendré á concluir
1028 2232 1465 2275 por donde empezó la carta.
1047 2279 1709 2324 La puerta de tierra es un pasmo, un dijo
