1737 2508
1195 138 1494 291 (Númere 235.)
567 298 1062 370 CARTA
330 410 1328 486 QUE ESCRIBE UN ESTREMEÑO
276 530 1366 592 MANIESTANDOLE A SU NOVIA.
399 612 1241 675 LO QUE HA VISTO EN LA CIUDAD DE CADIZ.
155 767 606 805 Yo me alegraré, Frasquilla,
124 816 597 852 que al recibo de estas letras;
116 861 458 898 te jalles retotolluda,
124 907 507 945 en compañia de Josefa.
155 954 777 989 Yo acá queo bueno, sin ningun pesar:
115 1002 715 1037 viendo muchas cosas en esta ciudad.
147 1047 541 1082 Has de saber cielo mio,
112 1094 644 1130 que en cuanto á Cádiz llegamos,
119 1139 530 1175 no estábamos en la mar,
107 1186 549 1218 así que en tierra saltamos.
139 1231 794 1265 Los seis mil chorizos y los mil jamones
108 1277 746 1312 en un instantico se hicieron doblones.
109 1323 755 1361 Mas qué tierra esta! si vieras Frasquilla,
108 1369 666 1404 toicas sus cosas causan maravilla.
144 1414 600 1449 Al momento que es de dia
105 1461 528 1495 se abre la puerta del mar,
114 1506 543 1541 escuchame un rato atenta
103 1553 480 1589 que te la voy á pintar.
144 1599 744 1635 Entran los gallegos toditos cargados
114 1646 701 1681 con unas canastas llenas de pescado.
159 1692 506 1728 Van con las palancas,
105 1741 478 1774 marchando al compas,
108 1785 432 1819 con cada sombrero
114 1830 454 1867 que pesa un quintal;
145 1876 514 1912 Otra clase de gallegos
112 1921 520 1959 se ocupan en la verdura;
110 1969 563 2005 que gritos pegan! que voces!
108 2017 571 2051 como riñen! cual se apuran!
148 2061 478 2096 Otros de los dichos,
108 2107 431 2142 llevan del cabresto
105 2154 496 2190 su mulo, en que llevan
98 2201 421 2235 el agua del Puerto.
141 2246 670 2281 Un sevillanico va con su canasto
101 2294 671 2329 ddiciendo locero, loza por zapatos.
881 768 1288 805 Otro va diciendo, leche;
841 816 1257 850 otro vendiendo arropías;
852 861 1320 897 otro rosquetes, merengues,
848 907 1216 943 otro aceitunas partias.
884 954 1487 987 Otro va diciendo con buen salerillo:
843 999 1367 1035 aliñar tinajas, platos y lebrillos.
837 1045 1456 1080 Luego mas alante se ve en el Boquete
843 1091 1442 1128 pan, vino, galletas, pipas y molletes.
881 1138 1352 1172 Es la calle nueva un pasmo;
845 1184 1304 1219 escucha lo que hay en ella:
843 1231 1248 1265 gente de Málaga mucha,
835 1275 1253 1310 de Algeciras y Marbella.
846 1320 1452 1358 Gente de Sevilla, gente de Estepona,
837 1368 1416 1403 gente de Valencia y de Barcelona.
876 1414 1504 1449 Distintos sugetos, muchos traficantes,
833 1462 1186 1497 muchos tramoyistas,
840 1507 1251 1542 que eso anda abundante.
878 1553 1302 1589 La calle de Juan de Anda
840 1599 1208 1635 me dejó todo pasmao:
832 1645 1270 1681 que terciopeló! Que seda!
835 1691 1261 1730 Qué géneros tan bordaos!
840 1737 1243 1776 Qué blondas tan guapas!
833 1781 1465 1822 —Qué ricos capotes, que buenos tisúes!
837 1831 1118 1868 y que pañolones!
881 1874 1224 1914 Que buenas gorretas
833 1922 1525 1958 para los muchachos, con que bórdaduras,
835 1969 1171 2004 y que mamarrachos!
859 2014 1295 2051 La calle Ancha es un dije;
832 2062 1178 2096 la lamea una belleza;
840 2105 1221 2142 la plaza de San Antonio
832 2153 1193 2187 el trono de la majeza.
870 2198 1412 2234 Está por los laos de pilares llena,
831 2243 1474 2280 y en cuatro columnas tiene dos caenas.
872 2292 1468 2329 Y tiene una luna que causa desvelo,
