1640 2460
219 219 904 260 porque erece ymengua como la del oielo.
250 267 655 303 No te quiero decir nada
222 313 626 352 tocante á las madamitas,
216 360 696 398 que marchan por dícha plaza
226 405 612 443 lo mismo que pajaritas.
258 453 898 491 Qué ricos mantones! que bellos zapatos!
212 499 882 539 Qué brazos de fuera! que talles tan altos!
226 546 818 585 Qué ricos pañuelos! y que camisitas!
211 590 798 631 que pelos cortaos, y que rebonitas!
249 635 706 677 Tambien van otros majitos,
214 682 594 721 vestidos con tal placer,
207 728 626 767 con sus carzones ceñidos
204 773 709 817 desde el pecho hasta los pies.
252 820 816 865 Pero este vestido va tan ajustado,
212 867 868 910 que es lo que me tiene muy maravillado.
243 914 844 956 Porque al ajustarse tanto se sofocan,
214 961 889 1004 que han de echar un dia la giel por la boca.
241 1006 706 1048 Por estos barríos de arriba,
201 1052 640 1094 lo que se escucha y se ve,
211 1099 594 1138 unos ojadres y ojadras:
206 1145 547 1182 otros vamos al café:
208 1192 850 1231 agua de cebada, nieve, quien refresca?
208 1238 733 1277 Esterado fino, rico de Valencia.
234 1283 884 1328 Rico pan de leche; garbanzos tostados;
201 1331 831 1371 otro dice amigo, hay algun mandado?
246 1377 673 1417 De la aficion de los toros,
217 1425 600 1460 que en esta tierra se ve,
206 1472 670 1509 por mas que decirte quiera,
212 1518 578 1550 muy corto me quedaré
237 1562 820 1603 Si vieras los ciegos con la papeleta,
205 1608 793 1649 vende cada uno mas de una peseta.
235 1654 882 1696 El dia de toros que hay de rosqueteros!
203 1703 790 1740 lo menos se juntan cien avellaneros.
240 1748 594 1784 Es una delicia el ver
204 1795 572 1832 aquella plaza tan linda,
214 1841 746 1880 o hay placer que no se muestra,
210 1887 628 1922 ti gusto que no se brinda.
209 1935 919 1970 Qué buenos ropages! que cuerpos garbosos
210 1981 884 2016 jué buenas muchachas y que lindos mozos!
235 2027 855 2062 Que buenos toreros! y que picadores!
210 2074 872 2111 qué buenas espadas! todos son primores,
230 2118 634 2154 El contento de los toros
211 2165 613 2201 que se ve en esta ciudad,
208 2211 634 2249 s mas que decirse puede,
210 2256 535 2293 su gusto sin igual.
232 2304 878 2345 Una muger que nunca de pan se harta,
947 223 1477 259 y para los toros no le falta plata.
987 269 1329 303 Un dia de toros faltó
933 313 1212 351 á una el dinero,
943 358 1245 397 y al pobre marido
939 406 1323 443 le vendió el sombrero.
980 451 1449 489 Euí á ver la comedia un dia:
948 499 1388 536 qué cosa tan buena estaba!
939 546 1409 581 qué bien tocaba la orquesta!
945 592 1324 627 que tonadilla cantaban!
981 640 1589 675 Qué iluminaciones! qué representar!
947 685 1592 721 que medir el verso! qué buen accionar!
976 732 1628 767 Qué buenos vestidos que todos sacaban!
945 779 1567 811 qué gracia tenian cuantos allí estaban!
976 823 1528 858 Habia merengues, café y neveria,
941 871 1544 904 hojadres, pasteles, cuanto se queria.
975 915 1360 951 Si te miento la retreta,
935 962 1442 998 bien se que te has de admirar,
939 1010 1612 1043 porque cuanto allí se vé es cosa particular.
976 1056 1600 1090 En la misma plaza rompe este deleite
937 1101 1614 1138 con bombo, platillos, trompa y clarinete.
962 1147 1444 1186 Por su orden toca cada uno,
936 1193 1554 1233 y sin que le toque, no se va ninguno.
965 1240 1411 1277 Cnando marcha la retreta;
936 1287 1338 1324 tanta es la gente que va,
933 1334 1374 1373 que solo en ver el bullicio,
934 1379 1316 1417 cualquiera se pasmará.
970 1425 1328 1464 Al son de la orquesta,
931 1472 1268 1508 y al son de las cajas,
935 1518 1264 1554 marchan de bracero
930 1563 1234 1601 los majos y majas.
964 1612 1340 1650 Allí hay mil obsequios,
936 1658 1262 1695 allí hay mil fabores,
936 1704 1310 1742 allí hay mil requiebros,
933 1752 1295 1785 allí hay mil primores.
959 1797 1587 1833 Todos son celillos, todas son firmezas
932 1844 1530 1878 esto es lo que pasa en dicha retreta.
961 1888 1329 1924 Voy á pintarte la plaza
929 1936 1403 1971 de San Juan de Dios, y oiras
930 1983 1384 2017 cuanto allí pasa y se vende,
937 2029 1362 2063 jue nada te he de ocultar.
964 2075 1600 2110 Los puestos de fruta me dejan pasmado:
936 2122 1594 2156 qué primor! que aseo! todo que arreglado!
940 2167 1564 2200 enden dicha fruta con tan buen estilo
935 2214 1603 2250 jue mueve al comprarles tansolo de oirlos.
964 2259 1410 2298 Uno dice, á cuatro brebas,
934 2309 1410 2344 tros á dos cuartos mayuelos,
