1765 2512
268 233 742 279 les tengo de componer
270 282 765 327 un romance de alabazas
265 331 815 377 para todos los del campo;
265 380 791 426 y por que vuele mi fama,
261 426 897 472 mi nombre pondré en el cabo,
274 475 816 519 y mi pluma grandes armas
270 523 788 567 para volver por la honra
269 571 819 616 de mi gente, que ultrajada
276 622 804 665 se halla por las oficiales,
279 670 881 714 que tienen mucha ignorancia,
281 721 757 762 llenos de gran vanidad,
283 769 813 810 tienen por discrecion alta
279 819 807 860 el decirse muchas pullas,
291 867 833 911 que son barbaras infamias,
281 914 877 958 y á aquel que las pullas dice
279 966 815 1005 le dan loa, y le dan fama,
275 1015 819 1054 lo tienen por muy sabido,
275 1063 833 1101 miren qué gran ignorancia!
279 1110 819 1151 siendo simples botarates,
297 1158 821 1201 presumen mil borricadas:
287 1208 859 1247 al contrario los del campo;
287 1255 855 1296 (atiendan á mis palabras:)
287 1305 845 1343 Hoy se remonta mi pluma
284 1355 792 1392 á escribir las alabanzas,
288 1404 813 1443 las grandezas los elogios,
289 1453 797 1493 y méritos que se hallan,
295 1501 823 1538 en toda gente del campo,
298 1548 845 1589 los que labradores llaman,
294 1595 787 1638 que imitan á san Isidro
298 1645 796 1684 con el arado y la azada,
298 1693 864 1733 en el campo siembran trigo
303 1745 859 1781 cebada, garbanzos, habas,
307 1790 859 1830 y todas las demás semillas
309 1838 879 1878 de alimentos que se hallan;
311 1885 859 1928 en el campo ponen huertas
313 1935 873 1978 para que sus frutos nazcan,
303 1983 903 2030 y mantengan todo el mundo
307 2036 888 2074 con sus cosechas bizarras,
313 2085 817 2127 y la confianza en Dios,
313 2133 869 2173 virtud Teologal tan Santa,
311 2179 905 2222 que el que confia por cierto
316 2230 941 2270 tiene en Dios firme esperanza;
991 211 1535 260 en el esmpo siembran lino,
992 258 1539 307 cañamo, viñas que bastan
995 308 1563 356 unos á vestir los hombres,
993 356 1543 405 y otras mil bebidas varias;
992 405 1535 454 en el campo hay olivares,
997 455 1541 506 y jardines con mil gracias,
987 504 1493 554 y multitud de ganados,
997 553 1525 597 con sus carnes regaladas;
991 600 1575 647 en el campo en sus cortijos,
996 649 1507 696 con una santa enseñanza
995 700 1451 745 aprenden la cortesía,
1003 747 1479 798 y la Doctrina Cristiana;
999 794 1555 842 del campo fueron aquellos
1005 846 1521 891 que las historias relatan,
1007 893 1575 939 en tiempos de San Antonio,
1004 942 1551 987 en los montes de Samaria,
1007 990 1501 1041 y soledades de Egipto
1007 1040 1595 1086 y en los yermos de Tebaida,
1002 1087 1559 1132 fueron las Congregaciones
1005 1137 1583 1182 de gente del campo tantas,
1019 1187 1540 1230 que dicen los Coronitas,
1013 1236 1509 1279 para su digna alabanza,
1019 1282 1595 1327 que debajo de un gobierno,
1015 1330 1611 1376 al que mas justo lo hallaban,
1012 1382 1491 1423 se gobernaban por él,
1024 1431 1512 1472 con obediencia tan alta,
1025 1477 1567 1522 que al superior le temian,
1025 1526 1571 1572 y como á Dios respetaban,
1019 1575 1513 1622 y eran hasta quince mil
1026 1625 1513 1667 los que uno gobernaba,
1023 1676 1505 1717 otros hubo á doce mil,
1023 1719 1583 1764 otros menos y otros pasan.
1027 1768 1699 1813 De aquí salió el grande Antonio,
1023 1819 1591 1864 y aquel autor de gran fama,
1021 1869 1581 1909 llamado San Juan Climaco,
1023 1919 1575 1958 Doctor de la Iglesia Santa,
1021 1968 1492 2007 sin infinitos que dejo,
1035 2015 1567 2057 que fueron los Patriarcas,
1029 2064 1511 2112 y los Profetas de Dios,
1033 2113 1543 2155 con el arado y la azada,
1029 2158 1558 2209 que un ángel los enseñó
1035 2212 1485 2257 á que esto ejecutaran.
