1620 2468
159 152 606 191 una voz qne le decia;
164 201 728 239 En la iglesia está el tesoro,
159 250 679 285 vé á su puerta y hallarás
165 298 736 337 lo que pídes que te otorgo.
161 347 781 384 Fue á la Iglesia, y á su puerta
159 397 731 433 vido entrar un hombre, todo
164 445 684 482 el cuerpo lleno de llagas;
165 493 739 531 los pies de barro y de lodo.
163 543 768 582 Dios os dé muy buenos dias,
163 591 627 628 y le respondió brioso:
163 640 745 677 Yo no he tenido en mi vida
160 688 716 727 dia malo en ningun modo.
157 737 618 775 Sea así le respondió,
165 786 701 823 Dios quiera como piadoso
165 835 703 874 daros muy buena fortuna.
161 886 737 923 La verdad te digo en todo,
161 935 679 972 que nunca la tuve mala:
159 984 737 1024 pues Dios os haga dichoso.
167 1034 691 1069 Yo nunca fuí desdichado,
160 1082 759 1119 te aseguro, en ningun modo.
165 1131 668 1167 Entonces el Santo dijo:
161 1181 696 1216 confuso quedo y dudoso;
157 1228 691 1264 yo no te puedo entender,
163 1276 734 1312 declara puntos tan hondos.
165 1325 700 1363 Dijo: de muy buena gana,
172 1373 726 1410 escuchame atento un poco.
171 1422 724 1459 Respondí, que no he tenido
171 1471 722 1507 dia malo en ningun modo:
170 1520 738 1558 porque si muero de hambre,
170 1568 631 1603 alabo á Dios poderoso:
170 1616 660 1652 si padezco mucho frio,
170 1664 730 1702 si el tiempo está rigoroso,
165 1713 748 1750 que llueve, nieva ó graniza,
171 1761 774 1799 á Dios doy gracias por todo.
174 1812 626 1849 Si me veo miserable,
173 1857 662 1898 y aborrecido de todos;
172 1909 762 1945 tambien doy gracias á Dios,
175 1955 712 1993 y le alabo en todos modos,
171 2006 728 2041 lo mismo que si me viera
167 2054 671 2089 ser el querido de todos:
176 2101 646 2138 y por eso no he tenido
180 2154 726 2189 dia malo en ningun modo.
874 149 1437 185 Respondí, que no he tenido
869 199 1376 235 mala fortuna es el otro,
877 248 1396 284 porque sé vivir con Dios,
871 298 1385 338 y por eso estoy gustoso;
875 345 1413 383 y así yo estoy persuadido,
873 394 1434 430 que cuando Dios poderoso
871 443 1382 478 ordenare en mi persona,
883 491 1430 526 es muy justo y santo todo,
878 539 1439 575 y de aquí tengo aprendido,
885 588 1446 624 que el Señor como piadoso,
875 638 1415 673 aquello que me ordenare,
889 684 1424 721 que sea alegre ó gustoso,
888 733 1413 771 dulce ó amargo, esto es
881 784 1348 819 á mi voluntad gustoso,
877 832 1353 867 ó sea contrario á ella,
881 880 1439 916 lo estimo como un tesoro,
877 928 1426 965 como un beneficio grande
889 978 1433 1015 para mi provecho en todo,
884 1026 1402 1063 que me lo embia la mano
888 1076 1370 1111 de Dios Todopoderoso,
883 1122 1313 1161 y por eso mi fortuna
884 1170 1464 1208 es dichosa en todos modos.
886 1218 1467 1257 Respondí: que no habia sido
892 1269 1482 1306 desdichado en ningun modo,
889 1316 1308 1355 porque yo determiné
889 1366 1503 1403 mi amor ponerlo en Dios solo,
885 1415 1509 1452 y aquello que ordena y quiere,
884 1464 1444 1501 es mi gloria y es mi gozo,
887 1512 1392 1551 y nunea fuí desdichado,
889 1560 1466 1599 siendo Dios mi gran tesoro.
887 1609 1487 1647 Dijo el Santo: Hermano mio,
897 1656 1493 1697 pregunto, que esto lo ignoro:
883 1706 1515 1744 Si Dios te hechara al Infierno,
892 1754 1445 1794 qué hieras contigo propio?
887 1804 1385 1842 Y entonces dijo: si Dios
887 1854 1331 1891 como Todopoderoso,
896 1899 1390 1940 esto ordenara, yo tengo
887 1951 1514 1989 dos brazos con que amoroso,
889 2000 1319 2037 á mi Dios abrazaria:
889 2049 1506 2086 la humildad es brazo heróico,
895 2096 1364 2135 y este lo pongo debajo
889 2148 1421 2185 de Jesus, Padre amoroso,
