1765 2512
199 245 711 289 y unido á su humanidad
204 297 735 332 en amor de union gozoso:
199 344 663 381 el otro brazo derecho
193 394 799 429 es de amor, con que gustoso
191 442 638 478 con su alta divinidad
193 491 599 526 estaría muy gozoso
196 538 744 579 abrazando en dulce union,
198 587 714 626 en dulce, fuego amoroso,
194 636 685 675 y estaría en el Infierno
199 686 788 722 con mi Dios en algun modo,
199 735 784 770 mas gustoso que en el cielo
192 783 842 819 sin Dios, que es mi gran tesoro.
194 830 712 868 Dijole: de donde vienes?
197 881 799 917 Y aquí le respondió pronto:
193 929 713 965 diciendo: vengo de Dios.
196 978 694 1014 Y el Santo dijo gustoso:
196 1026 802 1062 A donde á Dios has hablado?
192 1074 719 1111 Y le respondió con gozo:
188 1124 640 1160 En el sitio que dejé
189 1172 652 1207 las criaturas del todo:
192 1221 728 1260 pues á donde mora Dios,
189 1270 672 1304 en todos los corazones
188 1318 792 1357 limpios de mundo y de lodo,
195 1368 631 1406 y de buena volutad.
185 1418 808 1454 Quién eres, qué estoy absorto
185 1466 692 1500 en oir tales respuestas?
183 1513 657 1549 Eres Serafin glorioso,
191 1562 787 1600 que el alto Rey de los cielos
181 1609 776 1646 te embia en trage tan tosco
182 1659 708 1695 á que me seas maestro,
178 1708 729 1745 por sus juicios pasmosos?
188 1756 798 1794 Y aunque en la verdad lo era,
182 1805 756 1843 le respondió de este modos,
182 1854 692 1890 diciéndole: Yo soy Rey.
184 1902 780 1940 Y el Santo aqui mas absorto,
181 1949 764 1987 dijo: Donde el reino tienes?
180 2000 690 2036 En mi alma yo lo logro,
181 2050 731 2090 que gobierno mis sentidos
914 241 1392 278 interiores de tal modo,
918 290 1374 325 que sujeto á la razon
924 339 1408 378 á mis afectos furiosos,
923 388 1474 425 yá contrarias mis pasiones,
912 436 1576 475 las venzo en un grado heróico,
917 485 1449 523 y advierte lo que te digo,
915 533 1547 571 que este Reino en algun modo
923 583 1475 619 hace muy grandes ventajas
924 632 1486 668 (seguu dice San Ambrosio)
915 680 1503 719 á los reinos de este mundo.
923 729 1426 767 Valgame Dios poderoso,
917 778 1502 816 quien te trajo á tanta dicha!
915 826 1378 865 mi silencio fervoroso,
911 877 1535 914 y union con mi dulce esposo;
915 925 1520 963 porque despues que le hallé,
913 974 1424 1009 tantas dulzuras y gozos
907 1021 1456 1059 son las que mi alma tiene
916 1069 1404 1109 en este mundo penoso,
912 1119 1504 1156 que por privar mis sentidos
912 1169 1526 1208 de estos contentos tan toscos,
916 1216 1482 1256 que son gustos de la tierra,
904 1265 1500 1307 me llena Dios de sus gozos,
915 1314 1453 1349 que en esta vida presente
909 1362 1522 1400 cien veces son mas gustosos,
910 1410 1548 1452 que todos los que dá el mundo,
911 1459 1485 1498 que en todo son engañosos,
907 1511 1352 1549 y con lejias de fuego
903 1559 1478 1592 del Infierno abrasa á todos.
903 1606 1436 1642 Admirado quedó el Santo
912 1656 1438 1696 con tan divino coloquio,
903 1707 1325 1746 y edificado procura
903 1756 1401 1786 ponerlo por obra todo.
916 1802 1454 1837 Y aqui Francisco Serrano,
896 1850 1526 1886 natural de un pueblo hermoso,
913 1900 1531 1935 que es la insigne Villa-Franca,
899 1947 1467 1984 pide á Dios muy fervoroso,
912 1995 1484 2032 que esta doctrina del Cielo,
895 2045 1445 2081 la aprovechemos nosotros.
716 2124 1030 2197 FIN.
229 2218 1525 2294 CARMONA=1853. Imprenta y librería de D. José M. MORENo.
