1737 2508
1116 157 1359 312 (Núm. 211.)
324 1009 1294 1162 NUEVO Y CURIOSO ROMANCE
106 1166 1511 1214 en el que se declarán las eccelencias de la gente del campo, desem-
166 1227 1449 1277 peñandose de otro romance en que los oficiales los motejaban.
153 1397 655 1433 Estando en un regocijo
107 1444 658 1483 en una fiesta entre damas,
118 1493 669 1533 con unos mozos del campo,
111 1543 581 1579 á la fiesta se arrimaba
119 1591 595 1629 una tropa de oficiales,
107 1643 593 1679 y con bizarria estraña
114 1691 568 1726 tomaron una vigüela,
111 1739 621 1773 y con un cantor de fama
106 1786 636 1824 un romance compusieron,
108 1834 602 1870 en que menospreciaban
107 1883 653 1920 á los del campo, diciendo:
114 1934 690 1969 que era gente muy paguata,
108 1980 664 2017 todos simples, ignorantes,
110 2029 634 2065 sin razon y sin sustancia,
112 2078 736 2113 que en los términos de hablar
108 2126 614 2164 no acertaban en palabra,
112 2174 581 2212 y que por decir virtud,
105 2224 662 2262 decian vertú; que es tacha:
829 1396 1372 1434 muchos términos dijeron,
826 1445 1402 1481 en que nos menospreciaban:
829 1493 1326 1529 y yo enfadado de oirlos,
825 1541 1392 1578 echando mano á mi espada,
840 1588 1432 1626 dije: Aquestas desvergüenzas
832 1639 1430 1677 donde yo estoy no se cantan,
839 1687 1367 1723 que todos son solecismos
832 1736 1374 1772 sin razon y sin sustancia.
833 1785 1383 1821 Tiré un golpe á la vigüela,
834 1834 1302 1871 y la hize mil migajas,
833 1883 1364 1919 y cargando sobre todos,
828 1932 1394 1966 nos dicen que perdonarán,
837 1978 1463 2015 que quien compuso el romance
832 2029 1334 2064 con ellos no se hallaba,
835 2077 1461 2113 que está ya dado á la imprenta,
825 2125 1389 2163 y en la calle lo compraban
828 2174 1290 2211 Yo le dije: caballeros,
826 2226 1384 2262 luego que llegue mañana,
