<?xml version="1.0" encoding="UTF-8" standalone="yes"?>
<PcGts xmlns="http://schema.primaresearch.org/PAGE/gts/pagecontent/2013-07-15" xmlns:xsi="http://www.w3.org/2001/XMLSchema-instance" xsi:schemaLocation="http://schema.primaresearch.org/PAGE/gts/pagecontent/2013-07-15 http://schema.primaresearch.org/PAGE/gts/pagecontent/2013-07-15/pagecontent.xsd">
    <Metadata>
        <Creator>prov=University of Rostock/Institute of Mathematics/CITlab|PLANET AI GmbH/Gundram Leifert/gundram.leifert@planet-ai.de:name=Pliegos de Cordel (XIXe) - v4(htr_id=27283)::::v=2.6.7
prov=University of Rostock/Institute of Mathematics/CITlab|PLANET AI GmbH/Tobias Gruening/tobias.gruening@planet-ai.de:name=de.uros.citlab.module.baseline2polygon.B2PSeamMultiOriented:v=2.6.7
prov=University of Rostock/Institute of Mathematics/CITlab|PLANET AI GmbH/Tobias Gruening/tobias.gruening@planet-ai.de:name=/net_tf/LA73_249_0mod360.pb:de.uros.citlab.segmentation.CITlab_LA_ML:v=2.6.7
Transkribus</Creator>
        <Created>2020-11-27T16:22:28.585+01:00</Created>
        <LastChange>2020-12-08T14:42:18.140+01:00</LastChange>
        <Comments>
                Measurement unit: pixel
                PrimaryLanguage: 
                Producer: Transkribus
            </Comments>
        <TranskribusMetadata docId="525366" pageId="22317853" pageNr="131" tsid="50186386" status="DONE" userId="66244" imgUrl="https://files.transkribus.eu/Get?id=UPQOOKGGCUQPDRFUXBRHYIDE&amp;fileType=view" xmlUrl="https://files.transkribus.eu/Get?id=FLCCRNJOZRZVQWCAZNEFEZUM" imageId="17387376"/>
    </Metadata>
    <Page imageFilename="Moreno_086_3.jpg" imageWidth="1737" imageHeight="2508">
        <PrintSpace>
            <Coords points="0,0 1737,0 1737,2508 0,2508"/>
        </PrintSpace>
        <ReadingOrder>
            <OrderedGroup id="ro_1607435578442" caption="Regions reading order">
                <RegionRefIndexed index="0" regionRef="r_1_1"/>
                <RegionRefIndexed index="1" regionRef="r_2_1"/>
                <RegionRefIndexed index="2" regionRef="r_4_1"/>
                <RegionRefIndexed index="3" regionRef="r_5_1"/>
            </OrderedGroup>
        </ReadingOrder>
        <TextRegion orientation="0.0" type="paragraph" id="r_1_1" custom="readingOrder {index:0;}">
            <Coords points="110,208 1501,208 1501,980 110,980"/>
            <TextLine id="r_1_1l1" custom="readingOrder {index:0;}">
                <Coords points="133,378 412,340 585,378 1477,362 1432,278 796,329 703,288 569,332 358,249 133,259"/>
                <Baseline points="142,331 208,334 274,337 340,340 407,341 473,342 539,342 606,342 672,341 738,340 805,339 871,338 937,336 1003,335 1070,334 1136,333 1202,332 1269,331 1335,331 1401,331 1468,332"/>
                <TextEquiv>
                    <Unicode>DON INESTIMABLE,</Unicode>
                </TextEquiv>
            </TextLine>
            <TextLine id="r_1_1l2" custom="readingOrder {index:1;}">
                <Coords points="192,507 1163,505 1237,469 1365,503 1492,472 1491,410 1119,383 995,436 191,442"/>
                <Baseline points="201,482 265,480 329,479 393,478 457,476 521,475 585,475 650,474 714,473 778,473 842,472 906,471 970,471 1034,470 1099,469 1163,468 1227,466 1291,465 1355,463 1419,461 1484,459"/>
                <TextEquiv>
                    <Unicode>y gracia singularísima emanada de la Cabe-</Unicode>
                </TextEquiv>
            </TextLine>
            <TextLine id="r_1_1l3" custom="readingOrder {index:2;}">
                <Coords points="177,553 1433,572 1505,550 1504,485 176,506"/>
                <Baseline points="185,549 250,548 316,547 381,547 447,546 512,545 578,545 643,544 709,544 774,543 840,542 906,542 971,541 1037,540 1102,540 1168,539 1233,538 1299,537 1364,536 1430,534 1496,533"/>
                <TextEquiv>
                    <Unicode>za visible de la Iglesia, á sus miembros que</Unicode>
                </TextEquiv>
            </TextLine>
            <TextLine id="r_1_1l4" custom="readingOrder {index:3;}">
                <Coords points="179,629 1092,617 1091,560 988,549 179,582"/>
                <Baseline points="187,620 231,620 276,619 321,619 366,619 411,618 455,618 500,617 545,617 590,616 635,616 679,615 724,615 769,614 814,614 859,613 903,613 948,612 993,612 1038,611 1083,611"/>
                <TextEquiv>
                    <Unicode>son los verdaderos creyentes.</Unicode>
                </TextEquiv>
            </TextLine>
            <TextLine id="r_1_1l5" custom="readingOrder {index:4;}">
                <Coords points="156,811 1505,790 1504,737 1130,749 1006,701 426,764 155,740"/>
                <Baseline points="164,795 230,795 297,794 363,793 430,793 497,792 563,791 630,791 696,790 763,789 830,788 896,788 963,787 1029,786 1096,785 1162,783 1229,782 1296,781 1362,779 1429,777 1496,775"/>
                <TextEquiv>
                    <Unicode>Cualquiera que habiendo confesado y comulgado rezare á los pies</Unicode>
                </TextEquiv>
            </TextLine>
            <TextLine id="r_1_1l6" custom="readingOrder {index:5;}">
                <Coords points="119,863 1490,836 1391,787 118,796"/>
                <Baseline points="127,849 194,849 262,848 330,847 397,846 465,845 533,845 600,844 668,843 736,843 804,842 871,841 939,840 1007,839 1074,838 1142,837 1210,836 1277,834 1345,833 1413,831 1481,829"/>
                <TextEquiv>
                    <Unicode>de la imagen de nuestro Redentor Jesucristo Crucificado la Ora-</Unicode>
                </TextEquiv>
            </TextLine>
            <TextLine id="r_1_1l7" custom="readingOrder {index:6;}">
                <Coords points="117,905 1199,929 1281,891 1452,912 1501,842 116,867"/>
                <Baseline points="126,902 194,902 262,901 330,901 399,900 467,900 535,899 604,899 672,898 740,897 809,896 877,895 945,894 1013,893 1082,892 1150,891 1218,890 1287,889 1355,887 1423,886 1492,885"/>
                <TextEquiv>
                    <Unicode>cion abajo puesta, ganará una indulgencia plenaria, y sacará un</Unicode>
                </TextEquiv>
            </TextLine>
            <TextLine id="r_1_1l8" custom="readingOrder {index:7;}">
                <Coords points="122,965 199,966 256,991 318,994 428,958 449,977 497,964 558,987 557,936 521,915 343,930 245,907 214,917 121,903"/>
                <Baseline points="131,955 157,956 183,956 209,956 235,956 261,956 287,956 313,955 340,955 366,954 392,954 418,954 444,953 470,953 496,952 522,952 549,951"/>
                <TextEquiv>
                    <Unicode>alma del purgatorio.</Unicode>
                </TextEquiv>
            </TextLine>
            <TextEquiv>
                <Unicode>DON INESTIMABLE,
y gracia singularísima emanada de la Cabe-
za visible de la Iglesia, á sus miembros que
son los verdaderos creyentes.
Cualquiera que habiendo confesado y comulgado rezare á los pies
de la imagen de nuestro Redentor Jesucristo Crucificado la Ora-
cion abajo puesta, ganará una indulgencia plenaria, y sacará un
alma del purgatorio.</Unicode>
            </TextEquiv>
        </TextRegion>
        <TextRegion orientation="0.0" type="paragraph" id="r_2_1" custom="readingOrder {index:1;}">
            <Coords points="175,1094 1456,1094 1456,1169 175,1169"/>
            <TextLine id="r_2_1l1" custom="readingOrder {index:0;}">
                <Coords points="169,1162 1465,1165 1464,1084 169,1107"/>
                <Baseline points="178,1153 241,1154 305,1154 369,1154 433,1153 497,1153 561,1152 625,1152 689,1151 753,1150 817,1149 880,1148 944,1147 1008,1146 1072,1145 1136,1144 1200,1143 1264,1142 1328,1141 1392,1141 1456,1141"/>
                <TextEquiv>
                    <Unicode>ORACION A JESUCRISTO CRUCIFICADO.</Unicode>
                </TextEquiv>
            </TextLine>
            <TextEquiv>
                <Unicode>ORACION A JESUCRISTO CRUCIFICADO.</Unicode>
            </TextEquiv>
        </TextRegion>
        <TextRegion orientation="0.0" type="paragraph" id="r_4_1" custom="readingOrder {index:2;}">
            <Coords points="110,1241 1515,1241 1525,1892 120,1892"/>
            <TextLine id="r_4_1l1" custom="readingOrder {index:0;}">
                <Coords points="261,1410 1456,1408 1504,1361 260,1376"/>
                <Baseline points="270,1399 331,1399 392,1398 453,1398 515,1397 576,1397 637,1397 699,1396 760,1395 821,1395 883,1394 944,1393 1005,1392 1066,1391 1128,1390 1189,1388 1250,1387 1312,1385 1373,1384 1434,1381 1496,1379"/>
                <TextEquiv>
                    <Unicode>eme aquí, ó Dulcísimo Jesus mio, que humillado me pos-</Unicode>
                </TextEquiv>
            </TextLine>
            <TextLine id="r_4_1l2" custom="readingOrder {index:1;}">
                <Coords points="126,1456 1406,1456 1511,1447 1511,1403 126,1414"/>
                <Baseline points="135,1453 203,1453 271,1453 340,1453 408,1453 477,1452 545,1452 613,1451 682,1450 750,1449 819,1448 887,1448 955,1446 1024,1445 1092,1444 1161,1442 1229,1441 1297,1439 1366,1437 1434,1435 1503,1433"/>
                <TextEquiv>
                    <Unicode>tro ante ta Divina presencia, y con el mas encendido fervor te</Unicode>
                </TextEquiv>
            </TextLine>
            <TextLine id="r_4_1l3" custom="readingOrder {index:2;}">
                <Coords points="131,1524 1504,1506 1503,1446 1455,1441 130,1461"/>
                <Baseline points="140,1506 207,1506 275,1506 343,1506 411,1505 478,1505 546,1504 614,1503 682,1503 749,1502 817,1501 885,1500 953,1499 1020,1497 1088,1496 1156,1495 1224,1493 1291,1492 1359,1490 1427,1488 1495,1486"/>
                <TextEquiv>
                    <Unicode>pido y ruego que estampes en mi alma vivos sentimientos de Fé:</Unicode>
                </TextEquiv>
            </TextLine>
            <TextLine id="r_4_1l4" custom="readingOrder {index:3;}">
                <Coords points="132,1571 1514,1552 1484,1495 132,1524"/>
                <Baseline points="140,1559 208,1560 276,1560 344,1560 413,1559 481,1559 549,1558 617,1557 686,1556 754,1555 822,1554 890,1553 959,1551 1027,1550 1095,1549 1163,1547 1232,1546 1300,1545 1368,1544 1436,1542 1505,1541"/>
                <TextEquiv>
                    <Unicode>Esperanza y Caridad, de verdadero dolor y arrepentimiento de</Unicode>
                </TextEquiv>
            </TextLine>
            <TextLine id="r_4_1l5" custom="readingOrder {index:4;}">
                <Coords points="128,1617 1468,1620 1507,1554 127,1583"/>
                <Baseline points="136,1614 204,1613 272,1613 340,1613 408,1612 476,1612 544,1611 613,1610 681,1609 749,1608 817,1607 885,1606 953,1605 1021,1604 1090,1602 1158,1601 1226,1600 1294,1598 1362,1597 1430,1595 1499,1594"/>
                <TextEquiv>
                    <Unicode>mis pecados, y de eficaces deseos de una firmisima enmienda:</Unicode>
                </TextEquiv>
            </TextLine>
            <TextLine id="r_4_1l6" custom="readingOrder {index:5;}">
                <Coords points="133,1674 1504,1668 1515,1614 132,1633"/>
                <Baseline points="141,1666 209,1666 277,1666 345,1666 414,1665 482,1664 550,1664 619,1663 687,1662 755,1661 824,1660 892,1659 960,1658 1028,1657 1097,1655 1165,1654 1233,1653 1302,1651 1370,1650 1438,1649 1507,1647"/>
                <TextEquiv>
                    <Unicode>mientras que yo con el mayor afecto y compasion de mi alma</Unicode>
                </TextEquiv>
            </TextLine>
            <TextLine id="r_4_1l7" custom="readingOrder {index:6;}">
                <Coords points="127,1723 1512,1709 1456,1654 127,1686"/>
                <Baseline points="136,1720 204,1720 272,1719 341,1719 409,1718 478,1718 546,1717 614,1716 683,1716 751,1715 820,1714 888,1712 956,1711 1025,1710 1093,1709 1162,1708 1230,1706 1298,1705 1367,1703 1435,1701 1504,1700"/>
                <TextEquiv>
                    <Unicode>repaso en mi interior y contemplo con mi mente vuestras cinco</Unicode>
                </TextEquiv>
            </TextLine>
            <TextLine id="r_4_1l8" custom="readingOrder {index:7;}">
                <Coords points="135,1779 1520,1764 1519,1703 135,1733"/>
                <Baseline points="144,1773 212,1773 280,1773 349,1772 417,1772 485,1771 554,1771 622,1770 690,1769 759,1768 827,1767 895,1766 964,1765 1032,1764 1100,1762 1169,1761 1237,1759 1305,1758 1374,1756 1442,1755 1511,1753"/>
                <TextEquiv>
                    <Unicode>llagas, teniendo siempre á mi vista lo que de vos cantaba el</Unicode>
                </TextEquiv>
            </TextLine>
            <TextLine id="r_4_1l9" custom="readingOrder {index:8;}">
                <Coords points="129,1835 1289,1845 1490,1831 1519,1775 129,1786"/>
                <Baseline points="138,1826 206,1826 275,1826 343,1825 412,1825 481,1825 549,1824 618,1824 687,1823 755,1822 824,1821 893,1820 961,1819 1030,1818 1099,1817 1167,1816 1236,1814 1305,1813 1373,1811 1442,1810 1511,1808"/>
                <TextEquiv>
                    <Unicode>Santo Profeta David: Traspasaron mis pies y manos y contaron</Unicode>
                </TextEquiv>
            </TextLine>
            <TextLine id="r_4_1l10" custom="readingOrder {index:9;}">
                <Coords points="128,1910 180,1882 209,1903 287,1885 376,1887 395,1901 449,1887 492,1902 552,1897 552,1852 531,1844 476,1851 416,1832 361,1856 128,1834"/>
                <Baseline points="137,1881 162,1881 187,1880 213,1880 238,1880 263,1879 289,1879 314,1879 340,1879 365,1879 390,1879 416,1879 441,1879 466,1879 492,1880 517,1880 543,1880"/>
                <TextEquiv>
                    <Unicode>todos mis huesos.</Unicode>
                </TextEquiv>
            </TextLine>
            <TextEquiv>
                <Unicode>eme aquí, ó Dulcísimo Jesus mio, que humillado me pos-
tro ante ta Divina presencia, y con el mas encendido fervor te
pido y ruego que estampes en mi alma vivos sentimientos de Fé:
Esperanza y Caridad, de verdadero dolor y arrepentimiento de
mis pecados, y de eficaces deseos de una firmisima enmienda:
mientras que yo con el mayor afecto y compasion de mi alma
repaso en mi interior y contemplo con mi mente vuestras cinco
llagas, teniendo siempre á mi vista lo que de vos cantaba el
Santo Profeta David: Traspasaron mis pies y manos y contaron
todos mis huesos.</Unicode>
            </TextEquiv>
        </TextRegion>
        <TextRegion orientation="0.0" type="paragraph" id="r_5_1" custom="readingOrder {index:3;}">
            <Coords points="139,1987 1525,1987 1525,2294 139,2294"/>
            <TextLine id="r_5_1l1" custom="readingOrder {index:0;}">
                <Coords points="198,2061 1529,2036 1445,1972 197,2001"/>
                <Baseline points="207,2052 272,2052 338,2051 403,2051 469,2050 535,2050 600,2049 666,2049 732,2048 797,2047 863,2047 929,2046 994,2045 1060,2044 1126,2043 1191,2042 1257,2041 1323,2040 1388,2038 1454,2037 1520,2035"/>
                <TextEquiv>
                    <Unicode>La Santidad de Clemente VIll concedió esta Indulgencia, la</Unicode>
                </TextEquiv>
            </TextLine>
            <TextLine id="r_5_1l2" custom="readingOrder {index:1;}">
                <Coords points="138,2117 1518,2105 1487,2043 137,2060"/>
                <Baseline points="146,2106 214,2106 282,2106 350,2105 418,2105 486,2105 554,2104 623,2103 691,2103 759,2102 827,2101 895,2100 963,2099 1031,2098 1100,2096 1168,2095 1236,2094 1304,2092 1372,2091 1440,2089 1509,2087"/>
                <TextEquiv>
                    <Unicode>cual confirmó Benedicto IV, y últimamente Pio Vil por su orá-</Unicode>
                </TextEquiv>
            </TextLine>
            <TextLine id="r_5_1l3" custom="readingOrder {index:2;}">
                <Coords points="144,2167 1521,2155 1490,2094 144,2120"/>
                <Baseline points="153,2160 224,2160 296,2159 367,2158 439,2158 510,2157 582,2156 653,2156 725,2155 796,2154 868,2153 939,2152 1011,2151 1082,2150 1154,2149 1225,2148 1297,2146 1368,2145 1440,2143 1512,2141"/>
                <TextEquiv>
                    <Unicode>culo de viva voz en el año de ASoi lá confirmó de nuevo, limi-</Unicode>
                </TextEquiv>
            </TextLine>
            <TextLine id="r_5_1l4" custom="readingOrder {index:3;}">
                <Coords points="135,2233 1471,2223 1529,2145 134,2177"/>
                <Baseline points="143,2215 211,2214 280,2213 349,2212 418,2211 487,2210 556,2210 624,2209 693,2208 762,2208 831,2207 900,2206 969,2206 1038,2205 1106,2204 1175,2203 1244,2201 1313,2200 1382,2198 1451,2196 1520,2194"/>
                <TextEquiv>
                    <Unicode>tándola para solo aquellos dias que confesaren contritos sus pe-</Unicode>
                </TextEquiv>
            </TextLine>
            <TextLine id="r_5_1l5" custom="readingOrder {index:4;}">
                <Coords points="144,2289 1340,2265 1339,2213 1256,2202 144,2231"/>
                <Baseline points="152,2269 214,2268 276,2267 338,2266 400,2265 462,2265 524,2264 586,2264 648,2263 710,2263 772,2262 834,2262 896,2261 958,2260 1020,2259 1082,2258 1144,2257 1206,2256 1268,2254 1331,2253"/>
                <TextEquiv>
                    <Unicode>cados, y recibiesen devotamente la sagrada Eucaristia.</Unicode>
                </TextEquiv>
            </TextLine>
            <TextEquiv>
                <Unicode>La Santidad de Clemente VIll concedió esta Indulgencia, la
cual confirmó Benedicto IV, y últimamente Pio Vil por su orá-
culo de viva voz en el año de ASoi lá confirmó de nuevo, limi-
tándola para solo aquellos dias que confesaren contritos sus pe-
cados, y recibiesen devotamente la sagrada Eucaristia.</Unicode>
            </TextEquiv>
        </TextRegion>
    </Page>
</PcGts>
