1737 2508
140 230 1461 367 DON INESTIMABLE.
166 362 1473 498 y gracia singularísima emanada de la Cabe-
163 453 1486 550 za visible de la Iglesia, á sus miembros que
164 539 1076 627 son los verdaderos creyentes.
139 700 1493 811 Cualquiera que habiendo confesado y comulgado rezare á los pies
104 773 1493 854 de la imagen de nuestro Redentor Jesucristo Crucificado la Ora-
105 831 1499 908 cion abajo puesta, ganará una indulgencia plenaria, y sacará un
110 896 559 978 alma del purgatorio.
159 1086 1463 1155 ORACION A JESUCRISTO CRUCIFICADO.
251 1305 1503 1400 eme aquí, ó Dulcísimo Jesus mio, que humillado me pos-
112 1394 1507 1451 tro ante tu Divina presencia, y con el mas encendido fervor te
117 1431 1500 1514 pido y ruego que estampes en mi alma vivos sentimientos de Fé;
114 1489 1508 1560 Esperanza y Caridad, de verdadero dolor y arrepentimiento de
111 1542 1495 1624 mis pecados, y de eficaces deseos de una firmísima enmienda:
121 1593 1509 1679 mientras que yo con el mayor afecto y compasion de mi alma
121 1646 1508 1724 repaso en mi interior y contemplo con mi mente vuestras cinco
119 1694 1512 1776 llagas, teniendo siempre á mi vista lo que de vos cantaba el
125 1766 1508 1840 Santo Profeta David: Traspasaron mis pies y manos y contaron
124 1827 524 1908 todos mis huesos.
176 1951 1513 2049 La Santidad de Clemente Vill concedió esta Indulgencia, la
130 2030 1510 2118 cual confirmó Benedicto NIV, y últimamente Pio Vll por su orá-
124 2080 1510 2165 culo de viva voz en el año de 1Sol la confirmó de nuevo, limi-
130 2141 1514 2223 tándola para solo aquellos dias que confesaren contritos sus pe-
134 2192 1332 2288 cados, y recibiesen devotamente la sagrada Eucaristia.
