<?xml version="1.0" encoding="UTF-8" standalone="yes"?>
<PcGts xmlns="http://schema.primaresearch.org/PAGE/gts/pagecontent/2013-07-15" xmlns:xsi="http://www.w3.org/2001/XMLSchema-instance" xsi:schemaLocation="http://schema.primaresearch.org/PAGE/gts/pagecontent/2013-07-15 http://schema.primaresearch.org/PAGE/gts/pagecontent/2013-07-15/pagecontent.xsd">
    <Metadata>
        <Creator>prov=University of Rostock/Institute of Mathematics/CITlab|PLANET AI GmbH/Gundram Leifert/gundram.leifert@planet-ai.de:name=Pliegos de Cordel (XIXe) - v3(htr_id=26984)::::v=2.6.7
prov=University of Rostock/Institute of Mathematics/CITlab|PLANET AI GmbH/Tobias Gruening/tobias.gruening@planet-ai.de:name=de.uros.citlab.module.baseline2polygon.B2PSeamMultiOriented:v=2.6.7
prov=University of Rostock/Institute of Mathematics/CITlab|PLANET AI GmbH/Tobias Gruening/tobias.gruening@planet-ai.de:name=/net_tf/LA73_249_0mod360.pb:de.uros.citlab.segmentation.CITlab_LA_ML:v=2.6.7
Transkribus</Creator>
        <Created>2020-10-21T15:26:48.589+02:00</Created>
        <LastChange>2020-11-27T14:53:30.756+01:00</LastChange>
        <TranskribusMetadata docId="523010" pageId="22257101" pageNr="9" tsid="49670635" status="DONE" userId="66244" imgUrl="https://files.transkribus.eu/Get?id=PPYUNENABAHXCCNYXPRBYIDU&amp;fileType=view" xmlUrl="https://files.transkribus.eu/Get?id=RCJWAUSQOTXMEBWJPNUKHBSS" imageId="17335503"/>
    </Metadata>
    <Page imageFilename="Moreno_012_1.jpg" imageWidth="1737" imageHeight="2508">
        <ReadingOrder>
            <OrderedGroup id="ro_1606487415724" caption="Regions reading order">
                <RegionRefIndexed index="0" regionRef="r1"/>
            </OrderedGroup>
        </ReadingOrder>
        <TextRegion orientation="0.0" id="r1" custom="readingOrder {index:0;}">
            <Coords points="153,246 153,2413 1563,2413 1563,246"/>
            <TextLine id="r1l1" custom="readingOrder {index:0;}">
                <Coords points="1279,290 1304,290 1330,289 1356,288 1381,287 1407,286 1433,286 1458,285 1484,285 1510,285 1536,285 1536,246 1510,246 1484,246 1458,246 1433,247 1407,247 1381,248 1356,249 1330,250 1304,251 1279,251"/>
                <Baseline points="1279,277 1304,277 1330,276 1356,275 1381,274 1407,273 1433,273 1458,272 1484,272 1510,272 1536,272"/>
                <TextEquiv>
                    <Unicode>(Número 12)</Unicode>
                </TextEquiv>
            </TextLine>
            <TextLine id="r1l2" custom="readingOrder {index:1;}">
                <Coords points="449,1409 491,1409 534,1410 577,1410 620,1410 663,1411 706,1411 748,1411 791,1412 834,1412 877,1412 920,1412 963,1413 1006,1413 1048,1413 1091,1414 1134,1414 1177,1415 1220,1416 1263,1417 1306,1418 1306,1379 1263,1378 1220,1377 1177,1376 1134,1375 1091,1375 1048,1374 1006,1374 963,1374 920,1373 877,1373 834,1373 791,1373 748,1372 706,1372 663,1372 620,1371 577,1371 534,1371 491,1370 449,1370"/>
                <Baseline points="449,1396 491,1396 534,1397 577,1397 620,1397 663,1398 706,1398 748,1398 791,1399 834,1399 877,1399 920,1399 963,1400 1006,1400 1048,1400 1091,1401 1134,1401 1177,1402 1220,1403 1263,1404 1306,1405"/>
                <TextEquiv>
                    <Unicode>SATIRA GRACIOSA</Unicode>
                </TextEquiv>
            </TextLine>
            <TextLine id="r1l3" custom="readingOrder {index:2;}">
                <Coords points="329,1517 382,1518 436,1519 489,1520 543,1520 596,1521 650,1521 703,1521 757,1522 810,1522 864,1522 918,1522 971,1522 1025,1523 1078,1523 1132,1524 1185,1524 1239,1525 1292,1526 1346,1527 1400,1529 1400,1490 1346,1488 1292,1487 1239,1486 1185,1485 1132,1485 1078,1484 1025,1484 971,1483 918,1483 864,1483 810,1483 757,1483 703,1482 650,1482 596,1482 543,1481 489,1481 436,1480 382,1479 329,1478"/>
                <Baseline points="329,1504 382,1505 436,1506 489,1507 543,1507 596,1508 650,1508 703,1508 757,1509 810,1509 864,1509 918,1509 971,1509 1025,1510 1078,1510 1132,1511 1185,1511 1239,1512 1292,1513 1346,1514 1400,1516"/>
                <TextEquiv>
                    <Unicode>DE LOS QUINCE NOVIOS.</Unicode>
                </TextEquiv>
            </TextLine>
            <TextLine id="r1l4" custom="readingOrder {index:3;}">
                <Coords points="167,1636 236,1635 306,1634 376,1633 446,1632 516,1632 585,1632 655,1632 725,1632 795,1633 865,1633 934,1634 1004,1635 1074,1636 1144,1637 1214,1639 1283,1640 1353,1642 1423,1643 1493,1645 1563,1647 1563,1611 1493,1609 1423,1607 1353,1606 1283,1604 1214,1603 1144,1601 1074,1600 1004,1599 934,1598 865,1597 795,1597 725,1596 655,1596 585,1596 516,1596 446,1596 376,1597 306,1598 236,1599 167,1600"/>
                <Baseline points="167,1624 236,1623 306,1622 376,1621 446,1620 516,1620 585,1620 655,1620 725,1620 795,1621 865,1621 934,1622 1004,1623 1074,1624 1144,1625 1214,1627 1283,1628 1353,1630 1423,1631 1493,1633 1563,1635"/>
                <TextEquiv>
                    <Unicode>EN QUE SE MANIFIESTAN TODOS LOS DENGUES, MODAS</Unicode>
                </TextEquiv>
            </TextLine>
            <TextLine id="r1l5" custom="readingOrder {index:4;}">
                <Coords points="160,1686 229,1684 299,1683 369,1682 439,1681 509,1681 579,1681 648,1681 718,1681 788,1681 858,1682 928,1683 998,1684 1068,1685 1137,1686 1207,1687 1277,1689 1347,1690 1417,1692 1487,1694 1557,1695 1557,1661 1487,1660 1417,1658 1347,1656 1277,1655 1207,1653 1137,1652 1068,1651 998,1650 928,1649 858,1648 788,1647 718,1647 648,1647 579,1647 509,1647 439,1647 369,1648 299,1649 229,1650 160,1652"/>
                <Baseline points="160,1675 229,1673 299,1672 369,1671 439,1670 509,1670 579,1670 648,1670 718,1670 788,1670 858,1671 928,1672 998,1673 1068,1674 1137,1675 1207,1676 1277,1678 1347,1679 1417,1681 1487,1683 1557,1684"/>
                <TextEquiv>
                    <Unicode>y zalamerias que gastan las señoritas doncellas cuando ven que</Unicode>
                </TextEquiv>
            </TextLine>
            <TextLine id="r1l6" custom="readingOrder {index:5;}">
                <Coords points="236,1731 302,1731 368,1730 434,1729 501,1729 567,1729 633,1729 699,1729 766,1730 832,1730 898,1731 964,1732 1031,1733 1097,1734 1163,1736 1229,1737 1296,1739 1362,1741 1428,1742 1495,1745 1495,1711 1428,1708 1362,1707 1296,1705 1229,1703 1163,1702 1097,1700 1031,1699 964,1698 898,1697 832,1696 766,1696 699,1695 633,1695 567,1695 501,1695 434,1695 368,1696 302,1697 236,1697"/>
                <Baseline points="236,1720 302,1720 368,1719 434,1718 501,1718 567,1718 633,1718 699,1718 766,1719 832,1719 898,1720 964,1721 1031,1722 1097,1723 1163,1725 1229,1726 1296,1728 1362,1730 1428,1731 1495,1734"/>
                <TextEquiv>
                    <Unicode>tienen muchos novios y se mueren por sus pedazos: con</Unicode>
                </TextEquiv>
            </TextLine>
            <TextLine id="r1l7" custom="readingOrder {index:6;}">
                <Coords points="484,1777 522,1777 560,1778 598,1779 636,1779 674,1780 712,1780 750,1780 788,1781 826,1781 864,1781 902,1782 940,1782 978,1783 1016,1783 1054,1783 1092,1784 1130,1785 1168,1786 1206,1787 1245,1788 1245,1752 1206,1751 1168,1750 1130,1749 1092,1748 1054,1747 1016,1747 978,1747 940,1746 902,1746 864,1745 826,1745 788,1745 750,1744 712,1744 674,1744 636,1743 598,1743 560,1742 522,1741 484,1741"/>
                <Baseline points="484,1765 522,1765 560,1766 598,1767 636,1767 674,1768 712,1768 750,1768 788,1769 826,1769 864,1769 902,1770 940,1770 978,1771 1016,1771 1054,1771 1092,1772 1130,1773 1168,1774 1206,1775 1245,1776"/>
                <TextEquiv>
                    <Unicode>lo demás que verá el curioso lector.</Unicode>
                </TextEquiv>
            </TextLine>
            <TextLine id="r1l9" custom="readingOrder {index:7;}">
                <Coords points="207,1962 233,1962 259,1962 285,1962 311,1962 338,1962 364,1962 390,1961 416,1961 443,1961 469,1961 495,1960 521,1960 548,1960 574,1960 600,1960 626,1960 653,1961 653,1927 626,1926 600,1926 574,1926 548,1926 521,1926 495,1926 469,1927 443,1927 416,1927 390,1927 364,1928 338,1928 311,1928 285,1928 259,1928 233,1928 207,1928"/>
                <Baseline points="207,1951 233,1951 259,1951 285,1951 311,1951 338,1951 364,1951 390,1950 416,1950 443,1950 469,1950 495,1949 521,1949 548,1949 574,1949 600,1949 626,1949 653,1950"/>
                <TextEquiv>
                    <Unicode>Una satirilla indiana</Unicode>
                </TextEquiv>
            </TextLine>
            <TextLine id="r1l11" custom="readingOrder {index:8;}">
                <Coords points="160,2012 187,2012 215,2012 242,2012 270,2012 297,2012 325,2011 352,2011 380,2010 407,2010 435,2009 462,2009 490,2009 517,2008 545,2008 572,2008 600,2008 627,2008 655,2009 682,2010 710,2011 710,1977 682,1976 655,1975 627,1974 600,1974 572,1974 545,1974 517,1974 490,1975 462,1975 435,1975 407,1976 380,1976 352,1977 325,1977 297,1978 270,1978 242,1978 215,1978 187,1978 160,1978"/>
                <Baseline points="160,2001 187,2001 215,2001 242,2001 270,2001 297,2001 325,2000 352,2000 380,1999 407,1999 435,1998 462,1998 490,1998 517,1997 545,1997 572,1997 600,1997 627,1997 655,1998 682,1999 710,2000"/>
                <TextEquiv>
                    <Unicode>con gracia quiero cantar,</Unicode>
                </TextEquiv>
            </TextLine>
            <TextLine id="r1l13" custom="readingOrder {index:9;}">
                <Coords points="162,2060 190,2061 218,2061 246,2061 274,2061 303,2060 331,2060 359,2060 387,2059 415,2059 444,2058 472,2058 500,2058 528,2058 556,2058 585,2058 613,2058 641,2059 669,2060 697,2061 726,2062 726,2028 697,2027 669,2026 641,2025 613,2024 585,2024 556,2024 528,2024 500,2024 472,2024 444,2024 415,2025 387,2025 359,2026 331,2026 303,2026 274,2027 246,2027 218,2027 190,2027 162,2026"/>
                <Baseline points="162,2049 190,2050 218,2050 246,2050 274,2050 303,2049 331,2049 359,2049 387,2048 415,2048 444,2047 472,2047 500,2047 528,2047 556,2047 585,2047 613,2047 641,2048 669,2049 697,2050 726,2051"/>
                <TextEquiv>
                    <Unicode>ella es buena pero amarga,</Unicode>
                </TextEquiv>
            </TextLine>
            <TextLine id="r1l15" custom="readingOrder {index:10;}">
                <Coords points="164,2109 190,2110 216,2110 242,2110 268,2110 295,2109 321,2109 347,2109 373,2108 400,2107 426,2107 452,2106 478,2106 504,2105 531,2105 557,2105 583,2106 609,2106 636,2107 636,2073 609,2072 583,2072 557,2071 531,2071 504,2071 478,2072 452,2072 426,2073 400,2073 373,2074 347,2075 321,2075 295,2075 268,2076 242,2076 216,2076 190,2076 164,2075"/>
                <Baseline points="164,2098 190,2099 216,2099 242,2099 268,2099 295,2098 321,2098 347,2098 373,2097 400,2096 426,2096 452,2095 478,2095 504,2094 531,2094 557,2094 583,2095 609,2095 636,2096"/>
                <TextEquiv>
                    <Unicode>porque dice la verdad:</Unicode>
                </TextEquiv>
            </TextLine>
            <TextLine id="r1l17" custom="readingOrder {index:11;}">
                <Coords points="161,2158 186,2158 212,2158 237,2158 263,2158 288,2158 314,2158 339,2157 365,2157 390,2156 416,2156 441,2156 467,2155 492,2155 518,2155 543,2155 569,2155 594,2155 620,2156 620,2122 594,2121 569,2121 543,2121 518,2121 492,2121 467,2121 441,2122 416,2122 390,2122 365,2123 339,2123 314,2124 288,2124 263,2124 237,2124 212,2124 186,2124 161,2124"/>
                <Baseline points="161,2147 186,2147 212,2147 237,2147 263,2147 288,2147 314,2147 339,2146 365,2146 390,2145 416,2145 441,2145 467,2144 492,2144 518,2144 543,2144 569,2144 594,2144 620,2145"/>
                <TextEquiv>
                    <Unicode>verán si la escuchan</Unicode>
                </TextEquiv>
            </TextLine>
            <TextLine id="r1l19" custom="readingOrder {index:12;}">
                <Coords points="161,2206 186,2207 212,2207 238,2207 264,2207 290,2206 316,2206 342,2206 368,2205 394,2205 420,2204 446,2204 472,2204 498,2204 524,2204 550,2205 576,2205 576,2171 550,2171 524,2170 498,2170 472,2170 446,2170 420,2170 394,2171 368,2171 342,2172 316,2172 290,2172 264,2173 238,2173 212,2173 186,2173 161,2172"/>
                <Baseline points="161,2195 186,2196 212,2196 238,2196 264,2196 290,2195 316,2195 342,2195 368,2194 394,2194 420,2193 446,2193 472,2193 498,2193 524,2193 550,2194 576,2194"/>
                <TextEquiv>
                    <Unicode>todas las quimeras</Unicode>
                </TextEquiv>
            </TextLine>
            <TextLine id="r1l21" custom="readingOrder {index:13;}">
                <Coords points="155,2254 181,2255 208,2256 234,2256 261,2256 288,2256 314,2255 341,2255 367,2254 394,2253 421,2253 447,2252 474,2252 501,2252 501,2218 474,2218 447,2218 421,2219 394,2219 367,2220 341,2221 314,2221 288,2222 261,2222 234,2222 208,2222 181,2221 155,2220"/>
                <Baseline points="155,2243 181,2244 208,2245 234,2245 261,2245 288,2245 314,2244 341,2244 367,2243 394,2242 421,2242 447,2241 474,2241 501,2241"/>
                <TextEquiv>
                    <Unicode>de las señoritas</Unicode>
                </TextEquiv>
            </TextLine>
            <TextLine id="r1l23" custom="readingOrder {index:14;}">
                <Coords points="153,2304 178,2305 203,2306 228,2306 254,2306 279,2306 304,2305 330,2305 355,2304 380,2304 406,2303 431,2303 456,2302 482,2302 507,2302 532,2302 558,2303 558,2269 532,2268 507,2268 482,2268 456,2268 431,2269 406,2269 380,2270 355,2270 330,2271 304,2271 279,2272 254,2272 228,2272 203,2272 178,2271 153,2270"/>
                <Baseline points="153,2293 178,2294 203,2295 228,2295 254,2295 279,2295 304,2294 330,2294 355,2293 380,2293 406,2292 431,2292 456,2291 482,2291 507,2291 532,2291 558,2292"/>
                <TextEquiv>
                    <Unicode>doncellas, solteras:</Unicode>
                </TextEquiv>
            </TextLine>
            <TextLine id="r1l25" custom="readingOrder {index:15;}">
                <Coords points="163,2355 189,2356 215,2356 241,2356 267,2356 293,2355 320,2354 346,2354 372,2353 398,2352 424,2351 451,2351 477,2351 503,2351 529,2351 555,2352 582,2354 582,2320 555,2318 529,2317 503,2317 477,2317 451,2317 424,2317 398,2318 372,2319 346,2320 320,2320 293,2321 267,2322 241,2322 215,2322 189,2322 163,2321"/>
                <Baseline points="163,2344 189,2345 215,2345 241,2345 267,2345 293,2344 320,2343 346,2343 372,2342 398,2341 424,2340 451,2340 477,2340 503,2340 529,2340 555,2341 582,2343"/>
                <TextEquiv>
                    <Unicode>veran como á todas</Unicode>
                </TextEquiv>
            </TextLine>
            <TextLine id="r1l27" custom="readingOrder {index:16;}">
                <Coords points="159,2409 184,2410 210,2410 235,2410 261,2409 286,2409 312,2408 337,2408 363,2407 388,2406 414,2405 439,2405 465,2404 490,2404 516,2403 542,2404 542,2367 516,2366 490,2367 465,2367 439,2368 414,2368 388,2369 363,2370 337,2371 312,2371 286,2372 261,2372 235,2373 210,2373 184,2373 159,2372"/>
                <Baseline points="159,2397 184,2398 210,2398 235,2398 261,2397 286,2397 312,2396 337,2396 363,2395 388,2394 414,2393 439,2393 465,2392 490,2392 516,2391 542,2392"/>
                <TextEquiv>
                    <Unicode>con lindos arrojos</Unicode>
                </TextEquiv>
            </TextLine>
            <TextLine id="r1l10" custom="readingOrder {index:17;}">
                <Coords points="885,1963 910,1963 935,1963 961,1963 986,1963 1011,1964 1037,1964 1062,1964 1087,1965 1113,1965 1138,1965 1163,1966 1189,1966 1214,1967 1239,1967 1265,1967 1265,1933 1239,1933 1214,1933 1189,1932 1163,1932 1138,1931 1113,1931 1087,1931 1062,1930 1037,1930 1011,1930 986,1929 961,1929 935,1929 910,1929 885,1929"/>
                <Baseline points="885,1952 910,1952 935,1952 961,1952 986,1952 1011,1953 1037,1953 1062,1953 1087,1954 1113,1954 1138,1954 1163,1955 1189,1955 1214,1956 1239,1956 1265,1956"/>
                <TextEquiv>
                    <Unicode>tras de los usías</Unicode>
                </TextEquiv>
            </TextLine>
            <TextLine id="r1l12" custom="readingOrder {index:18;}">
                <Coords points="886,2010 911,2010 936,2011 961,2011 987,2011 1012,2012 1037,2012 1063,2013 1088,2013 1113,2014 1139,2014 1164,2015 1189,2015 1215,2015 1240,2016 1265,2016 1291,2017 1291,1983 1265,1982 1240,1982 1215,1981 1189,1981 1164,1981 1139,1980 1113,1980 1088,1979 1063,1979 1037,1978 1012,1978 987,1977 961,1977 936,1977 911,1976 886,1976"/>
                <Baseline points="886,1999 911,1999 936,2000 961,2000 987,2000 1012,2001 1037,2001 1063,2002 1088,2002 1113,2003 1139,2003 1164,2004 1189,2004 1215,2004 1240,2005 1265,2005 1291,2006"/>
                <TextEquiv>
                    <Unicode>se le van los ojos:</Unicode>
                </TextEquiv>
            </TextLine>
            <TextLine id="r1l14" custom="readingOrder {index:19;}">
                <Coords points="884,2059 909,2059 934,2060 960,2061 985,2061 1011,2062 1036,2062 1061,2063 1087,2063 1112,2064 1138,2064 1163,2064 1188,2065 1214,2065 1239,2065 1265,2066 1265,2030 1239,2029 1214,2029 1188,2029 1163,2028 1138,2028 1112,2028 1087,2027 1061,2027 1036,2026 1011,2026 985,2025 960,2025 934,2024 909,2023 884,2023"/>
                <Baseline points="884,2047 909,2047 934,2048 960,2049 985,2049 1011,2050 1036,2050 1061,2051 1087,2051 1112,2052 1138,2052 1163,2052 1188,2053 1214,2053 1239,2053 1265,2054"/>
                <TextEquiv>
                    <Unicode>y verán las ánsias</Unicode>
                </TextEquiv>
            </TextLine>
            <TextLine id="r1l16" custom="readingOrder {index:20;}">
                <Coords points="888,2109 913,2110 939,2111 965,2112 990,2112 1016,2113 1042,2113 1067,2113 1093,2113 1119,2113 1144,2113 1170,2113 1196,2114 1221,2114 1247,2115 1273,2115 1298,2117 1324,2118 1350,2120 1350,2084 1324,2082 1298,2081 1273,2079 1247,2079 1221,2078 1196,2078 1170,2077 1144,2077 1119,2077 1093,2077 1067,2077 1042,2077 1016,2077 990,2076 965,2076 939,2075 913,2074 888,2073"/>
                <Baseline points="888,2097 913,2098 939,2099 965,2100 990,2100 1016,2101 1042,2101 1067,2101 1093,2101 1119,2101 1144,2101 1170,2101 1196,2102 1221,2102 1247,2103 1273,2103 1298,2105 1324,2106 1350,2108"/>
                <TextEquiv>
                    <Unicode>de muchos camuezos,</Unicode>
                </TextEquiv>
            </TextLine>
            <TextLine id="r1l18" custom="readingOrder {index:21;}">
                <Coords points="883,2157 909,2158 935,2159 962,2159 988,2160 1015,2160 1041,2160 1067,2161 1094,2161 1120,2161 1147,2161 1173,2162 1199,2162 1226,2163 1252,2163 1279,2164 1305,2165 1332,2166 1332,2132 1305,2131 1279,2130 1252,2129 1226,2129 1199,2128 1173,2128 1147,2127 1120,2127 1094,2127 1067,2127 1041,2126 1015,2126 988,2126 962,2125 935,2125 909,2124 883,2123"/>
                <Baseline points="883,2146 909,2147 935,2148 962,2148 988,2149 1015,2149 1041,2149 1067,2150 1094,2150 1120,2150 1147,2150 1173,2151 1199,2151 1226,2152 1252,2152 1279,2153 1305,2154 1332,2155"/>
                <TextEquiv>
                    <Unicode>que se vuelven toros;</Unicode>
                </TextEquiv>
            </TextLine>
            <TextLine id="r1l20" custom="readingOrder {index:22;}">
                <Coords points="882,2208 908,2209 935,2209 962,2209 989,2210 1016,2210 1043,2210 1070,2210 1097,2210 1124,2210 1151,2210 1177,2210 1204,2211 1231,2211 1258,2211 1285,2212 1312,2212 1339,2213 1366,2213 1393,2214 1420,2215 1420,2181 1393,2180 1366,2179 1339,2179 1312,2178 1285,2178 1258,2177 1231,2177 1204,2177 1177,2176 1151,2176 1124,2176 1097,2176 1070,2176 1043,2176 1016,2176 989,2176 962,2175 935,2175 908,2175 882,2174"/>
                <Baseline points="882,2197 908,2198 935,2198 962,2198 989,2199 1016,2199 1043,2199 1070,2199 1097,2199 1124,2199 1151,2199 1177,2199 1204,2200 1231,2200 1258,2200 1285,2201 1312,2201 1339,2202 1366,2202 1393,2203 1420,2204"/>
                <TextEquiv>
                    <Unicode>mas ¿cuántos hay de esos?</Unicode>
                </TextEquiv>
            </TextLine>
            <TextLine id="r1l22" custom="readingOrder {index:23;}">
                <Coords points="925,2258 951,2258 977,2258 1003,2258 1030,2258 1056,2258 1082,2258 1108,2259 1135,2259 1161,2259 1187,2259 1213,2259 1240,2260 1266,2260 1292,2261 1318,2261 1345,2262 1371,2263 1397,2264 1423,2265 1450,2266 1450,2232 1423,2231 1397,2230 1371,2229 1345,2228 1318,2227 1292,2227 1266,2226 1240,2226 1213,2225 1187,2225 1161,2225 1135,2225 1108,2225 1082,2224 1056,2224 1030,2224 1003,2224 977,2224 951,2224 925,2224"/>
                <Baseline points="925,2247 951,2247 977,2247 1003,2247 1030,2247 1056,2247 1082,2247 1108,2248 1135,2248 1161,2248 1187,2248 1213,2248 1240,2249 1266,2249 1292,2250 1318,2250 1345,2251 1371,2252 1397,2253 1423,2254 1450,2255"/>
                <TextEquiv>
                    <Unicode>En está Córte, una dama,</Unicode>
                </TextEquiv>
            </TextLine>
            <TextLine id="r1l24" custom="readingOrder {index:24;}">
                <Coords points="878,2306 907,2307 936,2307 966,2307 995,2307 1025,2308 1054,2308 1083,2308 1113,2308 1142,2308 1172,2308 1201,2308 1231,2308 1260,2309 1289,2310 1319,2311 1348,2312 1378,2313 1407,2314 1437,2317 1437,2283 1407,2280 1378,2279 1348,2278 1319,2277 1289,2276 1260,2275 1231,2274 1201,2274 1172,2274 1142,2274 1113,2274 1083,2274 1054,2274 1025,2274 995,2273 966,2273 936,2273 907,2273 878,2272"/>
                <Baseline points="878,2295 907,2296 936,2296 966,2296 995,2296 1025,2297 1054,2297 1083,2297 1113,2297 1142,2297 1172,2297 1201,2297 1231,2297 1260,2298 1289,2299 1319,2300 1348,2301 1378,2302 1407,2303 1437,2306"/>
                <TextEquiv>
                    <Unicode>muy hermosa y sin nariz,</Unicode>
                </TextEquiv>
            </TextLine>
            <TextLine id="r1l26" custom="readingOrder {index:25;}">
                <Coords points="877,2356 902,2356 928,2357 954,2357 980,2357 1006,2357 1032,2357 1058,2357 1084,2357 1110,2357 1136,2357 1161,2357 1187,2357 1213,2357 1239,2357 1265,2358 1291,2358 1317,2359 1343,2360 1369,2361 1395,2362 1395,2328 1369,2327 1343,2326 1317,2325 1291,2324 1265,2324 1239,2323 1213,2323 1187,2323 1161,2323 1136,2323 1110,2323 1084,2323 1058,2323 1032,2323 1006,2323 980,2323 954,2323 928,2323 902,2322 877,2322"/>
                <Baseline points="877,2345 902,2345 928,2346 954,2346 980,2346 1006,2346 1032,2346 1058,2346 1084,2346 1110,2346 1136,2346 1161,2346 1187,2346 1213,2346 1239,2346 1265,2347 1291,2347 1317,2348 1343,2349 1369,2350 1395,2351"/>
                <TextEquiv>
                    <Unicode>en un dia quince novios</Unicode>
                </TextEquiv>
            </TextLine>
            <TextLine id="r1l28" custom="readingOrder {index:26;}">
                <Coords points="858,2407 883,2408 908,2408 933,2409 958,2409 983,2410 1008,2410 1033,2410 1058,2410 1083,2410 1108,2410 1133,2410 1158,2411 1183,2411 1208,2411 1233,2411 1258,2412 1283,2413 1308,2413 1308,2376 1283,2376 1258,2375 1233,2374 1208,2374 1183,2374 1158,2374 1133,2373 1108,2373 1083,2373 1058,2373 1033,2373 1008,2373 983,2373 958,2372 933,2372 908,2371 883,2371 858,2370"/>
                <Baseline points="858,2395 883,2396 908,2396 933,2397 958,2397 983,2398 1008,2398 1033,2398 1058,2398 1083,2398 1108,2398 1133,2398 1158,2399 1183,2399 1208,2399 1233,2399 1258,2400 1283,2401 1308,2401"/>
                <TextEquiv>
                    <Unicode> le llegaron á pedir,</Unicode>
                </TextEquiv>
            </TextLine>
            <TextEquiv>
                <Unicode>(Número 12)&#xD;
SATIRA GRACIOSA&#xD;
DE LOS QUINCE NOVIOS.&#xD;
EN QUE SE MANIFIESTAN TODOS LOS DENGUES, MODAS&#xD;
y zalamerias que gastan las señoritas doncellas cuando ven que&#xD;
tienen muchos novios y se mueren por sus pedazos: con&#xD;
lo demás que verá el curioso lector.&#xD;
Una satirilla indiana&#xD;
con gracia quiero cantar,&#xD;
ella es buena pero amarga,&#xD;
porque dice la verdad:&#xD;
verán si la escuchan&#xD;
todas las quimeras&#xD;
de las señoritas&#xD;
doncellas, solteras:&#xD;
veran como á todas&#xD;
con lindos arrojos&#xD;
tras de los usías&#xD;
se le van los ojos:&#xD;
y verán las ánsias&#xD;
de muchos camuezos,&#xD;
que se vuelven toros;&#xD;
mas ¿cuántos hay de esos?&#xD;
En está Córte, una dama,&#xD;
muy hermosa y sin nariz,&#xD;
en un dia quince novios&#xD;
 le llegaron á pedir,</Unicode>
            </TextEquiv>
        </TextRegion>
        <GraphicRegion id="Graphic_1604667806625_35" custom="readingOrder {index:1;}">
            <Coords points="369,1246 827,1246 827,382 369,382"/>
        </GraphicRegion>
        <GraphicRegion id="Graphic_1606485187517_74" custom="readingOrder {index:2;}">
            <Coords points="1442,1259 854,1259 854,307 1442,307"/>
        </GraphicRegion>
    </Page>
</PcGts>
