1765 2512
213 195 730 241 de los remedios humanos
202 244 772 292 no espero humano remedio.
213 291 720 339 Confieso que soy mortal,
210 344 718 386 y que este conocimiento
218 389 714 436 ( sin duda eficaz auxilio,)
208 438 688 487 á tus piedades lo debo,
208 488 674 532 pues viví tan olvidado
206 534 812 583 deste trance, en que me veo,
207 583 747 629 como si en aqueste mundo
198 630 670 677 hubiera de ser eterno.
195 679 738 727 Bien conozco, Dueño mio,
202 730 707 775 que soy aquel jornafero,
196 779 694 821 que se aplicó á trabajar
198 827 752 871 estando el Sol casi puesto;
200 877 704 917 pero, pues que generoso
200 925 720 967 pagais, Señor por entero
198 973 682 1015 perdonadme lo remiso.
200 1019 884 1067 que he estado á tus llamamientos.
202 1065 736 1115 No síento el morir, Señor,
192 1118 788 1165 que pues es decreto vuestro,
200 1164 808 1215 solo porque en mi se cumpla,
200 1210 688 1257 voluntariamente muero
194 1258 662 1306 Solo siento que pequé
191 1307 827 1357 contra Vos, y que no he hecho
186 1354 618 1401 con verdadero dolor
191 1405 698 1453 lá penitencia, que debo.
190 1452 880 1507 Y aunque son tantas mis culpas,
185 1501 706 1548 no, Dios mio, no por eso
185 1549 668 1599 de tu piedad desconfio,
192 1603 802 1648 por que fuera el mayor yerro
192 1654 728 1692 y el mas digno de castigo
189 1697 762 1743 de todos cuantos he hecho,
191 1745 753 1793 no esperar en tu clemencia
188 1792 650 1840 temiéndote justiciero.
188 1842 819 1890 Espero que han de ampararme
194 1892 756 1939 tus grandes merecimientos,
190 1940 784 1989 y el valor de vuestra Sangre,
190 1990 792 2038 que fue de mi alma el precio,
192 2038 742 2086 y que he de lograr el fruto
190 2084 716 2134 de los trabajoe inmensos,
196 2135 730 2185 que padeció vuestro amor,
192 2182 722 2230 desde vuestro nacimiento.
938 211 1460 256 Siendo yo la misma nada,
944 259 1438 306 os costé valor inmenso,
944 307 1546 353 que como soy vuestra imágen
940 356 1494 400 hizo vuestro amor eccesos:
940 403 1506 449 por mi amor fuiste vendido
940 451 1438 498 solo por treinta dineros,
938 499 1502 545 siendo yo el Esclavo, y Vos
940 547 1500 596 mi Dios, y absoluto Dueño,
933 596 1472 645 y entre mortales congojas,
936 645 1514 693 orando por mi en el Huertó,
944 695 1424 739 el rojo humor desatado
936 742 1462 790 bañó de púrpura el suelo,
936 792 1440 836 por darme á mi libertad,
934 840 1516 891 Histeis maniatado, y preso,
938 887 1430 934 reeompensando el amor
938 937 1502 986 con la deuda el desempeño,
928 989 1502 1033 por mi los fieros verdugos,
937 1035 1498 1078 que como lobos sangrientos
929 1082 1360 1124 se cebaron rigorosos
932 1130 1492 1178 en da Sangre del. Cordero,
932 1179 1450 1223 llevaron vuestra Bersona
930 1227 1496 1275 con ignominioso estruendo,
928 1276 1322 1317 ejecutando crueles
940 1321 1426 1372 diversos atrevimientos,
928 1370 1442 1419 de uno en otro Tribunal,
934 1419 1468 1468 donde los Jueces severos,
918 1467 1441 1520 siendo el delincuente yo,
924 1515 1424 1562 á Vos os juzgaron Reo.
928 1571 1436 1608 por mi el sacrilego Malco
928 1615 1436 1659 con la manopla de hierro
930 1664 1392 1705 puso su atrevida mano
924 1711 1456 1755 en vuestro Rostro sereno;
926 1763 1478 1808 por mi os trataron de loco,
924 1810 1562 1867 y como á loco os vistieron :
918 1857 1567 1920 siendo Vos Médico Sábio
920 1912 1563 1967 y yo el frenetico enfermo;
914 1959 1501 1996 pues curasteis mis dolencias
924 2002 1444 2047 con tan costoso remedío:
914 2052 1506 2100 por mi atado á una Columna,
912 2101 1526 2146 los verdugos mas sangrientos
920 2148 1436 2192 mas de cinco mil azotes
919 2198 1460 2239 con tanto rigor os dieron:
