1700 2420
90 227 550 259 ha ser tuya consagrada,
87 269 524 306 y la facultad te he dao
87 312 568 348 para que mandes en mí,
89 356 521 389 si faltare á tu querer,
86 399 584 432 ó te diera algun disgusto
86 441 686 478 mátame en el mismo instante
93 486 489 523 que gustosa moriré..
135 532 640 566 C. No jablo mas lucerito,
92 575 566 609 ni derrames mas armiba,
92 620 566 654 que con esa llama viva
87 665 490 697 me jago asuca toito.
96 707 510 741 Ya se acabó mi pená
89 753 453 786 bolita de caramelo,
91 796 618 829 que si para mí es el cielo.
88 839 684 873 los santos me han de envidiar.
94 884 537 918 Biban las mozas chorré
95 930 544 963 camelando con primor,
94 973 568 1006 tu me. á partío el corazon
95 1016 551 1049 con tu palabra Dolores.
92 1060 478 1094 Eres ángel soberano
95 1105 628 1137 que mi discursos no yerran,
100 1149 496 1181 y te bajas á la tierra
96 1194 564 1228 á matar fieles cristianos.
100 1237 628 1273 Dame un abrazo muchacha,
105 1282 623 1316 que eres tú muy salamera.
143 1325 734 1359 D. Y el alma tambien te diera
93 1371 719 1404 siempre que no hubiera mancha.
131 1413 398 1446 C. Seras mia?
140 1456 374 1490 D. Lo seré.
102 1498 444 1537 Y tú me quieres?
134 1546 316 1579 C. Yó sí.
133 1588 511 1624 R. Mucho, mucho?
143 1633 463 1670 C. Mas que amí.
141 1679 418 1711 D. De berdad?
862 219 1168 254 C. Tu las debé.
861 261 1410 298 D. Po guillate que mi madre
825 307 1272 342 si biene nos bá á pillá.
867 349 1328 386 C. Yó te tengo é camelá
827 391 1436 429 aun que al mundo no le cuadre.
870 436 1409 473 D. Que nos bamos ha perder
825 481 1307 518 guillate que nos importa.
868 525 1365 562 C. Cállate y no seas tonta,
819 570 1366 606 ten pecho no hay que tomé,
819 613 1316 652 permita un dibé del cielo
823 660 1206 694 acabar tanto cudiao,
828 702 1277 738 que estamo sobresaltao
821 747 1293 782 mala peste tanto esbelo.
864 789 1439 824 D. Curro soy mosita y pierdo
819 834 1274 869 mi onrra y estimacion.
867 876 1319 914 C. Como si te tengo yó
819 926 1265 959 en este laito izquierdo.
820 969 1340 1006 Juen mi corazon habita
828 1013 1252 1048 si alguno te dá pesar,
823 1056 1319 1091 dímelo y lo hecho á pená
830 1100 1324 1136 con las sánimas benditas.
834 1147 1178 1178 Astillita de canela
832 1187 1418 1222 quieníse atermina á ofenderte
821 1232 1269 1266 saviendo ya claramente
827 1276 1287 1312 que tu curro te camela.
873 1317 1463 1355 D. Bien reconosco que muncha.
828 1365 1290 1401 la ley que me tienes tú,
827 1409 1224 1448 pero bien sabe Jesús
831 1456 1174 1492 que se oyen pasos,
828 1500 1240 1533 escucha mi madre es,
831 1544 1085 1579 ¡no te lo isia!
830 1586 1284 1620 Babono de aquí los dos.
874 1629 1443 1665 C. Dolores, quédate con Dios.
864 1677 1061 1710 D. A dios.
714 1865 882 2022 FIN.
612 2141 999 2180 CARMONA:=1858.
189 2190 1426 2232 Imbrenta de D. J. M. Moreno, calle Juan de la Cabra núm. 4.
