<?xml version="1.0" encoding="UTF-8" standalone="yes"?>
<PcGts xmlns="http://schema.primaresearch.org/PAGE/gts/pagecontent/2013-07-15" xmlns:xsi="http://www.w3.org/2001/XMLSchema-instance" xsi:schemaLocation="http://schema.primaresearch.org/PAGE/gts/pagecontent/2013-07-15 http://schema.primaresearch.org/PAGE/gts/pagecontent/2013-07-15/pagecontent.xsd">
    <Metadata>
        <Creator>prov=University of Rostock/Institute of Mathematics/CITlab|PLANET AI GmbH/Gundram Leifert/gundram.leifert@planet-ai.de:name=Pliegos de Cordel (XIXe) - v4(htr_id=27283)::::v=2.6.7
prov=University of Rostock/Institute of Mathematics/CITlab|PLANET AI GmbH/Tobias Gruening/tobias.gruening@planet-ai.de:name=de.uros.citlab.module.baseline2polygon.B2PSeamMultiOriented:v=2.6.7
prov=University of Rostock/Institute of Mathematics/CITlab|PLANET AI GmbH/Tobias Gruening/tobias.gruening@planet-ai.de:name=/net_tf/LA73_249_0mod360.pb:de.uros.citlab.segmentation.CITlab_LA_ML:v=2.6.7
Transkribus</Creator>
        <Created>2020-12-04T14:17:39.164+01:00</Created>
        <LastChange>2020-12-18T15:58:43.448+01:00</LastChange>
        <Comments>
                Measurement unit: pixel
                PrimaryLanguage: 
                Producer: Transkribus
            </Comments>
        <TranskribusMetadata docId="525392" pageId="22319453" pageNr="119" tsid="50433507" status="DONE" userId="66244" imgUrl="https://files.transkribus.eu/Get?id=CSIOJVMCWLNLVXJISUUQIJZY&amp;fileType=view" xmlUrl="https://files.transkribus.eu/Get?id=RQCIZHASUVSMFXSYEMUFTQJI" imageId="17388968"/>
    </Metadata>
    <Page imageFilename="Moreno_288_3.jpeg" imageWidth="1737" imageHeight="2508">
        <PrintSpace>
            <Coords points="1,192 1736,192 1736,2508 1,2508"/>
        </PrintSpace>
        <ReadingOrder>
            <OrderedGroup id="ro_1608304708685" caption="Regions reading order">
                <RegionRefIndexed index="0" regionRef="r_1_1"/>
                <RegionRefIndexed index="1" regionRef="r_2_1"/>
            </OrderedGroup>
        </ReadingOrder>
        <TextRegion orientation="0.0" type="paragraph" id="r_1_1" custom="readingOrder {index:0;}">
            <Coords points="250,193 949,193 949,2247 250,2247"/>
            <TextLine id="r_1_1l1" custom="readingOrder {index:0;}">
                <Coords points="306,254 333,254 361,254 389,254 416,254 444,253 472,252 499,252 527,251 555,250 583,249 610,248 638,247 666,246 693,245 721,244 749,243 776,243 804,243 832,242 860,242 860,211 832,211 804,212 776,212 749,212 721,213 693,214 666,215 638,216 610,217 583,218 555,219 527,220 499,221 472,221 444,222 416,223 389,223 361,223 333,223 306,223"/>
                <Baseline points="306,244 333,244 361,244 389,244 416,244 444,243 472,242 499,242 527,241 555,240 583,239 610,238 638,237 666,236 693,235 721,234 749,233 776,233 804,233 832,232 860,232"/>
                <TextEquiv>
                    <Unicode>T. Deberdá es tan baliente? </Unicode>
                </TextEquiv>
            </TextLine>
            <TextLine id="r_1_1l2" custom="readingOrder {index:1;}">
                <Coords points="310,300 341,299 372,299 403,298 434,297 465,296 496,295 527,294 558,293 589,292 621,291 652,290 683,289 714,288 745,288 776,287 807,287 838,288 869,288 900,289 932,290 932,259 900,258 869,257 838,257 807,256 776,256 745,257 714,257 683,258 652,259 621,260 589,261 558,262 527,263 496,264 465,265 434,266 403,267 372,268 341,268 310,269"/>
                <Baseline points="310,290 341,289 372,289 403,288 434,287 465,286 496,285 527,284 558,283 589,282 621,281 652,280 683,279 714,278 745,278 776,277 807,277 838,278 869,278 900,279 932,280"/>
                <TextEquiv>
                    <Unicode>D. No aguarde V. mas repuesta</Unicode>
                </TextEquiv>
            </TextLine>
            <TextLine id="r_1_1l3" custom="readingOrder {index:2;}">
                <Coords points="262,342 291,342 320,342 350,342 379,342 409,341 438,341 467,340 497,338 526,337 556,336 585,335 614,334 644,333 673,333 703,332 732,331 761,331 791,331 820,331 850,332 850,301 820,300 791,300 761,300 732,300 703,301 673,302 644,302 614,303 585,304 556,305 526,306 497,307 467,309 438,310 409,310 379,311 350,311 320,311 291,311 262,311"/>
                <Baseline points="262,332 291,332 320,332 350,332 379,332 409,331 438,331 467,330 497,328 526,327 556,326 585,325 614,324 644,323 673,323 703,322 732,321 761,321 791,321 820,321 850,322"/>
                <TextEquiv>
                    <Unicode>que ya me boy de la puerta.</Unicode>
                </TextEquiv>
            </TextLine>
            <TextLine id="r_1_1l4" custom="readingOrder {index:3;}">
                <Coords points="259,387 290,386 321,386 352,385 384,385 415,384 446,383 478,382 509,381 540,380 572,380 603,379 634,378 665,377 697,377 728,376 759,376 791,376 822,376 853,377 885,378 885,347 853,346 822,345 791,345 759,345 728,345 697,346 665,346 634,347 603,348 572,349 540,349 509,350 478,351 446,352 415,353 384,354 352,354 321,355 290,355 259,356"/>
                <Baseline points="259,377 290,376 321,376 352,375 384,375 415,374 446,373 478,372 509,371 540,370 572,370 603,369 634,368 665,367 697,367 728,366 759,366 791,366 822,366 853,367 885,368"/>
                <TextEquiv>
                    <Unicode>Por no hallarme en su puerta,</Unicode>
                </TextEquiv>
            </TextLine>
            <TextLine id="r_1_1l5" custom="readingOrder {index:4;}">
                <Coords points="267,429 292,429 317,430 343,429 368,429 394,428 419,428 445,427 470,426 496,425 521,424 547,423 572,423 598,422 623,422 649,422 674,423 700,424 700,394 674,393 649,392 623,392 598,392 572,393 547,393 521,394 496,395 470,396 445,397 419,398 394,398 368,399 343,399 317,400 292,399 267,399"/>
                <Baseline points="267,419 292,419 317,420 343,419 368,419 394,418 419,418 445,417 470,416 496,415 521,414 547,413 572,413 598,412 623,412 649,412 674,413 700,414"/>
                <TextEquiv>
                    <Unicode>najesusté ya de aquí, </Unicode>
                </TextEquiv>
            </TextLine>
            <TextLine id="r_1_1l6" custom="readingOrder {index:5;}">
                <Coords points="264,474 290,473 317,473 344,472 371,472 398,472 425,471 452,471 479,470 506,470 533,469 559,469 586,468 613,468 640,467 667,467 694,466 721,465 748,465 775,464 802,463 802,433 775,434 748,435 721,435 694,436 667,437 640,437 613,438 586,438 559,439 533,439 506,440 479,440 452,441 425,441 398,442 371,442 344,442 317,443 290,443 264,444"/>
                <Baseline points="264,464 290,463 317,463 344,462 371,462 398,462 425,461 452,461 479,460 506,460 533,459 559,459 586,458 613,458 640,457 667,457 694,456 721,455 748,455 775,454 802,453"/>
                <TextEquiv>
                    <Unicode>que no tardará un minuto</Unicode>
                </TextEquiv>
            </TextLine>
            <TextLine id="r_1_1l7" custom="readingOrder {index:6;}">
                <Coords points="256,517 285,517 315,517 345,517 374,517 404,516 434,516 463,516 493,515 523,515 553,514 582,514 612,513 642,512 671,512 701,511 731,511 760,510 790,510 820,509 850,509 850,479 820,479 790,480 760,480 731,481 701,481 671,482 642,482 612,483 582,484 553,484 523,485 493,485 463,486 434,486 404,486 374,487 345,487 315,487 285,487 256,487"/>
                <Baseline points="256,507 285,507 315,507 345,507 374,507 404,506 434,506 463,506 493,505 523,505 553,504 582,504 612,503 642,502 671,502 701,501 731,501 760,500 790,500 820,499 850,499"/>
                <TextEquiv>
                    <Unicode>y ba V. á tener un disgusto.</Unicode>
                </TextEquiv>
            </TextLine>
            <TextLine id="r_1_1l8" custom="readingOrder {index:7;}">
                <Coords points="302,561 333,560 365,560 397,560 429,559 460,559 492,558 524,557 556,557 587,556 619,556 651,555 683,554 714,554 746,553 778,552 810,552 841,551 873,550 905,550 937,549 937,519 905,520 873,520 841,521 810,522 778,522 746,523 714,524 683,524 651,525 619,526 587,526 556,527 524,527 492,528 460,529 429,529 397,530 365,530 333,530 302,531"/>
                <Baseline points="302,551 333,550 365,550 397,550 429,549 460,549 492,548 524,547 556,547 587,546 619,546 651,545 683,544 714,544 746,543 778,542 810,542 841,541 873,540 905,540 937,539"/>
                <TextEquiv>
                    <Unicode>T. Si ese hombre es tan arisco</Unicode>
                </TextEquiv>
            </TextLine>
            <TextLine id="r_1_1l9" custom="readingOrder {index:8;}">
                <Coords points="252,606 283,606 314,606 345,605 376,604 408,604 439,603 470,602 501,601 532,600 564,599 595,599 626,598 657,597 688,597 720,596 751,596 782,596 813,596 844,596 876,596 876,565 844,565 813,565 782,565 751,565 720,565 688,566 657,566 626,567 595,568 564,568 532,569 501,570 470,571 439,572 408,573 376,573 345,574 314,575 283,575 252,575"/>
                <Baseline points="252,596 283,596 314,596 345,595 376,594 408,594 439,593 470,592 501,591 532,590 564,589 595,589 626,588 657,587 688,587 720,586 751,586 782,586 813,586 844,586 876,586"/>
                <TextEquiv>
                    <Unicode>me boy que tengo que hacer.</Unicode>
                </TextEquiv>
            </TextLine>
            <TextLine id="r_1_1l10" custom="readingOrder {index:9;}">
                <Coords points="306,650 334,649 362,648 391,647 419,646 448,645 476,645 504,644 533,644 561,643 590,643 618,642 646,642 675,642 703,641 732,641 760,641 788,640 817,640 845,639 874,639 874,608 845,608 817,609 788,609 760,610 732,610 703,610 675,611 646,611 618,611 590,612 561,612 533,613 504,613 476,614 448,614 419,615 391,616 362,617 334,618 306,619"/>
                <Baseline points="306,640 334,639 362,638 391,637 419,636 448,635 476,635 504,634 533,634 561,633 590,633 618,632 646,632 675,632 703,631 732,631 760,631 788,630 817,630 845,629 874,629"/>
                <TextEquiv>
                    <Unicode>D. Que si viene y pilla á V.</Unicode>
                </TextEquiv>
            </TextLine>
            <TextLine id="r_1_1l11" custom="readingOrder {index:10;}">
                <Coords points="259,691 285,692 311,692 337,693 364,693 390,692 416,692 442,691 469,690 495,689 521,688 548,688 574,687 600,686 626,685 653,685 679,684 705,685 732,685 732,654 705,654 679,653 653,654 626,654 600,655 574,656 548,657 521,657 495,658 469,659 442,660 416,661 390,661 364,662 337,662 311,661 285,661 259,660"/>
                <Baseline points="259,681 285,682 311,682 337,683 364,683 390,682 416,682 442,681 469,680 495,679 521,678 548,678 574,677 600,676 626,675 653,675 679,674 705,675 732,675"/>
                <TextEquiv>
                    <Unicode>le ba á peligrá el josico.</Unicode>
                </TextEquiv>
            </TextLine>
            <TextLine id="r_1_1l12" custom="readingOrder {index:11;}">
                <Coords points="300,735 325,735 351,735 376,735 402,734 427,734 453,733 478,733 504,732 530,732 555,731 581,731 606,731 632,730 657,730 683,730 708,730 734,730 760,730 760,699 734,699 708,699 683,699 657,699 632,699 606,700 581,700 555,700 530,701 504,701 478,702 453,702 427,703 402,703 376,704 351,704 325,704 300,704"/>
                <Baseline points="300,725 325,725 351,725 376,725 402,724 427,724 453,723 478,723 504,722 530,722 555,721 581,721 606,721 632,720 657,720 683,720 708,720 734,720 760,720"/>
                <TextEquiv>
                    <Unicode>T. Jesus que baragoná, </Unicode>
                </TextEquiv>
            </TextLine>
            <TextLine id="r_1_1l13" custom="readingOrder {index:12;}">
                <Coords points="264,779 293,780 322,780 351,780 381,780 410,779 439,779 469,778 498,778 527,777 557,776 586,776 615,776 644,775 674,775 703,775 732,776 762,776 791,777 820,778 850,780 850,749 820,747 791,746 762,745 732,745 703,744 674,744 644,744 615,745 586,745 557,745 527,746 498,747 469,747 439,748 410,748 381,749 351,749 322,749 293,749 264,748"/>
                <Baseline points="264,769 293,770 322,770 351,770 381,770 410,769 439,769 469,768 498,768 527,767 557,766 586,766 615,766 644,765 674,765 703,765 732,766 762,766 791,767 820,768 850,770"/>
                <TextEquiv>
                    <Unicode>no espero mas me las guillo,</Unicode>
                </TextEquiv>
            </TextLine>
            <TextLine id="r_1_1l14" custom="readingOrder {index:13;}">
                <Coords points="255,822 284,823 313,824 342,824 371,824 400,824 429,823 458,823 487,822 516,822 546,821 575,821 604,820 633,820 662,819 691,819 720,820 749,820 778,821 807,822 837,824 837,793 807,791 778,790 749,789 720,789 691,788 662,788 633,789 604,789 575,790 546,790 516,791 487,791 458,792 429,792 400,793 371,793 342,793 313,793 284,792 255,791"/>
                <Baseline points="255,812 284,813 313,814 342,814 371,814 400,814 429,813 458,813 487,812 516,812 546,811 575,811 604,810 633,810 662,809 691,809 720,810 749,810 778,811 807,812 837,814"/>
                <TextEquiv>
                    <Unicode>que me á puesto V. amarillo,</Unicode>
                </TextEquiv>
            </TextLine>
            <TextLine id="r_1_1l15" custom="readingOrder {index:14;}">
                <Coords points="258,868 285,869 312,869 340,868 367,868 395,868 422,868 449,867 477,867 504,866 532,866 559,865 586,865 614,864 641,864 669,864 696,864 723,864 751,864 778,864 806,865 806,834 778,833 751,833 723,833 696,833 669,833 641,833 614,833 586,834 559,834 532,835 504,835 477,836 449,836 422,837 395,837 367,837 340,837 312,838 285,838 258,837"/>
                <Baseline points="258,858 285,859 312,859 340,858 367,858 395,858 422,858 449,857 477,857 504,856 532,856 559,855 586,855 614,854 641,854 669,854 696,854 723,854 751,854 778,854 806,855"/>
                <TextEquiv>
                    <Unicode>ea... con Dios... y perdoná.</Unicode>
                </TextEquiv>
            </TextLine>
            <TextLine id="r_1_1l16" custom="readingOrder {index:15;}">
                <Coords points="312,912 338,912 365,912 392,912 419,911 446,911 472,910 499,910 526,909 553,909 580,908 606,908 633,907 660,907 687,907 714,907 740,907 767,907 794,907 821,908 848,908 848,877 821,877 794,876 767,876 740,876 714,876 687,876 660,876 633,876 606,877 580,877 553,878 526,878 499,879 472,879 446,880 419,880 392,881 365,881 338,881 312,881"/>
                <Baseline points="312,902 338,902 365,902 392,902 419,901 446,901 472,900 499,900 526,899 553,899 580,898 606,898 633,897 660,897 687,897 714,897 740,897 767,897 794,897 821,898 848,898"/>
                <TextEquiv>
                    <Unicode>D. Que tonto y que guasone</Unicode>
                </TextEquiv>
            </TextLine>
            <TextLine id="r_1_1l17" custom="readingOrder {index:16;}">
                <Coords points="258,954 287,955 316,956 345,956 374,956 403,956 432,955 461,955 490,954 519,953 549,952 578,952 607,951 636,950 665,950 694,950 723,950 752,950 781,951 810,952 840,953 840,922 810,921 781,920 752,919 723,919 694,919 665,919 636,919 607,920 578,921 549,921 519,922 490,923 461,924 432,924 403,925 374,925 345,925 316,925 287,924 258,923"/>
                <Baseline points="258,944 287,945 316,946 345,946 374,946 403,946 432,945 461,945 490,944 519,943 549,942 578,942 607,941 636,940 665,940 694,940 723,940 752,940 781,941 810,942 840,943"/>
                <TextEquiv>
                    <Unicode>se hacen donde no hay gente, </Unicode>
                </TextEquiv>
            </TextLine>
            <TextLine id="r_1_1l18" custom="readingOrder {index:17;}">
                <Coords points="271,998 298,999 325,1000 352,1000 380,1000 407,1000 434,1000 462,1000 489,999 516,999 544,998 571,998 598,997 626,996 653,996 680,996 708,996 735,996 762,996 790,997 790,966 762,965 735,965 708,965 680,965 653,965 626,965 598,966 571,967 544,967 516,968 489,968 462,969 434,969 407,969 380,969 352,969 325,969 298,968 271,967"/>
                <Baseline points="271,988 298,989 325,990 352,990 380,990 407,990 434,990 462,990 489,989 516,989 544,988 571,988 598,987 626,986 653,986 680,986 708,986 735,986 762,986 790,987"/>
                <TextEquiv>
                    <Unicode>y en mirando un baliente</Unicode>
                </TextEquiv>
            </TextLine>
            <TextLine id="r_1_1l19" custom="readingOrder {index:18;}">
                <Coords points="260,1044 286,1044 312,1044 338,1044 365,1044 391,1044 417,1044 443,1044 470,1044 496,1044 522,1044 548,1044 575,1043 601,1043 627,1043 653,1043 680,1042 706,1042 732,1042 759,1041 759,1010 732,1011 706,1011 680,1011 653,1012 627,1012 601,1012 575,1012 548,1013 522,1013 496,1013 470,1013 443,1013 417,1013 391,1013 365,1013 338,1013 312,1013 286,1013 260,1013"/>
                <Baseline points="260,1034 286,1034 312,1034 338,1034 365,1034 391,1034 417,1034 443,1034 470,1034 496,1034 522,1034 548,1034 575,1033 601,1033 627,1033 653,1033 680,1032 706,1032 732,1032 759,1031"/>
                <TextEquiv>
                    <Unicode>se jiñan en los calzones, </Unicode>
                </TextEquiv>
            </TextLine>
            <TextLine id="r_1_1l20" custom="readingOrder {index:19;}">
                <Coords points="267,1089 293,1089 319,1089 345,1089 371,1089 398,1088 424,1088 450,1088 476,1087 502,1087 529,1086 555,1086 581,1085 607,1085 633,1085 660,1085 686,1085 712,1085 738,1085 765,1086 765,1055 738,1054 712,1054 686,1054 660,1054 633,1054 607,1054 581,1054 555,1055 529,1055 502,1056 476,1056 450,1057 424,1057 398,1057 371,1058 345,1058 319,1058 293,1058 267,1058"/>
                <Baseline points="267,1079 293,1079 319,1079 345,1079 371,1079 398,1078 424,1078 450,1078 476,1077 502,1077 529,1076 555,1076 581,1075 607,1075 633,1075 660,1075 686,1075 712,1075 738,1075 765,1076"/>
                <TextEquiv>
                    <Unicode>yá biene hay mi currillo.</Unicode>
                </TextEquiv>
            </TextLine>
            <TextLine id="r_1_1l21" custom="readingOrder {index:20;}">
                <Coords points="270,1132 297,1132 324,1132 351,1132 379,1132 406,1132 433,1131 460,1131 488,1131 515,1131 542,1130 569,1130 597,1130 624,1130 651,1130 678,1129 706,1129 733,1129 760,1129 787,1129 815,1129 815,1098 787,1098 760,1098 733,1098 706,1098 678,1098 651,1099 624,1099 597,1099 569,1099 542,1099 515,1100 488,1100 460,1100 433,1100 406,1101 379,1101 351,1101 324,1101 297,1101 270,1101"/>
                <Baseline points="270,1122 297,1122 324,1122 351,1122 379,1122 406,1122 433,1121 460,1121 488,1121 515,1121 542,1120 569,1120 597,1120 624,1120 651,1120 678,1119 706,1119 733,1119 760,1119 787,1119 815,1119"/>
                <TextEquiv>
                    <Unicode>Cielo hombre no se ba y ca</Unicode>
                </TextEquiv>
            </TextLine>
            <TextLine id="r_1_1l22" custom="readingOrder {index:21;}">
                <Coords points="267,1176 292,1176 317,1176 342,1176 367,1176 393,1176 418,1176 443,1175 468,1175 493,1175 519,1175 544,1174 569,1174 594,1174 619,1174 645,1175 645,1144 619,1143 594,1143 569,1143 544,1143 519,1144 493,1144 468,1144 443,1144 418,1145 393,1145 367,1145 342,1145 317,1145 292,1145 267,1145"/>
                <Baseline points="267,1166 292,1166 317,1166 342,1166 367,1166 393,1166 418,1166 443,1165 468,1165 493,1165 519,1165 544,1164 569,1164 594,1164 619,1164 645,1165"/>
                <TextEquiv>
                    <Unicode>una bofetá se jaya</Unicode>
                </TextEquiv>
            </TextLine>
            <TextLine id="r_1_1l24" custom="readingOrder {index:22;}">
                <Coords points="266,1220 294,1220 323,1220 352,1220 381,1220 410,1219 439,1219 467,1219 496,1219 525,1219 554,1219 583,1219 612,1219 641,1218 669,1218 698,1218 727,1218 756,1217 785,1217 814,1217 843,1216 843,1185 814,1186 785,1186 756,1186 727,1187 698,1187 669,1187 641,1187 612,1188 583,1188 554,1188 525,1188 496,1188 467,1188 439,1188 410,1188 381,1189 352,1189 323,1189 294,1189 266,1189"/>
                <Baseline points="266,1210 294,1210 323,1210 352,1210 381,1210 410,1209 439,1209 467,1209 496,1209 525,1209 554,1209 583,1209 612,1209 641,1208 669,1208 698,1208 727,1208 756,1207 785,1207 814,1207 843,1206"/>
                <TextEquiv>
                    <Unicode>mas grande que la de Cristo. </Unicode>
                </TextEquiv>
            </TextLine>
            <TextLine id="r_1_1l25" custom="readingOrder {index:23;}">
                <Coords points="269,1264 295,1264 322,1265 349,1265 375,1265 402,1264 429,1264 455,1264 482,1263 509,1263 535,1263 562,1262 589,1262 616,1261 616,1230 589,1231 562,1231 535,1232 509,1232 482,1232 455,1233 429,1233 402,1233 375,1234 349,1234 322,1234 295,1233 269,1233"/>
                <Baseline points="269,1254 295,1254 322,1255 349,1255 375,1255 402,1254 429,1254 455,1254 482,1253 509,1253 535,1253 562,1252 589,1252 616,1251"/>
                <TextEquiv>
                    <Unicode>La fortuniya será, </Unicode>
                </TextEquiv>
            </TextLine>
            <TextLine id="r_1_1l26" custom="readingOrder {index:24;}">
                <Coords points="279,1308 305,1308 331,1309 357,1309 383,1309 410,1309 436,1309 462,1309 488,1308 514,1308 541,1308 567,1308 593,1307 619,1307 645,1307 672,1307 698,1307 724,1307 750,1308 777,1308 777,1278 750,1278 724,1277 698,1277 672,1277 645,1277 619,1277 593,1277 567,1278 541,1278 514,1278 488,1278 462,1279 436,1279 410,1279 383,1279 357,1279 331,1279 305,1278 279,1278"/>
                <Baseline points="279,1298 305,1298 331,1299 357,1299 383,1299 410,1299 436,1299 462,1299 488,1298 514,1298 541,1298 567,1298 593,1297 619,1297 645,1297 672,1297 698,1297 724,1297 750,1298 777,1298"/>
                <TextEquiv>
                    <Unicode>que no lo habrá diquelao,</Unicode>
                </TextEquiv>
            </TextLine>
            <TextLine id="r_1_1l27" custom="readingOrder {index:25;}">
                <Coords points="274,1353 299,1353 324,1353 349,1353 374,1353 400,1353 425,1353 450,1353 475,1353 500,1352 526,1352 551,1352 576,1351 601,1351 626,1351 652,1350 677,1350 702,1350 727,1350 753,1349 753,1319 727,1320 702,1320 677,1320 652,1320 626,1321 601,1321 576,1321 551,1322 526,1322 500,1322 475,1323 450,1323 425,1323 400,1323 374,1323 349,1323 324,1323 299,1323 274,1323"/>
                <Baseline points="274,1343 299,1343 324,1343 349,1343 374,1343 400,1343 425,1343 450,1343 475,1343 500,1342 526,1342 551,1342 576,1341 601,1341 626,1341 652,1340 677,1340 702,1340 727,1340 753,1339"/>
                <TextEquiv>
                    <Unicode>porque sino el desdichao</Unicode>
                </TextEquiv>
            </TextLine>
            <TextLine id="r_1_1l28" custom="readingOrder {index:26;}">
                <Coords points="273,1397 299,1397 325,1397 351,1397 378,1397 404,1397 430,1397 456,1397 483,1396 509,1396 535,1396 561,1395 588,1395 614,1395 640,1395 666,1395 693,1395 719,1395 745,1395 771,1395 798,1395 798,1365 771,1365 745,1365 719,1365 693,1365 666,1365 640,1365 614,1365 588,1365 561,1365 535,1366 509,1366 483,1366 456,1367 430,1367 404,1367 378,1367 351,1367 325,1367 299,1367 273,1367"/>
                <Baseline points="273,1387 299,1387 325,1387 351,1387 378,1387 404,1387 430,1387 456,1387 483,1386 509,1386 535,1386 561,1385 588,1385 614,1385 640,1385 666,1385 693,1385 719,1385 745,1385 771,1385 798,1385"/>
                <TextEquiv>
                    <Unicode>esta noche hiba á espichá. </Unicode>
                </TextEquiv>
            </TextLine>
            <TextLine id="r_1_1l29" custom="readingOrder {index:27;}">
                <Coords points="275,1440 301,1441 327,1441 353,1441 379,1441 405,1441 431,1441 457,1440 483,1440 509,1439 535,1439 561,1438 587,1438 613,1437 640,1437 640,1407 613,1407 587,1408 561,1408 535,1409 509,1409 483,1410 457,1410 431,1411 405,1411 379,1411 353,1411 327,1411 301,1411 275,1410"/>
                <Baseline points="275,1430 301,1431 327,1431 353,1431 379,1431 405,1431 431,1431 457,1430 483,1430 509,1429 535,1429 561,1428 587,1428 613,1427 640,1427"/>
                <TextEquiv>
                    <Unicode>Bonitíco ese chabó</Unicode>
                </TextEquiv>
            </TextLine>
            <TextLine id="r_1_1l30" custom="readingOrder {index:28;}">
                <Coords points="269,1484 294,1485 320,1485 345,1485 371,1485 396,1486 422,1485 447,1485 473,1485 498,1485 524,1485 550,1484 575,1484 601,1484 626,1484 652,1484 677,1484 703,1484 728,1484 754,1484 780,1485 780,1454 754,1453 728,1453 703,1453 677,1453 652,1453 626,1453 601,1453 575,1453 550,1453 524,1454 498,1454 473,1454 447,1454 422,1454 396,1455 371,1454 345,1454 320,1454 294,1454 269,1453"/>
                <Baseline points="269,1474 294,1475 320,1475 345,1475 371,1475 396,1476 422,1475 447,1475 473,1475 498,1475 524,1475 550,1474 575,1474 601,1474 626,1474 652,1474 677,1474 703,1474 728,1474 754,1474 780,1475"/>
                <TextEquiv>
                    <Unicode>si le dice alla esta alma,</Unicode>
                </TextEquiv>
            </TextLine>
            <TextLine id="r_1_1l31" custom="readingOrder {index:29;}">
                <Coords points="267,1527 292,1528 317,1529 342,1529 368,1530 393,1530 418,1530 443,1529 469,1529 494,1529 519,1528 544,1528 570,1527 595,1527 620,1527 645,1527 671,1528 671,1497 645,1496 620,1496 595,1496 570,1496 544,1497 519,1497 494,1498 469,1498 443,1498 418,1499 393,1499 368,1499 342,1498 317,1498 292,1497 267,1496"/>
                <Baseline points="267,1517 292,1518 317,1519 342,1519 368,1520 393,1520 418,1520 443,1519 469,1519 494,1519 519,1518 544,1518 570,1517 595,1517 620,1517 645,1517 671,1518"/>
                <TextEquiv>
                    <Unicode>yo me boy á enojá </Unicode>
                </TextEquiv>
            </TextLine>
            <TextLine id="r_1_1l32" custom="readingOrder {index:30;}">
                <Coords points="274,1575 299,1574 325,1574 351,1574 377,1573 403,1573 429,1573 455,1573 481,1573 507,1572 532,1572 558,1572 584,1572 610,1572 636,1572 662,1572 688,1572 714,1572 740,1572 766,1572 766,1542 740,1542 714,1542 688,1542 662,1542 636,1542 610,1542 584,1542 558,1542 532,1542 507,1542 481,1543 455,1543 429,1543 403,1543 377,1543 351,1544 325,1544 299,1544 274,1545"/>
                <Baseline points="274,1565 299,1564 325,1564 351,1564 377,1563 403,1563 429,1563 455,1563 481,1563 507,1562 532,1562 558,1562 584,1562 610,1562 636,1562 662,1562 688,1562 714,1562 740,1562 766,1562"/>
                <TextEquiv>
                    <Unicode>por si biene é malumó.</Unicode>
                </TextEquiv>
            </TextLine>
            <TextLine id="r_1_1l33" custom="readingOrder {index:31;}">
                <Coords points="319,1618 350,1618 381,1618 412,1618 444,1618 475,1617 506,1617 538,1617 569,1616 600,1616 632,1615 663,1615 694,1615 725,1614 757,1614 788,1614 819,1614 851,1614 882,1615 913,1615 945,1616 945,1586 913,1585 882,1585 851,1584 819,1584 788,1584 757,1584 725,1584 694,1585 663,1585 632,1585 600,1586 569,1586 538,1587 506,1587 475,1587 444,1588 412,1588 381,1588 350,1588 319,1588"/>
                <Baseline points="319,1608 350,1608 381,1608 412,1608 444,1608 475,1607 506,1607 538,1607 569,1606 600,1606 632,1605 663,1605 694,1605 725,1604 757,1604 788,1604 819,1604 851,1604 882,1605 913,1605 945,1606"/>
                <TextEquiv>
                    <Unicode>C. Biba el mundo y to lo bueno</Unicode>
                </TextEquiv>
            </TextLine>
            <TextLine id="r_1_1l34" custom="readingOrder {index:32;}">
                <Coords points="272,1661 298,1661 324,1662 350,1662 376,1662 402,1662 428,1662 454,1662 480,1661 506,1661 533,1661 559,1660 585,1660 611,1660 637,1660 663,1659 689,1660 715,1660 741,1660 768,1661 768,1630 741,1629 715,1629 689,1629 663,1628 637,1629 611,1629 585,1629 559,1629 533,1630 506,1630 480,1630 454,1631 428,1631 402,1631 376,1631 350,1631 324,1631 298,1630 272,1630"/>
                <Baseline points="272,1651 298,1651 324,1652 350,1652 376,1652 402,1652 428,1652 454,1652 480,1651 506,1651 533,1651 559,1650 585,1650 611,1650 637,1650 663,1649 689,1650 715,1650 741,1650 768,1651"/>
                <TextEquiv>
                    <Unicode>que jase tú aquí chiquiya</Unicode>
                </TextEquiv>
            </TextLine>
            <TextLine id="r_1_1l35" custom="readingOrder {index:33;}">
                <Coords points="270,1706 295,1706 321,1706 346,1706 372,1706 397,1706 423,1706 448,1706 474,1706 499,1705 525,1705 550,1705 576,1704 601,1704 627,1704 652,1704 678,1703 703,1703 729,1703 729,1672 703,1672 678,1672 652,1673 627,1673 601,1673 576,1673 550,1674 525,1674 499,1674 474,1675 448,1675 423,1675 397,1675 372,1675 346,1675 321,1675 295,1675 270,1675"/>
                <Baseline points="270,1696 295,1696 321,1696 346,1696 372,1696 397,1696 423,1696 448,1696 474,1696 499,1695 525,1695 550,1695 576,1694 601,1694 627,1694 652,1694 678,1693 703,1693 729,1693"/>
                <TextEquiv>
                    <Unicode>pasmando la marabilla</Unicode>
                </TextEquiv>
            </TextLine>
            <TextLine id="r_1_1l36" custom="readingOrder {index:34;}">
                <Coords points="275,1749 301,1749 327,1750 353,1750 379,1750 406,1750 432,1749 458,1749 484,1749 511,1749 537,1749 563,1748 589,1748 615,1748 642,1747 668,1747 694,1747 720,1747 747,1747 747,1716 720,1716 694,1716 668,1716 642,1716 615,1717 589,1717 563,1717 537,1718 511,1718 484,1718 458,1718 432,1718 406,1719 379,1719 353,1719 327,1719 301,1718 275,1718"/>
                <Baseline points="275,1739 301,1739 327,1740 353,1740 379,1740 406,1740 432,1739 458,1739 484,1739 511,1739 537,1739 563,1738 589,1738 615,1738 642,1737 668,1737 694,1737 720,1737 747,1737"/>
                <TextEquiv>
                    <Unicode>con ese rostro moreno?</Unicode>
                </TextEquiv>
            </TextLine>
            <TextLine id="r_1_1l37" custom="readingOrder {index:35;}">
                <Coords points="276,1794 301,1794 326,1794 351,1794 377,1794 402,1794 427,1794 453,1794 478,1794 503,1793 529,1793 554,1793 579,1792 605,1792 630,1792 655,1791 681,1791 706,1791 731,1790 757,1790 757,1759 731,1759 706,1760 681,1760 655,1760 630,1761 605,1761 579,1761 554,1762 529,1762 503,1762 478,1763 453,1763 427,1763 402,1763 377,1763 351,1763 326,1763 301,1763 276,1763"/>
                <Baseline points="276,1784 301,1784 326,1784 351,1784 377,1784 402,1784 427,1784 453,1784 478,1784 503,1783 529,1783 554,1783 579,1782 605,1782 630,1782 655,1781 681,1781 706,1781 731,1780 757,1780"/>
                <TextEquiv>
                    <Unicode>Corazon, que tienes tú?</Unicode>
                </TextEquiv>
            </TextLine>
            <TextLine id="r_1_1l38" custom="readingOrder {index:36;}">
                <Coords points="279,1837 304,1837 330,1838 356,1838 381,1838 407,1838 433,1838 458,1837 484,1837 510,1837 535,1836 561,1836 587,1835 612,1835 638,1835 664,1835 689,1835 715,1835 741,1836 767,1836 767,1805 741,1805 715,1804 689,1804 664,1804 638,1804 612,1804 587,1804 561,1805 535,1805 510,1806 484,1806 458,1806 433,1807 407,1807 381,1807 356,1807 330,1807 304,1806 279,1806"/>
                <Baseline points="279,1827 304,1827 330,1828 356,1828 381,1828 407,1828 433,1828 458,1827 484,1827 510,1827 535,1826 561,1826 587,1825 612,1825 638,1825 664,1825 689,1825 715,1825 741,1826 767,1826"/>
                <TextEquiv>
                    <Unicode>díme lo que te marchita, </Unicode>
                </TextEquiv>
            </TextLine>
            <TextLine id="r_1_1l39" custom="readingOrder {index:37;}">
                <Coords points="267,1882 294,1882 321,1882 348,1882 376,1881 403,1881 430,1881 458,1880 485,1880 512,1880 540,1879 567,1879 594,1879 621,1879 649,1878 676,1878 703,1879 731,1879 758,1879 785,1879 813,1880 813,1849 785,1848 758,1848 731,1848 703,1848 676,1847 649,1847 621,1848 594,1848 567,1848 540,1848 512,1849 485,1849 458,1849 430,1850 403,1850 376,1850 348,1851 321,1851 294,1851 267,1851"/>
                <Baseline points="267,1872 294,1872 321,1872 348,1872 376,1871 403,1871 430,1871 458,1870 485,1870 512,1870 540,1869 567,1869 594,1869 621,1869 649,1868 676,1868 703,1869 731,1869 758,1869 785,1869 813,1870"/>
                <TextEquiv>
                    <Unicode>sinó quiere que me herrita</Unicode>
                </TextEquiv>
            </TextLine>
            <TextLine id="r_1_1l40" custom="readingOrder {index:38;}">
                <Coords points="268,1925 293,1925 318,1925 343,1926 369,1926 394,1926 419,1926 445,1926 470,1926 495,1926 521,1926 546,1925 571,1925 597,1925 622,1924 647,1924 673,1923 698,1923 723,1922 749,1921 749,1891 723,1892 698,1893 673,1893 647,1894 622,1894 597,1895 571,1895 546,1895 521,1896 495,1896 470,1896 445,1896 419,1896 394,1896 369,1896 343,1896 318,1895 293,1895 268,1895"/>
                <Baseline points="268,1915 293,1915 318,1915 343,1916 369,1916 394,1916 419,1916 445,1916 470,1916 495,1916 521,1916 546,1915 571,1915 597,1915 622,1914 647,1914 673,1913 698,1913 723,1912 749,1911"/>
                <TextEquiv>
                    <Unicode>como manteca á la lud.</Unicode>
                </TextEquiv>
            </TextLine>
            <TextLine id="r_1_1l41" custom="readingOrder {index:39;}">
                <Coords points="316,1970 342,1970 368,1970 394,1969 421,1969 447,1969 473,1968 499,1968 526,1968 552,1967 578,1967 604,1967 631,1967 657,1966 683,1966 709,1966 736,1967 762,1967 788,1968 815,1968 815,1937 788,1937 762,1936 736,1936 709,1935 683,1935 657,1935 631,1936 604,1936 578,1936 552,1936 526,1937 499,1937 473,1937 447,1938 421,1938 394,1938 368,1939 342,1939 316,1939"/>
                <Baseline points="316,1960 342,1960 368,1960 394,1959 421,1959 447,1959 473,1958 499,1958 526,1958 552,1957 578,1957 604,1957 631,1957 657,1956 683,1956 709,1956 736,1957 762,1957 788,1958 815,1958"/>
                <TextEquiv>
                    <Unicode>D. Curriyo no tengo ná, </Unicode>
                </TextEquiv>
            </TextLine>
            <TextLine id="r_1_1l42" custom="readingOrder {index:40;}">
                <Coords points="273,2012 299,2013 326,2014 352,2014 379,2014 405,2014 432,2013 458,2013 485,2012 511,2012 538,2012 564,2011 591,2011 617,2011 644,2012 670,2012 697,2013 697,1982 670,1981 644,1981 617,1980 591,1980 564,1980 538,1981 511,1981 485,1981 458,1982 432,1982 405,1983 379,1983 352,1983 326,1983 299,1982 273,1981"/>
                <Baseline points="273,2002 299,2003 326,2004 352,2004 379,2004 405,2004 432,2003 458,2003 485,2002 511,2002 538,2002 564,2001 591,2001 617,2001 644,2002 670,2002 697,2003"/>
                <TextEquiv>
                    <Unicode>Pero como no te bia</Unicode>
                </TextEquiv>
            </TextLine>
            <TextLine id="r_1_1l43" custom="readingOrder {index:41;}">
                <Coords points="269,2056 294,2057 319,2057 344,2057 370,2058 395,2058 420,2058 445,2058 471,2057 496,2057 521,2057 546,2057 572,2057 597,2056 622,2056 647,2056 673,2056 698,2056 723,2056 749,2056 749,2025 723,2025 698,2025 673,2025 647,2025 622,2025 597,2025 572,2026 546,2026 521,2026 496,2026 471,2026 445,2027 420,2027 395,2027 370,2027 344,2026 319,2026 294,2026 269,2025"/>
                <Baseline points="269,2046 294,2047 319,2047 344,2047 370,2048 395,2048 420,2048 445,2048 471,2047 496,2047 521,2047 546,2047 572,2047 597,2046 622,2046 647,2046 673,2046 698,2046 723,2046 749,2046"/>
                <TextEquiv>
                    <Unicode>se ha retirao mi alegria</Unicode>
                </TextEquiv>
            </TextLine>
            <TextLine id="r_1_1l44" custom="readingOrder {index:42;}">
                <Coords points="273,2099 298,2100 324,2101 350,2101 375,2102 401,2102 427,2102 452,2102 478,2102 504,2102 529,2101 555,2101 581,2101 606,2101 632,2101 658,2101 658,2070 632,2070 606,2070 581,2070 555,2070 529,2070 504,2071 478,2071 452,2071 427,2071 401,2071 375,2071 350,2070 324,2070 298,2069 273,2068"/>
                <Baseline points="273,2089 298,2090 324,2091 350,2091 375,2092 401,2092 427,2092 452,2092 478,2092 504,2092 529,2091 555,2091 581,2091 606,2091 632,2091 658,2091"/>
                <TextEquiv>
                    <Unicode>y estaba sobresaltá.</Unicode>
                </TextEquiv>
            </TextLine>
            <TextLine id="r_1_1l45" custom="readingOrder {index:43;}">
                <Coords points="281,2146 307,2146 333,2145 359,2145 385,2145 411,2145 437,2146 463,2146 489,2146 516,2146 542,2146 568,2146 594,2146 620,2146 646,2146 672,2146 698,2145 724,2145 751,2144 751,2113 724,2114 698,2114 672,2115 646,2115 620,2115 594,2115 568,2115 542,2115 516,2115 489,2115 463,2115 437,2115 411,2114 385,2114 359,2114 333,2114 307,2115 281,2115"/>
                <Baseline points="281,2136 307,2136 333,2135 359,2135 385,2135 411,2135 437,2136 463,2136 489,2136 516,2136 542,2136 568,2136 594,2136 620,2136 646,2136 672,2136 698,2135 724,2135 751,2134"/>
                <TextEquiv>
                    <Unicode>Todo mi gusto y placer</Unicode>
                </TextEquiv>
            </TextLine>
            <TextLine id="r_1_1l46" custom="readingOrder {index:44;}">
                <Coords points="271,2190 300,2191 329,2191 359,2191 388,2191 418,2191 447,2191 477,2191 506,2191 536,2191 565,2190 594,2190 624,2190 653,2190 683,2189 712,2189 742,2189 771,2189 801,2189 830,2189 860,2190 860,2159 830,2158 801,2158 771,2158 742,2158 712,2158 683,2158 653,2159 624,2159 594,2159 565,2159 536,2160 506,2160 477,2160 447,2160 418,2160 388,2160 359,2160 329,2160 300,2160 271,2159"/>
                <Baseline points="271,2180 300,2181 329,2181 359,2181 388,2181 418,2181 447,2181 477,2181 506,2181 536,2181 565,2180 594,2180 624,2180 653,2180 683,2179 712,2179 742,2179 771,2179 801,2179 830,2179 860,2180"/>
                <TextEquiv>
                    <Unicode>bién lo sabes que en tí estriba,</Unicode>
                </TextEquiv>
            </TextLine>
            <TextLine id="r_1_1l47" custom="readingOrder {index:45;}">
                <Coords points="274,2236 304,2236 335,2236 366,2236 396,2236 427,2236 458,2236 488,2236 519,2236 550,2235 581,2235 611,2235 642,2235 673,2234 703,2234 734,2234 765,2234 795,2234 826,2234 857,2234 888,2234 888,2203 857,2203 826,2203 795,2203 765,2203 734,2203 703,2203 673,2203 642,2204 611,2204 581,2204 550,2204 519,2205 488,2205 458,2205 427,2205 396,2205 366,2205 335,2205 304,2205 274,2205"/>
                <Baseline points="274,2226 304,2226 335,2226 366,2226 396,2226 427,2226 458,2226 488,2226 519,2226 550,2225 581,2225 611,2225 642,2225 673,2224 703,2224 734,2224 765,2224 795,2224 826,2224 857,2224 888,2224"/>
                <TextEquiv>
                    <Unicode>y estoy mas muerta que viva.</Unicode>
                </TextEquiv>
            </TextLine>
            <TextEquiv>
                <Unicode>T. Deberdá es tan baliente? 
D. No aguarde V. mas repuesta
que ya me boy de la puerta.
Por no hallarme en su puerta,
najesusté ya de aquí, 
que no tardará un minuto
y ba V. á tener un disgusto.
T. Si ese hombre es tan arisco
me boy que tengo que hacer.
D. Que si viene y pilla á V.
le ba á peligrá el josico.
T. Jesus que baragoná, 
no espero mas me las guillo,
que me á puesto V. amarillo,
ea... con Dios... y perdoná.
D. Que tonto y que guasone
se hacen donde no hay gente, 
y en mirando un baliente
se jiñan en los calzones, 
yá biene hay mi currillo.
Cielo hombre no se ba y ca
una bofetá se jaya
mas grande que la de Cristo. 
La fortuniya será, 
que no lo habrá diquelao,
porque sino el desdichao
esta noche hiba á espichá. 
Bonitíco ese chabó
si le dice alla esta alma,
yo me boy á enojá 
por si biene é malumó.
C. Biba el mundo y to lo bueno
que jase tú aquí chiquiya
pasmando la marabilla
con ese rostro moreno?
Corazon, que tienes tú?
díme lo que te marchita, 
sinó quiere que me herrita
como manteca á la lud.
D. Curriyo no tengo ná, 
Pero como no te bia
se ha retirao mi alegria
y estaba sobresaltá.
Todo mi gusto y placer
bién lo sabes que en tí estriba,
y estoy mas muerta que viva.</Unicode>
            </TextEquiv>
        </TextRegion>
        <TextRegion orientation="0.0" type="paragraph" id="r_2_1" custom="readingOrder {index:1;}">
            <Coords points="981,192 1597,192 1597,2242 981,2242"/>
            <TextLine id="r_2_1l1" custom="readingOrder {index:0;}">
                <Coords points="993,246 1018,246 1044,245 1070,245 1096,245 1122,244 1148,244 1174,244 1200,243 1225,243 1251,243 1277,243 1303,243 1329,243 1355,243 1381,244 1407,244 1407,213 1381,213 1355,212 1329,212 1303,212 1277,212 1251,212 1225,212 1200,212 1174,213 1148,213 1122,213 1096,214 1070,214 1044,214 1018,215 993,215"/>
                <Baseline points="993,236 1018,236 1044,235 1070,235 1096,235 1122,234 1148,234 1174,234 1200,233 1225,233 1251,233 1277,233 1303,233 1329,233 1355,233 1381,234 1407,234"/>
                <TextEquiv>
                    <Unicode>en dejandote de ver.</Unicode>
                </TextEquiv>
            </TextLine>
            <TextLine id="r_2_1l2" custom="readingOrder {index:1;}">
                <Coords points="988,290 1017,290 1047,290 1076,289 1106,289 1135,289 1165,289 1194,289 1224,289 1253,289 1283,289 1313,289 1342,289 1372,289 1401,288 1431,288 1460,288 1490,287 1519,287 1549,286 1579,285 1579,255 1549,256 1519,257 1490,257 1460,258 1431,258 1401,258 1372,259 1342,259 1313,259 1283,259 1253,259 1224,259 1194,259 1165,259 1135,259 1106,259 1076,259 1047,260 1017,260 988,260"/>
                <Baseline points="988,280 1017,280 1047,280 1076,279 1106,279 1135,279 1165,279 1194,279 1224,279 1253,279 1283,279 1313,279 1342,279 1372,279 1401,278 1431,278 1460,278 1490,277 1519,277 1549,276 1579,275"/>
                <TextEquiv>
                    <Unicode>Por que la muger que espera</Unicode>
                </TextEquiv>
            </TextLine>
            <TextLine id="r_2_1l3" custom="readingOrder {index:2;}">
                <Coords points="987,333 1014,333 1041,333 1068,333 1096,332 1123,332 1150,332 1177,331 1205,331 1232,331 1259,331 1286,330 1314,330 1341,330 1368,330 1395,331 1423,331 1450,332 1477,333 1504,334 1532,335 1532,305 1504,304 1477,303 1450,302 1423,301 1395,301 1368,300 1341,300 1314,300 1286,300 1259,301 1232,301 1205,301 1177,301 1150,302 1123,302 1096,302 1068,303 1041,303 1014,303 987,303"/>
                <Baseline points="987,323 1014,323 1041,323 1068,323 1096,322 1123,322 1150,322 1177,321 1205,321 1232,321 1259,321 1286,320 1314,320 1341,320 1368,320 1395,321 1423,321 1450,322 1477,323 1504,324 1532,325"/>
                <TextEquiv>
                    <Unicode>á una persona y no bieno,</Unicode>
                </TextEquiv>
            </TextLine>
            <TextLine id="r_2_1l4" custom="readingOrder {index:3;}">
                <Coords points="991,377 1016,377 1042,376 1068,376 1094,376 1120,376 1146,375 1171,375 1197,374 1223,374 1249,374 1275,374 1301,373 1326,373 1352,373 1378,373 1404,373 1430,374 1456,374 1482,374 1482,344 1456,344 1430,344 1404,343 1378,343 1352,343 1326,343 1301,343 1275,344 1249,344 1223,344 1197,344 1171,345 1146,345 1120,346 1094,346 1068,346 1042,346 1016,347 991,347"/>
                <Baseline points="991,367 1016,367 1042,366 1068,366 1094,366 1120,366 1146,365 1171,365 1197,364 1223,364 1249,364 1275,364 1301,363 1326,363 1352,363 1378,363 1404,363 1430,364 1456,364 1482,364"/>
                <TextEquiv>
                    <Unicode>unos pensamientos tiene</Unicode>
                </TextEquiv>
            </TextLine>
            <TextLine id="r_2_1l5" custom="readingOrder {index:4;}">
                <Coords points="990,419 1017,420 1044,420 1071,420 1098,420 1126,420 1153,420 1180,420 1207,419 1234,419 1262,418 1289,418 1316,418 1343,417 1370,417 1398,417 1425,417 1452,418 1479,418 1506,419 1534,420 1534,390 1506,389 1479,388 1452,388 1425,387 1398,387 1370,387 1343,387 1316,388 1289,388 1262,388 1234,389 1207,389 1180,390 1153,390 1126,390 1098,390 1071,390 1044,390 1017,390 990,389"/>
                <Baseline points="990,409 1017,410 1044,410 1071,410 1098,410 1126,410 1153,410 1180,410 1207,409 1234,409 1262,408 1289,408 1316,408 1343,407 1370,407 1398,407 1425,407 1452,408 1479,408 1506,409 1534,410"/>
                <TextEquiv>
                    <Unicode>mas crueles que una fiera.</Unicode>
                </TextEquiv>
            </TextLine>
            <TextLine id="r_2_1l6" custom="readingOrder {index:5;}">
                <Coords points="1038,464 1063,465 1088,465 1113,465 1138,464 1163,464 1188,464 1213,463 1238,463 1263,462 1288,462 1313,461 1338,461 1363,461 1388,461 1413,461 1438,461 1463,462 1488,462 1513,464 1538,465 1538,434 1513,433 1488,431 1463,431 1438,430 1413,430 1388,430 1363,430 1338,430 1313,430 1288,431 1263,431 1238,432 1213,432 1188,433 1163,433 1138,433 1113,434 1088,434 1063,434 1038,433"/>
                <Baseline points="1038,454 1063,455 1088,455 1113,455 1138,454 1163,454 1188,454 1213,453 1238,453 1263,452 1288,452 1313,451 1338,451 1363,451 1388,451 1413,451 1438,451 1463,452 1488,452 1513,454 1538,455"/>
                <TextEquiv>
                    <Unicode>C. Dolores no jables mas,</Unicode>
                </TextEquiv>
            </TextLine>
            <TextLine id="r_2_1l7" custom="readingOrder {index:6;}">
                <Coords points="984,507 1010,508 1036,508 1062,508 1089,508 1115,508 1141,508 1168,508 1194,508 1220,507 1247,507 1273,507 1299,506 1325,506 1352,506 1378,506 1404,507 1431,507 1457,508 1483,509 1510,510 1510,479 1483,478 1457,477 1431,476 1404,476 1378,475 1352,475 1325,475 1299,475 1273,476 1247,476 1220,476 1194,477 1168,477 1141,477 1115,477 1089,477 1062,477 1036,477 1010,477 984,476"/>
                <Baseline points="984,497 1010,498 1036,498 1062,498 1089,498 1115,498 1141,498 1168,498 1194,498 1220,497 1247,497 1273,497 1299,496 1325,496 1352,496 1378,496 1404,497 1431,497 1457,498 1483,499 1510,500"/>
                <TextEquiv>
                    <Unicode>ni de mí tenga sospecha,</Unicode>
                </TextEquiv>
            </TextLine>
            <TextLine id="r_2_1l8" custom="readingOrder {index:7;}">
                <Coords points="994,554 1020,554 1046,553 1072,553 1099,552 1125,552 1151,552 1178,551 1204,551 1230,551 1257,550 1283,550 1309,550 1335,550 1362,550 1388,550 1414,550 1441,551 1467,551 1493,552 1520,552 1520,521 1493,521 1467,520 1441,520 1414,519 1388,519 1362,519 1335,519 1309,519 1283,519 1257,519 1230,520 1204,520 1178,520 1151,521 1125,521 1099,521 1072,522 1046,522 1020,523 994,523"/>
                <Baseline points="994,544 1020,544 1046,543 1072,543 1099,542 1125,542 1151,542 1178,541 1204,541 1230,541 1257,540 1283,540 1309,540 1335,540 1362,540 1388,540 1414,540 1441,541 1467,541 1493,542 1520,542"/>
                <TextEquiv>
                    <Unicode>que me clabas una flecha</Unicode>
                </TextEquiv>
            </TextLine>
            <TextLine id="r_2_1l9" custom="readingOrder {index:8;}">
                <Coords points="990,597 1015,597 1041,597 1067,596 1093,596 1119,596 1145,596 1171,596 1197,595 1223,595 1249,595 1275,595 1301,595 1327,595 1353,594 1379,594 1405,594 1431,594 1457,593 1483,593 1483,562 1457,562 1431,563 1405,563 1379,563 1353,563 1327,564 1301,564 1275,564 1249,564 1223,564 1197,564 1171,565 1145,565 1119,565 1093,565 1067,565 1041,566 1015,566 990,566"/>
                <Baseline points="990,587 1015,587 1041,587 1067,586 1093,586 1119,586 1145,586 1171,586 1197,585 1223,585 1249,585 1275,585 1301,585 1327,585 1353,584 1379,584 1405,584 1431,584 1457,583 1483,583"/>
                <TextEquiv>
                    <Unicode>con ca razon que me dá.</Unicode>
                </TextEquiv>
            </TextLine>
            <TextLine id="r_2_1l10" custom="readingOrder {index:9;}">
                <Coords points="987,640 1012,640 1037,640 1062,640 1087,641 1112,640 1137,640 1162,640 1187,640 1212,640 1237,640 1262,639 1287,639 1312,639 1337,638 1362,638 1387,638 1412,638 1437,638 1462,638 1487,638 1487,607 1462,607 1437,607 1412,607 1387,607 1362,607 1337,607 1312,608 1287,608 1262,608 1237,609 1212,609 1187,609 1162,609 1137,609 1112,609 1087,610 1062,609 1037,609 1012,609 987,609"/>
                <Baseline points="987,630 1012,630 1037,630 1062,630 1087,631 1112,630 1137,630 1162,630 1187,630 1212,630 1237,630 1262,629 1287,629 1312,629 1337,628 1362,628 1387,628 1412,628 1437,628 1462,628 1487,628"/>
                <TextEquiv>
                    <Unicode>No jables blanca paloma</Unicode>
                </TextEquiv>
            </TextLine>
            <TextLine id="r_2_1l11" custom="readingOrder {index:10;}">
                <Coords points="991,684 1020,684 1050,684 1079,684 1109,684 1139,684 1168,684 1198,684 1228,684 1257,684 1287,683 1317,683 1346,683 1376,683 1406,683 1435,683 1465,683 1495,684 1524,684 1554,685 1584,686 1584,655 1554,654 1524,653 1495,653 1465,652 1435,652 1406,652 1376,652 1346,652 1317,652 1287,652 1257,653 1228,653 1198,653 1168,653 1139,653 1109,653 1079,653 1050,653 1020,653 991,653"/>
                <Baseline points="991,674 1020,674 1050,674 1079,674 1109,674 1139,674 1168,674 1198,674 1228,674 1257,674 1287,673 1317,673 1346,673 1376,673 1406,673 1435,673 1465,673 1495,674 1524,674 1554,675 1584,676"/>
                <TextEquiv>
                    <Unicode>que yó é de ser tu esclavito,</Unicode>
                </TextEquiv>
            </TextLine>
            <TextLine id="r_2_1l12" custom="readingOrder {index:11;}">
                <Coords points="988,730 1013,730 1039,729 1065,729 1091,729 1117,729 1143,729 1169,729 1195,729 1221,729 1246,728 1272,728 1298,728 1324,727 1350,727 1376,726 1402,726 1428,725 1454,724 1454,694 1428,695 1402,696 1376,696 1350,697 1324,697 1298,698 1272,698 1246,698 1221,699 1195,699 1169,699 1143,699 1117,699 1091,699 1065,699 1039,699 1013,700 988,700"/>
                <Baseline points="988,720 1013,720 1039,719 1065,719 1091,719 1117,719 1143,719 1169,719 1195,719 1221,719 1246,718 1272,718 1298,718 1324,717 1350,717 1376,716 1402,716 1428,715 1454,714"/>
                <TextEquiv>
                    <Unicode>asta que mí cuerpesito</Unicode>
                </TextEquiv>
            </TextLine>
            <TextLine id="r_2_1l13" custom="readingOrder {index:12;}">
                <Coords points="992,772 1022,773 1052,774 1082,774 1112,774 1142,774 1172,773 1202,773 1232,772 1262,771 1293,771 1323,770 1353,770 1383,770 1413,771 1443,772 1473,773 1503,775 1533,778 1563,781 1594,785 1594,755 1563,751 1533,748 1503,745 1473,743 1443,742 1413,741 1383,740 1353,740 1323,740 1293,741 1262,741 1232,742 1202,743 1172,743 1142,744 1112,744 1082,744 1052,744 1022,743 992,742"/>
                <Baseline points="992,762 1022,763 1052,764 1082,764 1112,764 1142,764 1172,763 1202,763 1232,762 1262,761 1293,761 1323,760 1353,760 1383,760 1413,761 1443,762 1473,763 1503,765 1533,768 1563,771 1594,775"/>
                <TextEquiv>
                    <Unicode>la ingrata tierra se coma.</Unicode>
                </TextEquiv>
            </TextLine>
            <TextLine id="r_2_1l14" custom="readingOrder {index:13;}">
                <Coords points="994,816 1022,817 1050,817 1078,818 1107,818 1135,818 1163,818 1192,817 1220,817 1248,817 1277,817 1305,816 1333,816 1361,816 1390,816 1418,816 1446,816 1475,816 1503,816 1531,816 1560,817 1560,787 1531,786 1503,786 1475,786 1446,786 1418,786 1390,786 1361,786 1333,786 1305,786 1277,787 1248,787 1220,787 1192,787 1163,788 1135,788 1107,788 1078,788 1050,787 1022,787 994,786"/>
                <Baseline points="994,806 1022,807 1050,807 1078,808 1107,808 1135,808 1163,808 1192,807 1220,807 1248,807 1277,807 1305,806 1333,806 1361,806 1390,806 1418,806 1446,806 1475,806 1503,806 1531,806 1560,807"/>
                <TextEquiv>
                    <Unicode>No piense en eso sentrañas,</Unicode>
                </TextEquiv>
            </TextLine>
            <TextLine id="r_2_1l15" custom="readingOrder {index:14;}">
                <Coords points="991,862 1016,862 1042,862 1067,862 1093,862 1119,862 1144,861 1170,861 1195,861 1221,861 1247,861 1272,861 1298,861 1323,860 1349,860 1375,860 1400,860 1426,860 1452,860 1452,830 1426,830 1400,830 1375,830 1349,830 1323,830 1298,831 1272,831 1247,831 1221,831 1195,831 1170,831 1144,831 1119,832 1093,832 1067,832 1042,832 1016,832 991,832"/>
                <Baseline points="991,852 1016,852 1042,852 1067,852 1093,852 1119,852 1144,851 1170,851 1195,851 1221,851 1247,851 1272,851 1298,851 1323,850 1349,850 1375,850 1400,850 1426,850 1452,850"/>
                <TextEquiv>
                    <Unicode>ni tenga ningun sentir,</Unicode>
                </TextEquiv>
            </TextLine>
            <TextLine id="r_2_1l16" custom="readingOrder {index:15;}">
                <Coords points="991,903 1021,905 1051,906 1081,907 1111,907 1142,906 1172,906 1202,905 1232,904 1262,903 1293,903 1323,902 1353,902 1383,902 1413,902 1444,903 1474,905 1504,907 1534,910 1564,914 1595,920 1595,890 1564,884 1534,880 1504,877 1474,875 1444,873 1413,872 1383,872 1353,872 1323,872 1293,873 1262,873 1232,874 1202,875 1172,876 1142,876 1111,877 1081,877 1051,876 1021,875 991,873"/>
                <Baseline points="991,893 1021,895 1051,896 1081,897 1111,897 1142,896 1172,896 1202,895 1232,894 1262,893 1293,893 1323,892 1353,892 1383,892 1413,892 1444,893 1474,895 1504,897 1534,900 1564,904 1595,910"/>
                <TextEquiv>
                    <Unicode>que no te cambio yo á tí</Unicode>
                </TextEquiv>
            </TextLine>
            <TextLine id="r_2_1l17" custom="readingOrder {index:16;}">
                <Coords points="997,947 1026,949 1056,950 1086,950 1116,951 1146,951 1176,950 1206,950 1236,949 1266,948 1296,948 1325,947 1355,947 1385,947 1415,947 1445,948 1475,949 1505,951 1535,954 1565,957 1595,961 1595,931 1565,927 1535,924 1505,921 1475,919 1445,918 1415,917 1385,917 1355,917 1325,917 1296,918 1266,918 1236,919 1206,920 1176,920 1146,921 1116,921 1086,920 1056,920 1026,919 997,917"/>
                <Baseline points="997,937 1026,939 1056,940 1086,940 1116,941 1146,941 1176,940 1206,940 1236,939 1266,938 1296,938 1325,937 1355,937 1385,937 1415,937 1445,938 1475,939 1505,941 1535,944 1565,947 1595,951"/>
                <TextEquiv>
                    <Unicode>ni por la reyna de España.</Unicode>
                </TextEquiv>
            </TextLine>
            <TextLine id="r_2_1l18" custom="readingOrder {index:17;}">
                <Coords points="996,992 1025,993 1055,994 1084,995 1114,995 1144,995 1173,995 1203,994 1232,994 1262,993 1292,993 1321,992 1351,992 1380,992 1410,992 1440,993 1469,994 1499,995 1528,997 1558,999 1588,1003 1588,972 1558,968 1528,966 1499,964 1469,963 1440,962 1410,961 1380,961 1351,961 1321,961 1292,962 1262,962 1232,963 1203,963 1173,964 1144,964 1114,964 1084,964 1055,963 1025,962 996,961"/>
                <Baseline points="996,982 1025,983 1055,984 1084,985 1114,985 1144,985 1173,985 1203,984 1232,984 1262,983 1292,983 1321,982 1351,982 1380,982 1410,982 1440,983 1469,984 1499,985 1528,987 1558,989 1588,993"/>
                <TextEquiv>
                    <Unicode>Bale mas plata y mas oro</Unicode>
                </TextEquiv>
            </TextLine>
            <TextLine id="r_2_1l19" custom="readingOrder {index:18;}">
                <Coords points="1002,1036 1031,1038 1061,1039 1090,1039 1120,1039 1149,1039 1179,1039 1208,1038 1238,1038 1267,1037 1297,1036 1326,1036 1356,1036 1385,1036 1415,1037 1444,1038 1474,1039 1503,1041 1533,1044 1562,1048 1592,1052 1592,1021 1562,1017 1533,1013 1503,1010 1474,1008 1444,1007 1415,1006 1385,1005 1356,1005 1326,1005 1297,1005 1267,1006 1238,1007 1208,1007 1179,1008 1149,1008 1120,1008 1090,1008 1061,1008 1031,1007 1002,1005"/>
                <Baseline points="1002,1026 1031,1028 1061,1029 1090,1029 1120,1029 1149,1029 1179,1029 1208,1028 1238,1028 1267,1027 1297,1026 1326,1026 1356,1026 1385,1026 1415,1027 1444,1028 1474,1029 1503,1031 1533,1034 1562,1038 1592,1042"/>
                <TextEquiv>
                    <Unicode>para mi gusto y persona</Unicode>
                </TextEquiv>
            </TextLine>
            <TextLine id="r_2_1l20" custom="readingOrder {index:19;}">
                <Coords points="992,1081 1017,1082 1043,1082 1069,1082 1095,1082 1121,1082 1147,1082 1173,1081 1199,1081 1225,1081 1250,1080 1276,1080 1302,1080 1328,1079 1354,1079 1380,1079 1406,1079 1432,1080 1458,1080 1484,1081 1484,1051 1458,1050 1432,1050 1406,1049 1380,1049 1354,1049 1328,1049 1302,1050 1276,1050 1250,1050 1225,1051 1199,1051 1173,1051 1147,1052 1121,1052 1095,1052 1069,1052 1043,1052 1017,1052 992,1051"/>
                <Baseline points="992,1071 1017,1072 1043,1072 1069,1072 1095,1072 1121,1072 1147,1072 1173,1071 1199,1071 1225,1071 1250,1070 1276,1070 1302,1070 1328,1069 1354,1069 1380,1069 1406,1069 1432,1070 1458,1070 1484,1071"/>
                <TextEquiv>
                    <Unicode>que la riqueza y corona</Unicode>
                </TextEquiv>
            </TextLine>
            <TextLine id="r_2_1l22" custom="readingOrder {index:20;}">
                <Coords points="992,1124 1022,1125 1052,1126 1082,1126 1112,1127 1143,1127 1173,1126 1203,1126 1233,1125 1263,1125 1294,1124 1324,1124 1354,1123 1384,1123 1414,1123 1445,1124 1475,1125 1505,1126 1535,1127 1565,1130 1596,1133 1596,1102 1565,1099 1535,1096 1505,1095 1475,1094 1445,1093 1414,1092 1384,1092 1354,1092 1324,1093 1294,1093 1263,1094 1233,1094 1203,1095 1173,1095 1143,1096 1112,1096 1082,1095 1052,1095 1022,1094 992,1093"/>
                <Baseline points="992,1114 1022,1115 1052,1116 1082,1116 1112,1117 1143,1117 1173,1116 1203,1116 1233,1115 1263,1115 1294,1114 1324,1114 1354,1113 1384,1113 1414,1113 1445,1114 1475,1115 1505,1116 1535,1117 1565,1120 1596,1123"/>
                <TextEquiv>
                    <Unicode>del basto imperio del moro.</Unicode>
                </TextEquiv>
            </TextLine>
            <TextLine id="r_2_1l23" custom="readingOrder {index:21;}">
                <Coords points="998,1170 1023,1170 1048,1171 1073,1171 1099,1171 1124,1171 1149,1171 1175,1171 1200,1170 1225,1170 1251,1170 1276,1170 1301,1170 1327,1169 1352,1169 1377,1169 1403,1169 1428,1169 1453,1169 1479,1169 1479,1138 1453,1138 1428,1138 1403,1138 1377,1138 1352,1138 1327,1138 1301,1139 1276,1139 1251,1139 1225,1139 1200,1139 1175,1140 1149,1140 1124,1140 1099,1140 1073,1140 1048,1140 1023,1139 998,1139"/>
                <Baseline points="998,1160 1023,1160 1048,1161 1073,1161 1099,1161 1124,1161 1149,1161 1175,1161 1200,1160 1225,1160 1251,1160 1276,1160 1301,1160 1327,1159 1352,1159 1377,1159 1403,1159 1428,1159 1453,1159 1479,1159"/>
                <TextEquiv>
                    <Unicode>En estando tu contenta</Unicode>
                </TextEquiv>
            </TextLine>
            <TextLine id="r_2_1l25" custom="readingOrder {index:22;}">
                <Coords points="992,1214 1017,1215 1042,1215 1068,1215 1093,1215 1119,1215 1144,1215 1169,1214 1195,1214 1220,1214 1246,1214 1271,1214 1296,1214 1322,1214 1347,1214 1373,1214 1398,1214 1423,1214 1449,1214 1474,1214 1500,1214 1500,1183 1474,1183 1449,1183 1423,1183 1398,1183 1373,1183 1347,1183 1322,1183 1296,1183 1271,1183 1246,1183 1220,1183 1195,1183 1169,1183 1144,1184 1119,1184 1093,1184 1068,1184 1042,1184 1017,1184 992,1183"/>
                <Baseline points="992,1204 1017,1205 1042,1205 1068,1205 1093,1205 1119,1205 1144,1205 1169,1204 1195,1204 1220,1204 1246,1204 1271,1204 1296,1204 1322,1204 1347,1204 1373,1204 1398,1204 1423,1204 1449,1204 1474,1204 1500,1204"/>
                <TextEquiv>
                    <Unicode>soy un hombre poderoso,</Unicode>
                </TextEquiv>
            </TextLine>
            <TextLine id="r_2_1l26" custom="readingOrder {index:23;}">
                <Coords points="1004,1258 1032,1258 1060,1258 1088,1258 1116,1258 1145,1258 1173,1258 1201,1257 1229,1257 1257,1257 1286,1257 1314,1257 1342,1257 1370,1257 1398,1257 1427,1257 1455,1257 1483,1257 1511,1258 1539,1258 1568,1258 1568,1227 1539,1227 1511,1227 1483,1226 1455,1226 1427,1226 1398,1226 1370,1226 1342,1226 1314,1226 1286,1226 1257,1226 1229,1226 1201,1226 1173,1227 1145,1227 1116,1227 1088,1227 1060,1227 1032,1227 1004,1227"/>
                <Baseline points="1004,1248 1032,1248 1060,1248 1088,1248 1116,1248 1145,1248 1173,1248 1201,1247 1229,1247 1257,1247 1286,1247 1314,1247 1342,1247 1370,1247 1398,1247 1427,1247 1455,1247 1483,1247 1511,1248 1539,1248 1568,1248"/>
                <TextEquiv>
                    <Unicode>y tengo entre mi mas gozo,</Unicode>
                </TextEquiv>
            </TextLine>
            <TextLine id="r_2_1l27" custom="readingOrder {index:24;}">
                <Coords points="995,1303 1024,1303 1053,1303 1083,1303 1112,1304 1142,1303 1171,1303 1201,1303 1230,1303 1260,1302 1289,1302 1318,1302 1348,1302 1377,1301 1407,1301 1436,1301 1466,1301 1495,1302 1525,1302 1554,1303 1584,1303 1584,1272 1554,1272 1525,1271 1495,1271 1466,1270 1436,1270 1407,1270 1377,1270 1348,1271 1318,1271 1289,1271 1260,1271 1230,1272 1201,1272 1171,1272 1142,1272 1112,1273 1083,1272 1053,1272 1024,1272 995,1272"/>
                <Baseline points="995,1293 1024,1293 1053,1293 1083,1293 1112,1294 1142,1293 1171,1293 1201,1293 1230,1293 1260,1292 1289,1292 1318,1292 1348,1292 1377,1291 1407,1291 1436,1291 1466,1291 1495,1292 1525,1292 1554,1293 1584,1293"/>
                <TextEquiv>
                    <Unicode>que con un millon de renta</Unicode>
                </TextEquiv>
            </TextLine>
            <TextLine id="r_2_1l28" custom="readingOrder {index:25;}">
                <Coords points="997,1348 1022,1348 1047,1348 1073,1347 1098,1347 1124,1347 1149,1347 1175,1347 1200,1347 1225,1347 1251,1347 1276,1347 1302,1347 1327,1347 1353,1347 1378,1347 1404,1347 1404,1317 1378,1317 1353,1317 1327,1317 1302,1317 1276,1317 1251,1317 1225,1317 1200,1317 1175,1317 1149,1317 1124,1317 1098,1317 1073,1317 1047,1318 1022,1318 997,1318"/>
                <Baseline points="997,1338 1022,1338 1047,1338 1073,1337 1098,1337 1124,1337 1149,1337 1175,1337 1200,1337 1225,1337 1251,1337 1276,1337 1302,1337 1327,1337 1353,1337 1378,1337 1404,1337"/>
                <TextEquiv>
                    <Unicode>tu cielesito, Dolores.</Unicode>
                </TextEquiv>
            </TextLine>
            <TextLine id="r_2_1l30" custom="readingOrder {index:26;}">
                <Coords points="1004,1392 1030,1392 1056,1392 1082,1392 1108,1392 1135,1391 1161,1391 1187,1391 1213,1391 1240,1391 1266,1390 1292,1390 1318,1390 1344,1390 1371,1390 1397,1389 1423,1389 1449,1389 1476,1390 1476,1360 1449,1359 1423,1359 1397,1359 1371,1360 1344,1360 1318,1360 1292,1360 1266,1360 1240,1361 1213,1361 1187,1361 1161,1361 1135,1361 1108,1362 1082,1362 1056,1362 1030,1362 1004,1362"/>
                <Baseline points="1004,1382 1030,1382 1056,1382 1082,1382 1108,1382 1135,1381 1161,1381 1187,1381 1213,1381 1240,1381 1266,1380 1292,1380 1318,1380 1344,1380 1371,1380 1397,1379 1423,1379 1449,1379 1476,1380"/>
                <TextEquiv>
                    <Unicode>Cuando alegrita te hallo</Unicode>
                </TextEquiv>
            </TextLine>
            <TextLine id="r_2_1l31" custom="readingOrder {index:27;}">
                <Coords points="996,1437 1025,1436 1055,1436 1085,1436 1115,1435 1145,1435 1174,1435 1204,1435 1234,1434 1264,1434 1294,1434 1323,1434 1353,1434 1383,1434 1413,1433 1443,1433 1472,1433 1502,1433 1532,1432 1562,1432 1592,1432 1592,1401 1562,1401 1532,1401 1502,1402 1472,1402 1443,1402 1413,1402 1383,1403 1353,1403 1323,1403 1294,1403 1264,1403 1234,1403 1204,1404 1174,1404 1145,1404 1115,1404 1085,1405 1055,1405 1025,1405 996,1406"/>
                <Baseline points="996,1427 1025,1426 1055,1426 1085,1426 1115,1425 1145,1425 1174,1425 1204,1425 1234,1424 1264,1424 1294,1424 1323,1424 1353,1424 1383,1424 1413,1423 1443,1423 1472,1423 1502,1423 1532,1422 1562,1422 1592,1422"/>
                <TextEquiv>
                    <Unicode>me alegra a mí mas que Mayo</Unicode>
                </TextEquiv>
            </TextLine>
            <TextLine id="r_2_1l32" custom="readingOrder {index:28;}">
                <Coords points="1006,1482 1031,1481 1057,1481 1082,1480 1108,1479 1134,1479 1159,1479 1185,1478 1211,1478 1236,1478 1262,1478 1288,1478 1313,1478 1339,1478 1365,1478 1390,1478 1416,1478 1442,1478 1467,1478 1493,1477 1519,1477 1519,1447 1493,1447 1467,1448 1442,1448 1416,1448 1390,1448 1365,1448 1339,1448 1313,1448 1288,1448 1262,1448 1236,1448 1211,1448 1185,1448 1159,1449 1134,1449 1108,1449 1082,1450 1057,1451 1031,1451 1006,1452"/>
                <Baseline points="1006,1472 1031,1471 1057,1471 1082,1470 1108,1469 1134,1469 1159,1469 1185,1468 1211,1468 1236,1468 1262,1468 1288,1468 1313,1468 1339,1468 1365,1468 1390,1468 1416,1468 1442,1468 1467,1468 1493,1467 1519,1467"/>
                <TextEquiv>
                    <Unicode>cuajao de todas las flores</Unicode>
                </TextEquiv>
            </TextLine>
            <TextLine id="r_2_1l33" custom="readingOrder {index:29;}">
                <Coords points="1001,1524 1027,1524 1054,1524 1080,1524 1107,1524 1133,1524 1160,1523 1186,1523 1213,1523 1239,1523 1266,1523 1293,1522 1319,1522 1346,1522 1372,1522 1399,1522 1425,1522 1452,1522 1478,1522 1505,1522 1532,1522 1532,1492 1505,1492 1478,1492 1452,1492 1425,1492 1399,1492 1372,1492 1346,1492 1319,1492 1293,1492 1266,1493 1239,1493 1213,1493 1186,1493 1160,1493 1133,1494 1107,1494 1080,1494 1054,1494 1027,1494 1001,1494"/>
                <Baseline points="1001,1514 1027,1514 1054,1514 1080,1514 1107,1514 1133,1514 1160,1513 1186,1513 1213,1513 1239,1513 1266,1513 1293,1512 1319,1512 1346,1512 1372,1512 1399,1512 1425,1512 1452,1512 1478,1512 1505,1512 1532,1512"/>
                <TextEquiv>
                    <Unicode>que tiene para tu adorno.</Unicode>
                </TextEquiv>
            </TextLine>
            <TextLine id="r_2_1l34" custom="readingOrder {index:30;}">
                <Coords points="996,1570 1021,1569 1046,1569 1071,1569 1096,1568 1122,1568 1147,1568 1172,1568 1197,1567 1223,1567 1248,1567 1273,1566 1298,1566 1324,1566 1349,1566 1374,1566 1399,1566 1425,1566 1425,1535 1399,1535 1374,1535 1349,1535 1324,1535 1298,1535 1273,1535 1248,1536 1223,1536 1197,1536 1172,1537 1147,1537 1122,1537 1096,1537 1071,1538 1046,1538 1021,1538 996,1539"/>
                <Baseline points="996,1560 1021,1559 1046,1559 1071,1559 1096,1558 1122,1558 1147,1558 1172,1558 1197,1557 1223,1557 1248,1557 1273,1556 1298,1556 1324,1556 1349,1556 1374,1556 1399,1556 1425,1556"/>
                <TextEquiv>
                    <Unicode>Do sojos de terciopelo</Unicode>
                </TextEquiv>
            </TextLine>
            <TextLine id="r_2_1l35" custom="readingOrder {index:31;}">
                <Coords points="1008,1613 1033,1613 1058,1613 1083,1613 1108,1612 1133,1612 1158,1612 1183,1611 1208,1611 1233,1610 1259,1610 1284,1609 1309,1609 1334,1609 1359,1609 1384,1609 1409,1609 1434,1610 1459,1610 1484,1612 1510,1613 1510,1582 1484,1581 1459,1579 1434,1579 1409,1578 1384,1578 1359,1578 1334,1578 1309,1578 1284,1578 1259,1579 1233,1579 1208,1580 1183,1580 1158,1581 1133,1581 1108,1581 1083,1582 1058,1582 1033,1582 1008,1582"/>
                <Baseline points="1008,1603 1033,1603 1058,1603 1083,1603 1108,1602 1133,1602 1158,1602 1183,1601 1208,1601 1233,1600 1259,1600 1284,1599 1309,1599 1334,1599 1359,1599 1384,1599 1409,1599 1434,1600 1459,1600 1484,1602 1510,1603"/>
                <TextEquiv>
                    <Unicode>que cuando yo lo diquelo,</Unicode>
                </TextEquiv>
            </TextLine>
            <TextLine id="r_2_1l36" custom="readingOrder {index:32;}">
                <Coords points="999,1657 1024,1657 1049,1657 1074,1657 1099,1656 1124,1656 1149,1656 1175,1655 1200,1655 1225,1655 1250,1654 1275,1654 1300,1654 1326,1654 1351,1654 1376,1654 1401,1654 1426,1655 1451,1655 1477,1656 1477,1625 1451,1624 1426,1624 1401,1623 1376,1623 1351,1623 1326,1623 1300,1623 1275,1623 1250,1623 1225,1624 1200,1624 1175,1624 1149,1625 1124,1625 1099,1625 1074,1626 1049,1626 1024,1626 999,1626"/>
                <Baseline points="999,1647 1024,1647 1049,1647 1074,1647 1099,1646 1124,1646 1149,1646 1175,1645 1200,1645 1225,1645 1250,1644 1275,1644 1300,1644 1326,1644 1351,1644 1376,1644 1401,1644 1426,1645 1451,1645 1477,1646"/>
                <TextEquiv>
                    <Unicode>dolorsiya, me esmorono.</Unicode>
                </TextEquiv>
            </TextLine>
            <TextLine id="r_2_1l37" custom="readingOrder {index:33;}">
                <Coords points="1003,1701 1029,1701 1056,1701 1082,1701 1109,1700 1136,1700 1162,1700 1189,1699 1215,1699 1242,1699 1269,1699 1295,1698 1322,1699 1348,1699 1375,1699 1402,1700 1402,1670 1375,1669 1348,1669 1322,1669 1295,1668 1269,1669 1242,1669 1215,1669 1189,1669 1162,1670 1136,1670 1109,1670 1082,1671 1056,1671 1029,1671 1003,1671"/>
                <Baseline points="1003,1691 1029,1691 1056,1691 1082,1691 1109,1690 1136,1690 1162,1690 1189,1689 1215,1689 1242,1689 1269,1689 1295,1688 1322,1689 1348,1689 1375,1689 1402,1690"/>
                <TextEquiv>
                    <Unicode>Y si me quieres amí, </Unicode>
                </TextEquiv>
            </TextLine>
            <TextLine id="r_2_1l38" custom="readingOrder {index:34;}">
                <Coords points="996,1746 1021,1746 1047,1745 1073,1745 1099,1745 1125,1744 1151,1744 1177,1744 1203,1744 1229,1744 1255,1744 1281,1743 1307,1743 1333,1743 1359,1742 1385,1742 1411,1741 1437,1741 1463,1740 1489,1739 1489,1708 1463,1709 1437,1710 1411,1710 1385,1711 1359,1711 1333,1712 1307,1712 1281,1712 1255,1713 1229,1713 1203,1713 1177,1713 1151,1713 1125,1713 1099,1714 1073,1714 1047,1714 1021,1715 996,1715"/>
                <Baseline points="996,1736 1021,1736 1047,1735 1073,1735 1099,1735 1125,1734 1151,1734 1177,1734 1203,1734 1229,1734 1255,1734 1281,1733 1307,1733 1333,1733 1359,1732 1385,1732 1411,1731 1437,1731 1463,1730 1489,1729"/>
                <TextEquiv>
                    <Unicode>tanto como yó te quiero</Unicode>
                </TextEquiv>
            </TextLine>
            <TextLine id="r_2_1l39" custom="readingOrder {index:35;}">
                <Coords points="994,1790 1022,1789 1051,1789 1079,1788 1108,1788 1136,1788 1165,1788 1193,1788 1222,1787 1250,1787 1279,1787 1308,1787 1336,1787 1365,1787 1393,1787 1422,1787 1450,1787 1479,1787 1507,1787 1536,1787 1565,1787 1565,1757 1536,1757 1507,1757 1479,1757 1450,1757 1422,1757 1393,1757 1365,1757 1336,1757 1308,1757 1279,1757 1250,1757 1222,1757 1193,1758 1165,1758 1136,1758 1108,1758 1079,1758 1051,1759 1022,1759 994,1760"/>
                <Baseline points="994,1780 1022,1779 1051,1779 1079,1778 1108,1778 1136,1778 1165,1778 1193,1778 1222,1777 1250,1777 1279,1777 1308,1777 1336,1777 1365,1777 1393,1777 1422,1777 1450,1777 1479,1777 1507,1777 1536,1777 1565,1777"/>
                <TextEquiv>
                    <Unicode>no hay amor mas berdadero</Unicode>
                </TextEquiv>
            </TextLine>
            <TextLine id="r_2_1l40" custom="readingOrder {index:36;}">
                <Coords points="995,1830 1021,1831 1047,1832 1073,1832 1099,1832 1125,1832 1151,1832 1177,1832 1204,1831 1230,1831 1256,1831 1282,1831 1308,1830 1334,1830 1360,1831 1386,1831 1413,1832 1413,1802 1386,1801 1360,1801 1334,1800 1308,1800 1282,1801 1256,1801 1230,1801 1204,1801 1177,1802 1151,1802 1125,1802 1099,1802 1073,1802 1047,1802 1021,1801 995,1800"/>
                <Baseline points="995,1820 1021,1821 1047,1822 1073,1822 1099,1822 1125,1822 1151,1822 1177,1822 1204,1821 1230,1821 1256,1821 1282,1821 1308,1820 1334,1820 1360,1821 1386,1821 1413,1822"/>
                <TextEquiv>
                    <Unicode>ni firmesa mas barí.</Unicode>
                </TextEquiv>
            </TextLine>
            <TextLine id="r_2_1l41" custom="readingOrder {index:37;}">
                <Coords points="1042,1878 1069,1878 1096,1876 1123,1876 1150,1875 1177,1875 1204,1875 1231,1875 1258,1875 1285,1875 1312,1875 1339,1875 1366,1875 1393,1876 1420,1876 1447,1876 1474,1876 1501,1876 1528,1876 1555,1876 1583,1875 1583,1844 1555,1845 1528,1845 1501,1845 1474,1845 1447,1845 1420,1845 1393,1845 1366,1844 1339,1844 1312,1844 1285,1844 1258,1844 1231,1844 1204,1844 1177,1844 1150,1844 1123,1845 1096,1845 1069,1847 1042,1847"/>
                <Baseline points="1042,1868 1069,1868 1096,1866 1123,1866 1150,1865 1177,1865 1204,1865 1231,1865 1258,1865 1285,1865 1312,1865 1339,1865 1366,1865 1393,1866 1420,1866 1447,1866 1474,1866 1501,1866 1528,1866 1555,1866 1583,1865"/>
                <TextEquiv>
                    <Unicode>D. Que si te quiero, Jesus.</Unicode>
                </TextEquiv>
            </TextLine>
            <TextLine id="r_2_1l42" custom="readingOrder {index:38;}">
                <Coords points="999,1921 1024,1921 1049,1921 1074,1921 1100,1921 1125,1921 1150,1920 1175,1920 1201,1920 1226,1919 1251,1919 1277,1919 1302,1919 1327,1919 1352,1919 1378,1920 1403,1920 1428,1921 1454,1923 1454,1892 1428,1890 1403,1889 1378,1889 1352,1888 1327,1888 1302,1888 1277,1888 1251,1888 1226,1888 1201,1889 1175,1889 1150,1889 1125,1890 1100,1890 1074,1890 1049,1890 1024,1890 999,1890"/>
                <Baseline points="999,1911 1024,1911 1049,1911 1074,1911 1100,1911 1125,1911 1150,1910 1175,1910 1201,1910 1226,1909 1251,1909 1277,1909 1302,1909 1327,1909 1352,1909 1378,1910 1403,1910 1428,1911 1454,1913"/>
                <TextEquiv>
                    <Unicode>Curro mas bale callar,</Unicode>
                </TextEquiv>
            </TextLine>
            <TextLine id="r_2_1l43" custom="readingOrder {index:39;}">
                <Coords points="1000,1965 1026,1964 1052,1964 1078,1964 1104,1963 1130,1963 1156,1963 1182,1963 1208,1963 1234,1963 1260,1963 1286,1963 1312,1963 1338,1964 1364,1964 1390,1964 1416,1965 1442,1965 1469,1966 1469,1936 1442,1935 1416,1935 1390,1934 1364,1934 1338,1934 1312,1933 1286,1933 1260,1933 1234,1933 1208,1933 1182,1933 1156,1933 1130,1933 1104,1933 1078,1934 1052,1934 1026,1934 1000,1935"/>
                <Baseline points="1000,1955 1026,1954 1052,1954 1078,1954 1104,1953 1130,1953 1156,1953 1182,1953 1208,1953 1234,1953 1260,1953 1286,1953 1312,1953 1338,1954 1364,1954 1390,1954 1416,1955 1442,1955 1469,1956"/>
                <TextEquiv>
                    <Unicode>porqne voy á isparata,</Unicode>
                </TextEquiv>
            </TextLine>
            <TextLine id="r_2_1l44" custom="readingOrder {index:40;}">
                <Coords points="999,2012 1024,2011 1049,2010 1074,2009 1099,2008 1124,2008 1149,2007 1174,2007 1199,2007 1224,2007 1249,2007 1274,2007 1299,2008 1324,2008 1349,2008 1374,2008 1399,2008 1424,2008 1449,2008 1474,2007 1500,2007 1500,1977 1474,1977 1449,1978 1424,1978 1399,1978 1374,1978 1349,1978 1324,1978 1299,1978 1274,1977 1249,1977 1224,1977 1199,1977 1174,1977 1149,1977 1124,1978 1099,1978 1074,1979 1049,1980 1024,1981 999,1982"/>
                <Baseline points="999,2002 1024,2001 1049,2000 1074,1999 1099,1998 1124,1998 1149,1997 1174,1997 1199,1997 1224,1997 1249,1997 1274,1997 1299,1998 1324,1998 1349,1998 1374,1998 1399,1998 1424,1998 1449,1998 1474,1997 1500,1997"/>
                <TextEquiv>
                    <Unicode>¿no lo está chanando tú?</Unicode>
                </TextEquiv>
            </TextLine>
            <TextLine id="r_2_1l45" custom="readingOrder {index:41;}">
                <Coords points="999,2053 1024,2053 1049,2053 1074,2053 1099,2052 1125,2052 1150,2052 1175,2052 1200,2052 1225,2051 1251,2051 1276,2051 1301,2051 1326,2051 1351,2051 1377,2052 1402,2052 1427,2052 1452,2053 1478,2053 1478,2023 1452,2023 1427,2022 1402,2022 1377,2022 1351,2021 1326,2021 1301,2021 1276,2021 1251,2021 1225,2021 1200,2022 1175,2022 1150,2022 1125,2022 1099,2022 1074,2023 1049,2023 1024,2023 999,2023"/>
                <Baseline points="999,2043 1024,2043 1049,2043 1074,2043 1099,2042 1125,2042 1150,2042 1175,2042 1200,2042 1225,2041 1251,2041 1276,2041 1301,2041 1326,2041 1351,2041 1377,2042 1402,2042 1427,2042 1452,2043 1478,2043"/>
                <TextEquiv>
                    <Unicode>el sentio se me sierra,</Unicode>
                </TextEquiv>
            </TextLine>
            <TextLine id="r_2_1l46" custom="readingOrder {index:42;}">
                <Coords points="1009,2098 1034,2098 1059,2098 1084,2097 1109,2097 1134,2097 1159,2097 1184,2096 1209,2096 1234,2095 1259,2095 1284,2095 1309,2095 1334,2095 1359,2095 1384,2095 1409,2096 1434,2096 1459,2097 1484,2099 1509,2100 1509,2069 1484,2068 1459,2066 1434,2065 1409,2065 1384,2064 1359,2064 1334,2064 1309,2064 1284,2064 1259,2064 1234,2064 1209,2065 1184,2065 1159,2066 1134,2066 1109,2066 1084,2066 1059,2067 1034,2067 1009,2067"/>
                <Baseline points="1009,2088 1034,2088 1059,2088 1084,2087 1109,2087 1134,2087 1159,2087 1184,2086 1209,2086 1234,2085 1259,2085 1284,2085 1309,2085 1334,2085 1359,2085 1384,2085 1409,2086 1434,2086 1459,2087 1484,2089 1509,2090"/>
                <TextEquiv>
                    <Unicode>Curro no sé lo que digo,</Unicode>
                </TextEquiv>
            </TextLine>
            <TextLine id="r_2_1l47" custom="readingOrder {index:43;}">
                <Coords points="1010,2144 1035,2143 1061,2142 1086,2141 1112,2141 1137,2140 1163,2140 1189,2139 1214,2139 1240,2139 1265,2139 1291,2139 1316,2139 1342,2139 1368,2140 1393,2140 1419,2141 1444,2141 1470,2142 1496,2143 1496,2112 1470,2111 1444,2110 1419,2110 1393,2109 1368,2109 1342,2108 1316,2108 1291,2108 1265,2108 1240,2108 1214,2108 1189,2108 1163,2109 1137,2109 1112,2110 1086,2110 1061,2111 1035,2112 1010,2113"/>
                <Baseline points="1010,2134 1035,2133 1061,2132 1086,2131 1112,2131 1137,2130 1163,2130 1189,2129 1214,2129 1240,2129 1265,2129 1291,2129 1316,2129 1342,2129 1368,2130 1393,2130 1419,2131 1444,2131 1470,2132 1496,2133"/>
                <TextEquiv>
                    <Unicode>por que idolatro contigo,</Unicode>
                </TextEquiv>
            </TextLine>
            <TextLine id="r_2_1l48" custom="readingOrder {index:44;}">
                <Coords points="1011,2187 1038,2187 1066,2186 1094,2186 1122,2186 1150,2185 1178,2185 1206,2185 1234,2185 1262,2184 1290,2184 1317,2184 1345,2184 1373,2184 1401,2184 1429,2184 1457,2184 1485,2184 1513,2184 1541,2185 1569,2185 1569,2154 1541,2154 1513,2153 1485,2153 1457,2153 1429,2153 1401,2153 1373,2153 1345,2153 1317,2153 1290,2153 1262,2153 1234,2154 1206,2154 1178,2154 1150,2154 1122,2155 1094,2155 1066,2155 1038,2156 1011,2156"/>
                <Baseline points="1011,2177 1038,2177 1066,2176 1094,2176 1122,2176 1150,2175 1178,2175 1206,2175 1234,2175 1262,2174 1290,2174 1317,2174 1345,2174 1373,2174 1401,2174 1429,2174 1457,2174 1485,2174 1513,2174 1541,2175 1569,2175"/>
                <TextEquiv>
                    <Unicode>y eres mi Dios en la tierra.</Unicode>
                </TextEquiv>
            </TextLine>
            <TextLine id="r_2_1l49" custom="readingOrder {index:45;}">
                <Coords points="1008,2231 1037,2231 1066,2232 1095,2232 1124,2232 1154,2232 1183,2231 1212,2231 1241,2231 1270,2231 1300,2231 1329,2230 1358,2230 1387,2230 1416,2230 1446,2230 1475,2230 1504,2230 1533,2231 1562,2231 1592,2232 1592,2201 1562,2200 1533,2200 1504,2199 1475,2199 1446,2199 1416,2199 1387,2199 1358,2199 1329,2199 1300,2200 1270,2200 1241,2200 1212,2200 1183,2200 1154,2201 1124,2201 1095,2201 1066,2201 1037,2200 1008,2200"/>
                <Baseline points="1008,2221 1037,2221 1066,2222 1095,2222 1124,2222 1154,2222 1183,2221 1212,2221 1241,2221 1270,2221 1300,2221 1329,2220 1358,2220 1387,2220 1416,2220 1446,2220 1475,2220 1504,2220 1533,2221 1562,2221 1592,2222"/>
                <TextEquiv>
                    <Unicode>Bien sabes que me he ofrecio,</Unicode>
                </TextEquiv>
            </TextLine>
            <TextEquiv>
                <Unicode>en dejandote de ver.
Por que la muger que espera
á una persona y no bieno,
unos pensamientos tiene
mas crueles que una fiera.
C. Dolores no jables mas,
ni de mí tenga sospecha,
que me clabas una flecha
con ca razon que me dá.
No jables blanca paloma
que yó é de ser tu esclavito,
asta que mí cuerpesito
la ingrata tierra se coma.
No piense en eso sentrañas,
ni tenga ningun sentir,
que no te cambio yo á tí
ni por la reyna de España.
Bale mas plata y mas oro
para mi gusto y persona
que la riqueza y corona
del basto imperio del moro.
En estando tu contenta
soy un hombre poderoso,
y tengo entre mi mas gozo,
que con un millon de renta
tu cielesito, Dolores.
Cuando alegrita te hallo
me alegra a mí mas que Mayo
cuajao de todas las flores
que tiene para tu adorno.
Do sojos de terciopelo
que cuando yo lo diquelo,
dolorsiya, me esmorono.
Y si me quieres amí, 
tanto como yó te quiero
no hay amor mas berdadero
ni firmesa mas barí.
D. Que si te quiero, Jesus.
Curro mas bale callar,
porqne voy á isparata,
¿no lo está chanando tú?
el sentio se me sierra,
Curro no sé lo que digo,
por que idolatro contigo,
y eres mi Dios en la tierra.
Bien sabes que me he ofrecio,</Unicode>
            </TextEquiv>
        </TextRegion>
    </Page>
</PcGts>
