1765 2512
162 238 625 275 hable V. una palabrita
161 283 599 323 y no mesté tan callá
168 326 797 360 que me ba V. á hacer llorar,
170 372 562 406 si presige enojaita,
170 416 606 449 mirame V. por jesus,
169 455 711 493 que estando á la bera mia
171 501 525 535 una muger afligia
172 543 626 580 me pone medio baslú.
161 587 735 623 No oye osté lo que le digo?
168 635 559 670 eclare V. su pesar.
208 672 761 712 D. ¡Hombre se quiosté najá
171 719 795 758 y no hable osté mas con migo!
211 763 781 798 T. Pues que daño é cometio
161 807 721 851 pa que asi de mi se queje?
213 853 851 887 D. Cue se balla oste y me deje
169 897 658 934 que es V. mu esaborío.
213 941 481 977 T. De berdá?
212 986 496 1018 D. Balla sinó.
212 1027 791 1061 T. Criatura V. está soñando.
224 1071 839 1106 D. Lo que yó le estoy hablando
172 1117 596 1152 é fijo como el relò.
216 1159 719 1195 T. Y qué razon tiene V.
175 1205 644 1239 para desirme á mí eso?
218 1251 524 1283 D. Yo ninguna.
213 1292 783 1327 T. Hoy bengo yo de fortuna
168 1337 650 1371 me á partio esta mujer,
171 1381 655 1418 ¿quierosté que la combie?
173 1424 641 1460 salero por la espresion.
218 1468 810 1502 D. Hombre no dé V. ocacion
167 1513 687 1546 á que mi lengua estrabie.
223 1557 748 1589 T. Sabe V. que má gustao
173 1602 596 1634 su moito é preguntá
173 1645 565 1683 y la quiero combiá
175 1689 603 1723 alce V. cuerpo salao?
221 1732 795 1765 D. No gaste osté ay mas calma
183 1777 720 1813 que jayao V. mala esquina.
211 1821 826 1853 T. Sime á clavao V. una espina
174 1866 584 1898 en mitaita del alma.
219 1910 708 1942 D. Por fin yo boy á cerrá
184 1954 684 1986 toque V. suela al instante
173 1998 679 2035 y ballase V. á otra parte
172 2043 550 2076 si quiere paliqueá,
219 2086 852 2118 T. Mirusté que yo hago empeño
184 2132 804 2162 de estarme aquí en esta puerta
181 2175 680 2206 déjela V, un rato abierta
181 2221 731 2253 y no sea V. así mi dueño.
942 231 1471 265 D. Usté está dando lugar
893 275 1491 311 que benga por hay un hombre
899 323 1373 355 y el espíritu le asombre
900 366 1304 399 de la primer bofetá.
943 407 1576 442 T. No me dé V. á mí canguelo
895 452 1335 487 por la bia de un dibé
905 497 1359 530 que si doy un puntapié
899 540 1359 573 erribo los onces cielos.
940 581 1537 618 D. Sabusté lo que he pensao?
933 629 1577 661 T. El que á pensao V. bromita.
944 673 1576 705 D. Que sies V. muy tremendita,
904 716 1354 754 y ya quedó V, hajilao.
943 760 1261 791 T. Bien pue ser.
944 804 1462 837 D. Y no jable V. palabra,
908 849 1494 882 que el perro que mucho ladra
896 893 1138 928 no muerde.
944 937 1358 969 T. No muerde quisá?
940 979 1184 1011 D. Que nó?
951 1023 1579 1056 T. No me suelte V. á mí ánimá
899 1067 1400 1101 ni me ande con misterio
897 1114 1474 1146 que en poniendome yo sério
899 1158 1457 1191 todo el mundo se acoquina.
897 1201 1324 1233 Mosa morena está V.
903 1244 1378 1278 lo que yo digo es asín
895 1289 1388 1320 si V. se á buslao de mí
899 1332 1416 1365 por haber sio una muger
903 1377 1468 1409 ningun hombre con carsones
904 1420 1448 1452 aunque punte por baliente
907 1465 1487 1498 me habla á mi de esa suerte
904 1508 1388 1542 ni me dise esas razones.
907 1553 1410 1585 Si estoy como la candela
911 1596 1450 1633 que boy á arrancar á aldel,
903 1641 1307 1680 y querra la conocer
911 1686 1403 1718 al moso que V. camela.
915 1729 1511 1764 Que si es tan guapo el señor
914 1774 1374 1808 como V. niña pregona,
911 1817 1365 1854 pínteme V. su persona
906 1863 1366 1896 pa que lo conosca yó.
941 1886 1576 1942 D. Es un un moso pelirrubio
909 1951 1524 1984 que embiendo una morisqueta,
909 1995 1396 2027 al mas bonito le suerta
902 2016 1580 2071 de moquetes un dilubio.
916 2084 1410 2119 Conque najar y al habío,
913 2103 1584 2160 callar, y bamos andando
911 2148 1576 2204 que si V. cuite ablando
907 2194 1576 2249 le á dao calentura y frio.
