1737 2508
198 258 693 299 en tierra todos postrados,
192 306 659 347 que moverse no podian.
196 355 659 395 Dióles el Señor licencia
194 404 627 444 y con la saña maligna,
200 452 610 491 furiosos aprisionaron
194 500 631 539 al Redentor de la vida.
194 548 622 589 A palos, á puntillones
204 596 655 638 y á patadas lo derriban;
200 646 706 685 lo ataron de pies y manos,
212 696 589 734 juzgando se les iria,
203 744 700 780 y llevándolo arrastrando,
203 791 679 832 hácia la ciudad caminan
203 840 705 880 con algazara y estruendo,
208 889 604 929 con voces y griteria.
216 937 615 977 Entran en Jeruzalen,
213 984 723 1026 y por balcones y esquinas,
218 1033 726 1075 por puertas y por ventanas
212 1081 648 1122 unos á otros se decian
215 1130 723 1171 ya está aquí el fasineroso,
215 1178 650 1218 el que se hacia Mesías.
221 1227 673 1266 Se lo presentan á Anás,
225 1275 725 1315 y á Cristo, por su doctrina
219 1323 654 1363 y discipulos pregunta;
225 1372 720 1411 y el Cordero sin mancilla.
223 1419 715 1460 dió una sumisa respuesta
224 1468 770 1508 Un traidor con mano inicua
225 1517 697 1557 dió á Cristo tal bofetada,
225 1566 677 1606 que le cruzó la megilla.
227 1615 775 1656 Se estremecieron los cielos,
225 1662 669 1703 y el Redentor le decia.
236 1711 720 1750 en que oféndí tu persona,
234 1759 707 1799 que así maltratas la mia?
237 1806 827 1848 Sufrió allí el Señor mil burlas,
230 1856 696 1897 y Anás luego determina,
234 1906 635 1945 se lo lleven á Caifas,
237 1954 686 1993 por ver lo que él haria.
233 2002 698 2042 Le recibió muy gustoso
240 2052 679 2092 pues deseado lo habia;
235 2102 660 2139 y á Jesus le preguntó,
238 2149 679 2189 que sí era él el Mesias,
243 2197 717 2236 conjuróle por Dios vívo,
248 2244 703 2285 y el Señor le respondia:
241 2288 865 2334 tú lo has dicho, y muy en breve
250 2344 665 2383 entre nubes á la vista
906 244 1465 286 tendréis al Hijo del Hombre.
910 293 1367 335 Blasfemado ha, repetia
908 342 1379 382 Caifás: que esperais mas prueba?
916 393 1251 431 Una criada decia:
912 440 1379 478 venis con el embustero?
912 488 1379 526 á Pedro, y él respondia;
909 535 1450 576 no he conocido tal hombre,
913 583 1392 623 y luego el gallo le avisa.
915 634 1463 671 Cayó San Pedro en su yerro,
919 683 1261 721 y llorando se salia
920 730 1443 769 hecho sus ojos dos fuentes,
916 777 1408 817 dos canales sus megillas.
924 826 1390 866 A Pilato al Señor llevan,
922 875 1394 914 y este su inocencia vista,
922 926 1332 962 sabiendo ser Galileo,
921 972 1377 1010 al rey Herodes lo envia;
923 1020 1474 1060 quiso hiciera algun milagro,
931 1067 1415 1108 mas Cristo no respondia.
931 1114 1423 1156 Le trató al fin como loco
931 1168 1384 1205 con vestidura ridícula,
931 1214 1379 1253 y á Pilato lo devuelve,
942 1259 1498 1301 porque hiciera de él justicia.
939 1307 1569 1350 Mas viendo el juez su inocencia,
935 1360 1347 1398 libertarle determina,
937 1409 1373 1447 quiso darle corregido,
940 1453 1512 1494 y lo entregó á aquella inicua
939 1503 1407 1543 é inhumana gente saya,
935 1552 1419 1592 que su coraie desquitan
939 1600 1401 1639 Con una púrpura vieja.
939 1648 1433 1688 Rey de farsa lo publican,
943 1696 1449 1737 con una caña en la mano,
941 1746 1385 1786 y su santa Faz ceñida.
939 1794 1444 1835 Su sacra barba le mesan,
941 1843 1418 1883 de los cabellos le tiran,
948 1892 1465 1932 escupiéndole en el rostro,
943 1941 1375 1983 y doblando la rodilla;
951 1988 1461 2028 como á Rey le saludaban,
947 2035 1456 2079 y al darle golpes, decian;
948 2085 1359 2125 adivina quien te dió;
952 2132 1427 2173 si eres Cristo, profetiza.
953 2181 1369 2223 Una corona le trazan.
956 2230 1471 2271 con setenta y dos espinas,
956 2276 1425 2321 traspasando su. cerebro.
959 2326 1469 2371 aquellas puntas malignas.
