1765 2512
213 247 722 285 Amarrado á una columna
212 294 789 333 el que es la inocencia misma
213 344 709 381 seis verdugos lo azotaron
211 392 587 429 con rigor y tirania.
215 441 705 478 Can ramales y con varas,
207 490 685 530 garfios. cadenas impias,
220 538 749 575 cinco mil golpes le dieron,
219 586 701 624 que los huesos se veian.
221 634 673 672 Lastimose de él Pilato,
213 684 661 725 y por ver si les movia
211 733 721 768 á un balcon asi le asoma,
220 780 665 821 y Ese Homo les decia,
219 826 811 866 tened piedad de este hombre.
222 873 840 915 Y el vil pueblo á una voz grita:
224 922 776 963 crucificale, á qué aguardas?
223 972 655 1012 Por librarle, proponia
227 1019 679 1060 debia soltar á un preso
217 1070 749 1113 por la Pascua, y le pedian,
227 1118 743 1159 que á Barrabas les soltase
222 1167 680 1209 y que si asi no lo hacia
227 1216 683 1254 era enemigo del César.
235 1263 729 1301 Viendo tal mortal envidía
232 1310 705 1353 lavadas antes sus manos
225 1359 747 1402 esta cruel sentencia firma:
233 1407 831 1449 que en una Cruz muera Cristo.
227 1457 689 1499 A cuestas se la ponian,
223 1506 779 1549 y moviendole á empellones
221 1556 605 1593 á pocos pasos caia.
231 1601 749 1643 Los pregoneros clamaban,
235 1650 681 1691 y sus clamores decian:
236 1697 746 1739 ya viene el sacro Cordero
238 1746 756 1787 á ofrecer muerte por vida.
233 1794 822 1837 Cayó en tierra por tres veces,
227 1842 693 1889 y una mujer compasiva
235 1892 695 1933 con la toca que llevaba
233 1940 729 1981 su rostro sagrado limpia.
235 1989 713 2030 Llego Cristo (qué dolor!)
241 2037 693 2078 al Calvario (qué fatiga)
237 2084 741 2126 donde los crudos sayones
246 2133 719 2178 las vestiduras le quitan.
921 237 1479 276 Tienden la cruz en el suelo,
927 284 1367 325 y tres barrenos le fijan
930 333 1368 373 enclavando su persona
924 381 1481 421 con tres clavos (qué agonia!
925 430 1372 470 Le levantaron en alto,
932 480 1385 519 y cuando ansioso decia;
932 528 1523 566 tener sed, aun por mas penas,
928 574 1425 615 hiel y vinagre le aplican.
927 624 1481 662 Dos ladrones le acompañan,
928 674 1314 712 y el paraiso ofrecia
930 722 1404 760 al que pidió se acordase
938 770 1465 809 cuando en su reino estaria.
937 818 1455 857 En las manos de su Padre
939 867 1417 904 Cristo su Espiritu envia;
941 916 1398 954 luego inclinó la cabeza,
935 965 1385 1002 en señal de que moria;
939 1012 1543 1052 peñas y aun montes se parten,
941 1060 1416 1099 el sol y luna se eclipsan.
939 1108 1407 1147 Para mas mofa trajeron
939 1157 1423 1196 á Longinos, que no veia,
939 1207 1389 1244 y dándole una lanzada,
944 1255 1332 1293 el corazon le partia;
946 1300 1429 1342 de él salió sangre y agua
949 1349 1425 1390 con que recobró la vista;
945 1398 1416 1438 y reconociendo el yerro,
952 1446 1421 1487 llorando el perdon pedia
945 1496 1429 1534 El cuerpo pidió á Pilato,
947 1547 1266 1583 José Abarimatia,
943 1593 1425 1631 Nicodemus y él lo bajan,
951 1642 1355 1682 y tristes lo depositan
951 1691 1465 1728 en los brazos de su Madre,
957 1739 1422 1776 que estaba casi sin vida:
949 1786 1422 1824 todo lo insensible siente
956 1834 1378 1873 viendo llorar á Maria.
952 1883 1435 1924 A la tárde lo enterraron,
955 1932 1381 1973 y el domingo resusita,
949 1980 1413 2021 para subirse á la gloria.
964 2027 1407 2069 la cual tiene prometida
954 2074 1484 2118 á quien su ley y preceptos
951 2126 1401 2165 observase en esta vida.
797 2229 1099 2268 FIN.
244 2329 705 2371 CARMONA:=Imprenta de D. José María Moreno, Madre de Dios 1.
