1765 2512
218 301 624 338 Visitáronle los Reyes
210 349 655 387 con contento y alegria,
211 396 671 436 y al niño le presentaron
216 445 739 485 el oro, el incienso y mirra.
207 494 763 532 Trayéndole desde el templo,
211 542 705 581 se les perdió y con fatiga,
211 590 751 630 sus padres que le buscaban,
212 639 678 678 á cualquiera que veian,
215 689 726 727 le preguntaban, diciendo,
221 736 810 774 si han visto al bien de su vida.
217 785 704 823 Unas mujeres les dieron
215 835 757 872 noticias con que se animan,
215 883 807 919 y en el templo le encontraron.
225 932 703 969 que la Escritura esponia
219 980 666 1017 á principes y doctores,
223 1030 615 1065 con tanta sabiduria,
233 1077 809 1113 que á contradecir no aciertan,
225 1124 763 1161 pues confundídos se miran.
227 1173 654 1211 Su entretenido recreo
227 1221 677 1260 le encontraba cada dia
233 1270 693 1309 por los sitios escusados
236 1320 660 1356 en el árbol de la vida;
235 1367 753 1405 con las cruces conversaba,
230 1418 680 1456 y de esta suerte decia;
233 1466 649 1501 dulcísima semejanza,
232 1513 734 1549 donde fin tendrá mi vida,
239 1563 703 1601 por eso os estimo tanto,
237 1610 763 1647 cruz amada y cruz querída.
237 1657 835 1696 que me has de servir de lecho
248 1708 684 1744 en mis penas y fatigas,
248 1753 844 1791 Cumplió los treinta y tres años
243 1804 671 1841 el Señor, y determina
254 1852 624 1890 caminar á padecer:
255 1900 723 1938 con su madre lo platica.
254 1948 735 1987 Un jueves por la mañana
252 1997 673 2037 la llamaba y la decia:
249 2042 919 2084 ya es tiempo, Madre, ya es tiempo
254 2096 744 2133 de cumplir las profecias.
246 2142 766 2181 yo he de ir á sufrir muerte
256 2190 833 2231 porque el hombre tenga vida
257 2242 638 2278 Hijo de mi corazon,
255 2291 687 2330 dulcísima prenda mia,
257 2338 763 2380 que me quieres dejar sola
255 2388 727 2427 metida en tantas fatigas?
920 287 1486 327 Cristo y su Madre se abrazan
922 336 1364 375 llorando se despedian:
922 384 1406 423 mi bendicion os alcance.
929 432 1495 472 Quedaos en paz, hasta el día
931 480 1383 520 que subais á las alturas
931 529 1396 567 á estar en mi compañia.
933 577 1337 617 A su sagrado Colegio
937 624 1461 665 le dió en la cena, su misma
937 674 1519 714 carne y sangre (qué portento!)
929 723 1441 765 y lavó los pies (qué dicha!
946 771 1343 811 Un atrevido le vende
936 820 1400 862 por una infame codicia,
944 868 1453 909 que fueron treinta dineros;
950 916 1465 957 ay Dios, quien tal imagina!
931 966 1385 1004 Solo tres llevó consigo,
942 1012 1543 1053 cuando al huerto se encamina,
945 1061 1503 1102 que son Pedro, Juan y Diego,
947 1108 1439 1150 porque de testigos sirvan.
951 1158 1485 1200 Llegó el redentor al huerto,
947 1206 1455 1247 y un poco á orar se retira;
951 1254 1401 1297 hizo oracion á su Padre
953 1304 1367 1345 y de esta suerte decia:
957 1352 1441 1392 pase, señor, si es posible,
960 1402 1329 1441 este cáliz de agonia
956 1449 1484 1489 en mí; mas siempre se haga
957 1498 1401 1538 tu voluntad, no la mia.
960 1546 1417 1587 Gotas de sangre le hace
957 1595 1413 1636 sudar pena tan crecida,
955 1643 1443 1687 y un Angel se le aparece,
960 1691 1429 1733 que le conforta y anima.
968 1738 1397 1781 Partiose mas esforzado
964 1789 1367 1829 á su noble compañia,
958 1835 1526 1879 halló que estaban durmiendo
970 1886 1335 1926 y llamádoles decia:
970 1933 1452 1974 velad y atended, amigos,
970 1980 1431 2023 que ya veloces caminan
974 2027 1512 2073 los que vienen á prenderme
967 2081 1391 2125 para quitarme la vida.
967 2128 1439 2170 Llego Judas el malvado,
971 2175 1565 2218 con su infame escuadra impía;
974 2221 1505 2267 dijo Cristo: á quién buscais?
975 2273 1403 2316 A Jesus le respondian;
967 2318 1517 2368 y el Señor les dijo entonces:
976 2371 1351 2414 ego sum, y se caian
