1737 2508
1411 158 1433 310 3
125 299 651 340 y haciéndole en una tabla
132 350 557 390 un agujero cuadrado,
128 397 681 439 metio el cañon del trabuco,
129 447 594 486 y atentamente mirando,
135 495 615 535 vió subir por la escalera
140 545 603 583 dos embozados bizarros;
136 594 616 631 y ya que los tuvo cerca,
131 641 553 679 dijo Nebrón enojado:
132 687 749 728 Ahí vá aquese triunfo, jaques,
142 737 638 777 y al proviso despachados
134 786 676 826 fueron á dar cuenta á Dios
141 837 633 875 de sus culpas y pecados.
144 884 605 923 Y bajando, á la ventera
139 935 535 971 luego la ha fusilado,
139 984 550 1021 y en un palo la picó,
141 1032 573 1069 y la hizo mil pedazos.
138 1081 574 1118 Sacó su caballo fuera
142 1130 604 1166 y su trabuco cargando,
138 1176 605 1215 salió, y á poco distrito
147 1225 729 1263 con una ermita encontrando,
140 1275 534 1312 al ermitaño le dijo:
149 1323 731 1361 Haz de saber, buen hermano,
143 1369 729 1410 que soy Juan García Nebrón
145 1419 780 1458 el mismo que le está hablando,
146 1467 676 1506 y le ha contado el suceso,
155 1517 731 1555 que en la venta le ha pasado.
146 1566 672 1603 Dió la vuelta á Cartagena,
156 1614 740 1652 con un amigo ha encontrado,
156 1663 673 1701 el cual le estuvo diciendo
158 1713 640 1749 como estaba pregonado,
161 1760 593 1798 por ambas Andalucías
158 1809 679 1847 por sus feroces desgarros.
155 1858 659 1896 A que respondió Nebrón,
150 1904 723 1944 que no se le daba un cuarto:
161 1955 687 1992 Y ajustando allí una carga
161 2005 600 2042 de seda fina, por alto,
159 2053 667 2091 se partió á la Andalucia,
179 2103 693 2142 y junto á Guadix pasando,
161 2151 652 2188 en una venta una noche,
162 2201 676 2237 recogido ya en su cuarto,
863 287 1309 325 oyó golpes á la puerta,
857 337 1409 374 y al mesonero han hablado:
864 386 1309 425 caballero, por su vida,
859 434 1485 472 que le abra á un pobre anciano,
855 483 1378 521 que en traje de Nazareno,
864 531 1346 570 con un madero pesado,
859 579 1361 617 y con un hábito humilde,
865 629 1378 665 viene sus culpas pagando.
861 677 1268 715 No fiándose Nebrón,
866 727 1356 765 con el trabuco abrazado,
860 774 1389 813 abrió la puerta, y quedose
868 822 1284 861 del todo maravillado
866 872 1331 910 de ver aquel venerable
865 922 1336 959 con un madero pesado,
870 970 1332 1006 y que con voz lastimosa
875 1019 1442 1055 ha dicho: perdone, hermano,
879 1066 1398 1105 por amor de Dios del Cielo
867 1117 1374 1153 el enfado que le he dado,
867 1165 1452 1201 porque la noche es muy fria,
871 1212 1380 1249 y los años son colmados.
873 1261 1340 1298 Compadeciose Nebrón,
869 1310 1343 1347 y para cama le ha dado
873 1357 1354 1396 la capa, con que quedó
877 1409 1312 1444 el Nazareno acostado,
877 1457 1354 1493 y Juan no quiso dormir,
880 1506 1430 1541 porque andaba sobresaltado.
884 1553 1399 1589 Cuando pasando dos horas
883 1602 1362 1637 vé que se vá levantando
888 1651 1328 1687 el Nazareno, y miraba
883 1698 1401 1735 si estaba Nebrón velando.
879 1747 1470 1783 Y Juan que vido esta accion,
885 1796 1388 1835 sin menearse de un lado,
886 1846 1346 1881 estubo hecho dormido;
889 1895 1342 1931 y con el ojo atildando,
891 1942 1418 1980 vió que el hábito se quita,
887 1991 1349 2030 y las barbas ha tirado,
885 2038 1559 2077 con que quedó hecho un mancebo
890 2088 1464 2125 con charpa y coleto armado.
900 2138 1408 2174 Y arrimándose á la Cruz,
896 2186 1468 2224 vió que con grande cuidado,
