1765 2512
308 241 330 275 4
199 290 702 333 quitándole una aldavilla,
202 338 750 379 de dentro de ella ha sacado
204 386 668 427 un trabuco, y lo colgó:
200 434 726 479 abrió de la cruz un brazo,
200 483 712 528 del que sacó una pistola,
204 534 608 576 y otra del otro lado,
196 583 671 620 y tambien de la cabeza
198 630 682 670 sacó un rejon amolado.
197 677 640 719 Sin esperar dilaciones
192 726 776 770 nuestro Juan le ha disparado
195 775 695 817 con una pistola un tiro,
201 826 736 868 que lo ha dejado doblado,
199 874 699 915 y luego lo ha registrado,
200 924 712 963 y hallándole una corneta,
204 972 676 1009 con grandísimo cuidado
194 1019 690 1058 fué á la puerta, y la tocó
197 1068 686 1106 y acudieron como rayos
198 1116 712 1161 ocho de sus campañeros,
202 1163 674 1208 y tuvo tan buena mano,
204 1213 778 1259 que á cuatro dejó en el sitio,
198 1262 714 1304 huyendo los otros cuatro.
200 1310 602 1347 El ventero se quedó
198 1358 624 1400 maravillado del caso,
194 1410 744 1454 y por la accion tan heróica,
204 1456 730 1506 le ha regalado un caballo,
196 1507 692 1551 que valia cien doblones,
926 300 1438 346 y á Granada se ha pasado,
923 347 1394 391 á donde vendió su seda
921 395 1408 441 á precio muy levantado.
929 443 1269 485 Y deseoso de ver
921 491 1415 541 á sus padres, ha pasado
924 540 1404 590 á Ronda que allí vivian.
930 591 1380 638 El corregidor lo supo,
932 641 1451 685 y una posta ha despachado
920 686 1402 733 á Málaga, que le envien
925 735 1398 782 una escolta de soldados.
924 784 1400 830 Una noche, que Nebrón
930 832 1396 878 estaba jugando al cacho
927 881 1406 929 con otros amigos suyos,
921 928 1452 979 se arrojaron los soldados;
924 978 1474 1030 mas Juan que sintió ruido,
924 1026 1452 1076 diciendo, afuera, villanos,
924 1074 1372 1120 de un trabucazo mató
923 1123 1478 1172 tres ministros y un soldado.
925 1173 1482 1221 Y como es mucha la gente,
920 1222 1474 1268 se quedó el pobre enredado
920 1270 1346 1315 sin tener escapatoria.
925 1320 1376 1365 A la cárcel lo llevaron,
926 1370 1430 1414 y en un calabozo obscuro,
928 1418 1452 1462 quedó el pájaro enjaulado.
916 1469 1374 1508 Aquí el poéta promete
917 1516 1406 1558 dar un segundo traslado.
383 1820 1388 1989 Fin de la primera parte.
