1765 2512
287 238 327 276 2
191 288 563 328 A Cartagena pasó,
198 331 775 375 y en el camino ha encontrado
204 379 657 423 una venta, ya la noche
193 429 725 470 venia tendiendo su manto:
201 478 703 521 llegó Juan, pidió posada,
195 527 713 570 lo que se le fué otorgado;
199 576 668 621 y resgistrando la venta
209 624 745 666 con muy grande desenfado,
207 673 721 717 y viendo que nadie habia,
212 719 789 764 ha entrado con gran cuidado.
201 770 671 812 Preguntóle á la ventera
213 818 823 862 que hacia sola en aquel campo,
209 870 561 910 y si tenia marido:
211 917 665 956 Y ella dijo con recato,
217 965 729 1007 que sí, y que habia salido
215 1014 703 1054 á un viaje muy dilatado.
219 1064 594 1104 Preguntóle si tenia
211 1113 673 1153 un cuarto desocupado,
215 1157 843 1202 en que hospedarse, y responde,
218 1206 781 1251 que tan solo habia uno alto.
217 1258 728 1300 Dijo Nebrón lo mostrase,
221 1306 655 1351 y la mujer ha tomado
227 1354 709 1396 un candíl, detrás de ella
226 1402 781 1445 se fué, y admitió su cuarto.
217 1452 737 1493 Bajóse, y tomó las armas,
225 1500 683 1543 juntamente su caballo,
227 1548 701 1589 y en su cuarto lo metió,
229 1596 828 1638 medio por su pié ó en brazos.
226 1647 643 1687 La ventera renegaba,
227 1694 707 1736 porque subia el caballo:
233 1746 607 1788 y Nebrón la sosegó
239 1793 783 1831 con modos muy cortesanos,
236 1839 719 1883 diciendo, que él dormia
227 1889 770 1934 siempre junto á su caballo.
239 1939 656 1979 Se sosegó la ventera,
239 1985 787 2033 y Nebrón con gran cuidado
240 2033 753 2079 quedóse en el cuarto solo
244 2081 837 2128 fingiendo que se ha acostado:
246 2130 827 2175 cuando allá á la media noche
246 2179 803 2223 viene con muy lentos pasos
927 266 1401 310 la ventera; mas Nebrón,
930 314 1459 359 que de todo anda avisado,
931 362 1447 406 con muy grande disimulo,
927 410 1419 455 con el trabuco abrazado:
936 461 1455 504 ola, quién vá? preguntóle,
932 508 1460 548 y ella respondió algo bajo:
931 558 1439 600 El candíl se me apagaba,
930 605 1437 651 y yo he venido á atizarlo.
925 653 1399 700 Atizó el candíl, y fuese,
925 702 1407 749 y cortés le ha saludado,
932 750 1415 795 diciéndole, que perdone
931 799 1467 844 si en algo le ha molestado.
923 849 1369 893 Se salió del aposento,
929 898 1427 941 por la escalera bajando,
940 947 1421 989 y Nebrón por si algo via
935 994 1479 1039 á la puerta se ha asomado,
937 1045 1313 1090 y con atencion oyó
943 1088 1518 1138 que la ventera está hablando
943 1139 1497 1184 con hombres, y que decian:
938 1190 1433 1233 El pícaro ha despertado,
943 1237 1457 1283 pero la armaré con queso,
945 1285 1513 1333 para que quede entrampado.
941 1337 1445 1379 Dichas aquestas razones,
947 1383 1447 1427 Nebrón le dijo á su sayo:
946 1431 1505 1477 El que está bien prevenido,
959 1477 1529 1526 jamás vencido se ha hallado.
962 1527 1537 1573 Cuando al cabo de una hora,
954 1574 1554 1621 vé que arrempujan del cuarto
959 1625 1493 1671 la puerta, y que la ventera
958 1674 1559 1719 otra vez dentro se ha entrado,
959 1726 1425 1767 haciendo mucho ruido,
955 1771 1507 1819 y hace Nebrón que cansado
959 1821 1469 1868 pagaba tributo al sueño:
968 1869 1553 1913 viendo que no ha despertado,
964 1918 1377 1964 se salió del aposento
968 1968 1427 2011 con un paso acelerado.
962 2018 1519 2060 Nebrón se levantó al punto,
967 2067 1439 2110 y blandamente pisando,
971 2115 1437 2158 arrimóse ácia la puerta
975 2165 1467 2206 con el rejon en la mano,
