1765 2512
285 241 316 276 6
193 291 735 328 poniéndome en el bautismo
186 339 716 378 por el gusto de mi abuelo,
183 387 803 429 Juan García, y por mis padres,
181 437 732 476 cuando mayor, me pusieron
192 484 582 526 el apellido Nebrón,
183 534 700 573 de leon fuera mas bueno.
189 582 692 621 Apenas tuve tres lustros,
194 632 852 673 que son quince años mal hechos,
187 680 772 718 dí la muerte á un primo mio
185 728 674 767 por unos falsos enredos.
188 778 679 815 Supe que mi tio andaba
185 826 730 866 buscándome con estremos.
183 875 727 911 Me fuí una noche á Cañete
191 923 631 962 para matarle resuelto,
188 971 719 1009 y apenas entré en mi casa,
189 1019 758 1060 me quedé vencido al sueño
192 1068 677 1106 y conociendo mi madre
182 1118 736 1157 mi obstinado pensamiento,
185 1167 820 1207 me hinchó la escopeta de agua,
193 1216 713 1254 porque no surtiese efecto.
191 1264 586 1301 Apenas el otro dia,
192 1313 808 1354 tendió el sol sus rayos bellos,
188 1362 640 1399 salí á buscar á mi tio,
185 1410 723 1450 y apenas vi al pobre viejo,
192 1460 692 1499 cuando atrevido disparo,
192 1507 746 1547 y erró la escopsta el fuego:
190 1555 666 1594 Fué providencia divina
193 1605 726 1646 el no hacer tal desacierto,
189 1655 800 1694 dando la muerte á un anciano,
190 1702 748 1740 habiendo á su hjjo muerto.
192 1753 606 1790 Alborotado el lugar,
186 1802 708 1834 puse tierra de por medio.
188 1848 740 1885 Fuí á Málaga, donde entré
188 1897 704 1935 en casa de un caballero,
189 1947 775 1983 que este en su hacienda tenia
194 1995 738 2035 un mayordomo estrangero;
192 2044 660 2081 tuvimos unas palabras,
197 2093 680 2132 cosa de muy poco peso,
192 2142 602 2180 y me trató de rapaz,
188 2193 664 2232 yo, como era forastero,
912 295 1406 336 le quise dar á entender,
916 344 1424 381 que conociese mi aliento.
910 391 1482 431 Le dí muerte aquella noche,
916 440 1411 478 y los demás compañeros
913 488 1408 528 se fueron, y me dejaron,
921 536 1363 573 y como si nada hecho
913 585 1388 622 hubiera, me fuí á Coin,
919 634 1598 672 que hay seis leguas de por medio.
924 682 1341 721 Alegre me paseaba, v
919 731 1503 767 y una noche cuando el Cielo
920 780 1348 815 parecia que esgrimia
914 828 1462 867 contra mi, rayos y truenos,
913 874 1342 913 vino una requisitoria
924 923 1432 965 con tan profundo secreto,
916 972 1494 1013 que en una prision me hallé,
920 1021 1490 1061 sin ser de mis armas dueño.
923 1068 1372 1109 Valime de una señora,
924 1120 1456 1161 que era Doña Elvira Tello,
919 1169 1423 1206 y esta en mi prision traia
918 1217 1450 1258 á todo el mundo revuelto,
913 1266 1439 1305 y á galeras me sentencian
919 1315 1469 1352 por sus importantes ruegos.
923 1364 1503 1401 Pero por mi grande industria
924 1412 1408 1448 dispase buscar el medio
922 1461 1340 1500 mejor á mi libertad,
920 1509 1474 1548 fué engañando al carcelero,
916 1557 1408 1596 suplicándole una noche,
922 1606 1400 1645 por estar triste y sujeto,
922 1655 1390 1693 me quitase una cadena
925 1703 1441 1744 para descanso del cuerpo.
916 1751 1338 1792 Hizo lo que le pedia;
919 1801 1578 1839 mas por piedad, que por miedo.
922 1848 1496 1889 Solteme pues de los grillos,
921 1899 1552 1938 porque eran los pies pequeños,
916 1946 1348 1987 sin dificultad alguna,
923 1997 1409 2035 y ya que me vide suelto,
923 2046 1428 2084 aguardaba por instantes,
930 2094 1416 2131 que viniera el carcelero:
925 2143 1472 2181 cuando allá por la mañana,
911 2194 1503 2234 y que el alba iba rompiendo,
