1737 2508
1438 187 1459 244 7
151 245 645 283 abren candados y llaves,
150 292 752 334 y entrando el alcaide adentro,
155 343 746 384 le dí un golpe con los grillos,
155 394 766 433 y se quedó á mis pies muerto,
155 440 610 480 y quitándole las llaves,
160 488 674 528 liberté á todos los presos.
163 537 702 579 Tambien le quité un rejon,
159 586 652 628 y con este mismo acero,
161 636 677 673 por entre muchas espadas
153 682 725 723 tomé amparo en el convento
152 730 648 772 Trinitario, donde estuve,
158 780 614 819 amparado del silencio.
156 828 682 870 Don Francisco Berrandon,
159 878 718 917 que era de mi padre deudo,
162 926 629 966 me avisó de que mi tio
155 975 688 1018 ha dias de que era muerto,
161 1022 667 1067 y que al tiempo de morir,
167 1072 688 1114 viéndose en aquel aprieto
160 1120 640 1165 hizo un perdon general,
157 1168 623 1211 y con muy poco dinero
160 1217 674 1263 le hice algunos sufragios,
153 1266 710 1310 Dios le haya dado su reyno.
150 1314 630 1356 La obligacion de Jabon
157 1363 691 1407 de Cañete, y otros pueblos
155 1412 551 1453 en este tiempo traia
152 1461 663 1507 con mi caballo y dinero,
153 1506 548 1552 y todo lo necesario,
147 1556 704 1601 á Osuna, con grande riesgo.
149 1606 644 1649 Siendo Don José Clavijo
160 1655 635 1699 corregidor,pretendiendo
156 1704 578 1745 adelatar sus honores
160 1751 778 1798 con mi prision, vivo ó muerto,
156 1800 692 1843 me compró por un doblon
155 1850 734 1893 á un traidor de un mesonero.
147 1899 621 1941 Apenas entré en Osuna
152 1946 670 1991 le dan el soplo, y saliendo
145 1994 599 2037 con toda la gurullada
146 2042 640 2091 de alguaciles y porteros,
152 2091 609 2137 me cercan toda la casa
155 2141 592 2185 con indecible secreto.
881 248 1342 289 Yo que cercado me ví,
884 298 1406 341 me levanté echando retos,
881 347 1372 388 con el rejon en la mano,
888 394 1354 437 estas palabras diciendo.
884 445 1450 487 Aquel que me echare mano,
884 493 1421 533 comienze á decir el Credo.
883 543 1401 582 Mas al salir por la puerta
877 590 1442 634 tuve tan terrible encuentro,
885 639 1364 680 que se me puso delante
890 688 1361 729 el corregidor, diciendo:
880 736 1348 777 date preso á la justicia,
881 783 1408 831 y yo agravíado de aquesto,
888 832 1372 876 mano metí á una pistola,
878 882 1444 927 y asertando el tiro al pecho,
888 934 1372 976 por no dar luz el fogon,
877 982 1340 1023 allí no lo dejo muerto.
876 1032 1422 1074 Salí pues con gran trabajo,
887 1081 1394 1120 tomé la torre al convento
884 1128 1400 1167 de Victorios, donde estuve
883 1178 1410 1220 peleando cuerpo á cuerpo.
879 1226 1334 1266 Tres ministros le maté
881 1275 1488 1315 que andaban buscando medios
882 1324 1316 1364 para quitarme la vida
887 1373 1420 1416 con los mayores esfuerzos.
879 1421 1317 1461 Un ministro diligente,
888 1469 1397 1513 de gran ánimo y esfuerzo,
877 1518 1294 1559 confiado en su valor,
875 1568 1438 1614 fué su diligencia en tiempo,
879 1617 1371 1655 que me descuidé, y lo ví
879 1664 1349 1706 en el escalon postrero.
874 1712 1419 1759 Díle un golpe en la cabeza,
873 1761 1375 1807 pero fué con tal esfuerzo,
881 1810 1376 1855 que lo que subió de pies,
873 1859 1412 1903 volvió á bajar de cerebro.
866 1907 1354 1952 Me fuí á curar á Cañete,
875 1956 1386 2001 y luego así que supieron
871 2006 1313 2049 mis amigos este caso,
869 2054 1428 2099 lo han tomado por empeño.
875 2102 1432 2150 Juan Gomez el de Granada,
877 2153 1398 2195 que es mi leal compañero,
