1765 2512
237 283 278 340 8
131 317 716 407 y halle solo en vuestro amparo
139 379 594 446 consuelo en tanta fatiga;
138 427 677 492 dadme tu luz porque aciorto,
138 470 573 545 y no camine perdida.)
142 520 575 588 En esta oracion estaba;
142 568 595 634 cuanto vió de que venia
137 614 580 689 hacia ella un caballero,
145 663 593 734 que color blanco vestia,
144 713 563 775 de aspecto muy afable
151 761 561 832 diciendo con melodia:
149 804 619 870 no tengas temor, Teresa,
151 856 632 930 que yo soy el alma misma
157 904 625 983 de don Manuel que por tí
151 959 612 1029 goza en la gloria dichas:
155 1008 546 1080 Dios oyó tu peticion,
152 1057 633 1127 y asimismo Dios me envia
158 1106 611 1176 para que te desengañes.
150 1153 566 1222 Este que te persuadia
152 1195 663 1270 en mi traje, es el demonio
161 1248 621 1321 que con infernal codicia
159 1295 587 1365 quiere llevarte consigo
154 1343 599 1416 á sus cabernas ó simas;
152 1392 597 1463 ve al convento y en él
152 1445 645 1502 has las diligencias dignas
167 1480 715 1549 de cristiana, y luego al punto
162 1539 559 1606 á tu cueva te retira;
162 1591 597 1660 defiendete de los lazos
163 1638 589 1714 de esa hídra enemiga,
171 1689 674 1756 y con esto quédate en paz,
167 1723 720 1795 Dios te ayude, Dios te asista.
168 1778 650 1854 Apenas se apartó el alma
179 1823 730 1900 de este mundo á la otra vida,
175 1874 692 1952 el demonio que está hecho
179 1929 582 2002 un centinela de vista,
180 1982 700 2046 volvió á entrar segunda vez,
175 2024 589 2091 diciendo: Teresa mia,
178 2070 621 2148 este es el fiero demonio
183 2122 638 2192 que con maña discutiva
187 2174 701 2243 en sus tinieblas y asombros
184 2219 635 2296 quiere verte sumergida,
860 279 1296 377 y ser mi espíritu finge,
867 350 1377 422 que el mismo Dios le envia.
854 406 1299 466 Díjole Teresa entonces:
862 451 1357 522 luego tú, segun te esplicas
863 494 1344 567 dices no eres el demonio?
859 543 1326 610 Pues híncate de rodillas
857 593 1242 669 y pide misericordia
863 642 1360 700 á este Señor que nos mira,
866 695 1360 760 Dijo el demonio bramando:
867 740 1283 812 eso no, no lo permita
868 782 1320 860 mi altiva soberbia, que
875 837 1327 909 yo me avasalle ni rinda.
875 884 1385 957 Pues vete, infernal dragon,
870 933 1309 998 á las brasas prevenidas
881 975 1363 1049 que por tu soberbia tienes
875 1034 1349 1106 en el infierno adquiridas.
884 1078 1326 1152 Desapareció el demonio
883 1130 1378 1196 bramando como una hidra,
881 1176 1340 1251 dejando todo el desierto
877 1228 1339 1300 estremecido en sus iras.
878 1272 1369 1336 Quedó Teresa en asombro
883 1322 1275 1398 de lo que le sucedia,
882 1370 1280 1442 y armada de su valor
886 1421 1351 1489 para el convento camina,
886 1471 1289 1542 confesó generalmente
880 1517 1316 1589 y á la cueva se volvia,
886 1563 1325 1635 Diez dias no se pasaron
887 1615 1335 1689 cuando van á requerirla
891 1665 1358 1733 cuatro ó cinco religiosos,
891 1707 1347 1785 y la hallaron de rodillas
888 1758 1377 1839 difunta, y todo aquel sitio
896 1802 1335 1878 con fragancia tracendia.
894 1858 1327 1926 Al convento la llevaron
895 1908 1330 1980 con la decencia debida:
895 1952 1336 2024 sepultura la previenen:
902 2004 1360 2069 gloria á voces prodigan,
891 2049 1436 2124 y Juan de Mendoza humilde
900 2097 1395 2170 es razon que á todos pida
901 2144 1417 2226 perdonen sus muchas faltas
903 2197 1427 2281 que en estos romances cifra.
770 2257 863 2315 FIN.
262 2332 1529 2435 CARMONA:—Imp. y lib. de D. José M. Moreno, Mádre de Dios, 1.
