1765 2512
297 221 347 285 2
200 262 668 338 ella con sus dos mejillas,
212 321 641 382 dos soles consigo lleva,
208 365 698 432 dos diamantes son sus ojos
211 407 734 487 que brillan con luces bellas:
207 465 702 525 Tiene la luna en la frente,
209 516 629 580 su garzota una madeja
222 570 807 622 de oro, que á muchos hombres
221 610 650 671 pudo servir de cadena.
214 658 595 717 A orillas de si tenia
220 710 688 770 una charpa de escopetas,
215 748 896 811 y un hombre muerto en sus brazos,
217 799 670 873 cuyas heridas perversas
226 855 736 917 con la púrpura que vierten
222 904 749 964 manchan las flores y yervas.
225 950 616 1012 Estaba la triste dama
228 995 721 1062 en sollozos muy deshecha,
229 1037 883 1117 y aunque el llanto en la hermosura
229 1097 688 1158 suele estragar la belleza,
227 1146 749 1207 tambien las lágrimas suelen
233 1191 683 1252 perfeccionarla mas bella.
227 1245 660 1308 Con lastimosos gemidos
233 1293 600 1358 amorosa se lamenta
233 1340 728 1393 mirando al yerto consorte,
233 1381 711 1449 y dice con dulces quejas:
241 1434 717 1498 ¿noble dueño de mi vida,
237 1480 704 1553 amada y querida prenda,
238 1541 630 1606 iman de mi corazon,
243 1562 771 1642 de mi alma y mis potencias;
241 1637 836 1698 tú que has muerto por mi causa,
237 1679 772 1747 tambien es razon yo muera,
243 1721 798 1790 pues veo en tí, amado dueño,
249 1771 736 1841 la luz de mis ojos muerta,
245 1830 672 1883 veo quebrado el espejo
254 1873 708 1939 donde me miraba atenta,
249 1923 688 1990 veo ya el sol eclipsado,
253 1970 822 2037 pues de tu rostro se ahuyenta;
241 2016 717 2078 miro el clavel deshojado,
248 2064 778 2136 cuando yo aguardaba tierna
257 2113 732 2176 el descanso en tus brazos,
253 2157 728 2238 hoy los mios manifiestan
258 2214 656 2276 ser un funesto teatro,
259 2259 785 2328 donde la muerte se hospeda.
260 2310 756 2379 Ya se acabaron mis gustos,
919 244 1446 318 y mis congojas se aumentan,
927 299 1476 373 ya llegó el fin de mis glorias,
925 352 1442 419 ya mis desdichas empiezan;
924 394 1390 456 murieron mis esperanzas
934 452 1371 509 y renacen mis tristezas.
925 487 1443 557 ¿Dónde hallaré yo consuelo
934 533 1374 603 á tanto tropel de penas?
935 583 1398 659 solo el morir es remedio.
931 637 1361 706 Aves, animales, fieras,
933 688 1392 752 sirva mi cuerpo de pasto
934 736 1525 800 á vuestra ambicion hambrienta;
935 775 1454 845 dividid mi cuerpo en trozos.
945 824 1449 899 ¡Oh muérte cómo no llegas!
936 883 1462 948 que á la que menos te teme
943 919 1467 995 la maltratas con tu ausencia.
942 971 1446 1057 Tierra; ¿cómo no te abres?
953 1022 1535 1100 que allá en tus entrañas densas
944 1072 1386 1148 quiere verse sumergida
953 1121 1428 1192 quien tanto morir desea.)
953 1173 1334 1247 Estas palabras decia.
954 1213 1491 1292 y entre sus brazos le aprieta;
948 1267 1424 1331 mirábale el rostro helado,
944 1315 1368 1372 é inclinando la cabeza
955 1365 1400 1430 sobre el ya frio cadáver,
956 1413 1405 1487 allí se quedó traspuesta.
952 1441 1477 1535 Llegó á este tiempo el pastor
957 1516 1348 1574 diciendo; señora, ea,
960 1562 1459 1624 vuelve en tí, mira y repara
958 1600 1475 1681 que soy hombre, considera,
965 1652 1460 1721 compasivo á tus desdichas,
964 1700 1479 1775 que aquí á socorrerte llega.
977 1753 1482 1827 Viendo que no le responde,
961 1804 1385 1875 la toma con diligencia
965 1834 1552 1913 en sus hombros y á un convento
969 1895 1521 1968 de monges que está allí cerca
972 1943 1447 2014 la llevó, donde el prelado
975 1995 1423 2068 con requisito la entrega,
964 2041 1390 2121 y los padres religiosos
970 2093 1422 2161 con muchísima presteza
976 2145 1457 2212 le dan remedio y reparos,
975 2197 1452 2263 y á muy pocas diligencias
981 2245 1521 2310 volvió en sí la hermosa dama
975 2296 1462 2364 toda en suspiros envuelta.
