1765 2512
303 133 343 188 4
201 172 723 241 don Manuel que apercibido
210 230 740 293 de muchas armas me espera,
204 290 767 353 y un caballo que á los vientos
203 324 595 389 imita en su ligereza,
209 375 597 433 á las ancas me sentó,
208 425 646 486 y á Córdoba la opulenta
211 470 644 535 caminábamos, á donde
205 520 573 585 tenia su parentela,
201 569 787 636 con el intento, en llegando,
211 617 632 685 al obispo darle cuenta,
211 663 649 733 y lograr los esponsales:
205 720 715 779 pero nuestra suerte adversa
207 763 642 824 no quiso se nos lograse
204 816 693 875 una pretension tan buena.
210 861 649 927 A este desierto llegamos
201 908 636 967 en el rigor de la siésta;
203 961 567 1026 nos apeamos, y yo
209 1010 627 1061 cansada de la molostía
206 1054 631 1118 del camino, me quedé
207 1098 699 1166 vencida al sueño y apenas
209 1152 704 1220 se suspenden mis sentidos,
211 1212 782 1269 me ha entrado con vehemencia
202 1256 685 1306 entre augustias, un sueño
204 1298 633 1364 tan pesado, de manera,
212 1344 760 1416 que en su inhumano concepto
203 1396 657 1460 fué su tirana influencia,
213 1454 786 1503 que á mi amante daban muerte
209 1486 691 1554 traidores con inclemencia.
213 1539 734 1603 Quiero dar voces, no puedo;
210 1593 685 1657 quiero acudir, no me deja
207 1638 639 1701 aqueste infame letargo
205 1689 672 1751 y entre congojas y penas
206 1739 589 1798 el corazon á pedazos
204 1786 562 1846 queria salirse fuera
204 1832 670 1902 del pecho, y la garganta
200 1881 602 1938 anudada que no deja
210 1930 645 1992 los conductos de la voz
213 1979 621 2045 que se saliese á fuera:
209 2030 565 2092 cansada de batallar
206 2072 668 2138 ya el vil sueño me deja.
207 2121 641 2189 Desperté toda turbada,
210 2175 692 2232 y luego que fuí despierta
209 2223 717 2297 buscaba á un lado y á otro
929 179 1397 249 el iman de mis potencias;
922 227 1445 293 mas viendo que no lo hallé,
923 287 1379 344 el alma quedó suspensa
921 327 1381 384 y el corazon traspasado,
929 373 1478 444 la sangre helada en las venas.
924 417 1288 488 Oí decir ¡ay de mí!
927 471 1441 535 muerto soy, sin resistencia
929 523 1433 586 á vuestras traidoras manos;
930 572 1340 635 á Dios, amada Teresa,
928 619 1382 685 que ya de mi triste vida
920 664 1344 724 llegó la hora postrera.
921 713 1279 780 Acudí despavorida,
928 765 1461 833 llegué mas que viva muerta,
921 806 1533 881 lo hallé envuelto entre su sangre
924 863 1429 914 manchando la tosca arena,
924 909 1443 972 y viendo tan gran desgracia
926 956 1391 1023 le dije con grande pena:
928 1007 1498 1075 ¿quién fué el ingrato homicida
924 1053 1476 1121 que con tan grande insolencia
922 1108 1509 1160 te ha puesto de aquesta suerte!
923 1151 1407 1220 Oye, mi desdicha es esta:
922 1199 1355 1267 al sueño tú te venciste
929 1248 1430 1317 y yo á esta fuente risueña
933 1292 1423 1365 vine por un poco de agua;
922 1348 1396 1406 y estando sentadó en ella
931 1395 1401 1459 divertido en sus cristales,
927 1441 1423 1493 me acometen con violencia
931 1494 1507 1553 tu hermano y cuatro traidores,
919 1540 1330 1602 y con tirana soberbia
923 1588 1475 1651 catorce heridas me han dado,
922 1645 1473 1701 que ya por muerto me dejan.
929 1684 1391 1749 Tú del riesgo te libraste,
922 1732 1420 1795 pues no hicieron diligencia
931 1783 1445 1848 de buscarte, que unas voces
922 1838 1464 1894 que oyen á huir los empeña.
923 1875 1399 1943 No siento mi muerte, no,
922 1929 1386 1997 solo siento que te quedas
931 1976 1297 2041 en aquesta soledad,
921 2027 1335 2090 acompañada de fieras,
926 2070 1428 2139 y pues me falta el aliento,
928 2124 1443 2187 que ya la muerte me espera
927 2179 1413 2233 te pido que me perdones,
922 2218 1366 2291 porque perdonada seas,
