1737 2508
1244 236 1446 322 Núm. 88.
279 312 1392 420 DOÑA TERESA EN LA GUEVA.
146 1306 1579 1405 RELACION DE LOS VARIOS SUCESOS DE DON MANUEL DE CONTRERAS
153 1369 1579 1454 y doña Teresa de Rivera; en que se declara como don Manuel sacó á doña
154 1424 1580 1509 Teresa de su convento de la ciudad de Salamanca, y partiendo á Córdoba
278 1467 1524 1549 fué muerto en Sierra-Morena por un hermano de doña Teresa.
573 1538 1170 1652 PRIMERA PARTE.
206 1681 683 1750 En las ásperas montañas
161 1729 666 1801 de Guadalupe, que vuelan
161 1778 662 1846 por el mundo sus noticias,
158 1832 628 1894 cuya intrincada aspereza
164 1880 628 1941 quiere competir al cielo
164 1924 633 1995 sus marañadas guedejas:
173 1975 602 2033 en este áspero desierto,
174 2021 668 2087 entre sus robles y breños,
166 2069 636 2143 un pastor que ya dejaba
168 2122 621 2187 en su aprisco las obejas
165 2165 540 2239 y pasaba cuidadoso
169 2218 653 2284 á una aldea de allí cerca,
169 2267 638 2325 y para llegar mas presto
175 2314 639 2388 va por escusadas sendas,
871 1666 1406 1738 cuando ya impensadamente
882 1718 1337 1787 le sofocan y amedrentan
878 1764 1344 1832 unos ecos, que con ayes
885 1813 1433 1878 dan de algun presagio señas;
891 1859 1387 1932 quedóse el pastor confuso,
881 1914 1324 1974 y llegándose mas cerca
889 1957 1385 2026 vió una hermosísima dama
893 2005 1385 2077 que dudaba en su belleza
882 2060 1355 2125 si era-Palas en el monte,
890 2102 1339 2173 ó si es la diosa Minerva.
889 2151 1374 2225 Era en estremo tan linda,
896 2199 1442 2273 que si el mismo cielo ostenta
889 2248 1361 2321 un sol para adorno suyo
893 2296 1362 2382 acompañado de estrellas,
