1765 2512
233 177 289 236 6
135 223 573 294 y ya el astuto demonio
145 275 580 346 lleno de mortal envidia,
149 328 560 396 trabaja por derribarla
153 379 613 441 de aquesta tan justa vida;
153 420 560 489 y con diabólica traza,
152 471 597 541 para mejor persuadirla,
161 513 642 588 tomó el traje y semejanza
171 571 576 635 (como dije mas arriba,
161 609 676 671 de don Manuel de Contreras
170 666 666 723 que yace entre las cenizas,
168 716 620 779 aquel galan que Teresa,
166 763 563 822 idolatraba algun dia.
169 801 642 881 Al fin el dragon horrible
185 863 596 929 para la cueva camina,
177 899 692 977 llevando en su seguimiento
182 950 694 1023 sus secuaces que le asistan:
186 1003 674 1072 llego á la gruta em efecto,
185 1057 638 1121 que doña Teresa habita,
194 1088 703 1171 llamándola por su nombre,
202 1155 699 1210 dice estas palabras mismas.
201 1202 645 1265 ¡Oh desgraciada Teresá!
211 1233 733 1319 ¡que grande fué tu desdicha
207 1294 707 1356 pues naufragas en miserias
214 1341 646 1410 en lo mejor de tu vidal
208 1382 736 1452 Espejo en quien las virtudes
217 1436 680 1501 unas con otras se miran;
221 1491 668 1553 ¿tú ajada y tan acabada?
224 1523 698 1610 ¿cuándo tú tan abatida? 3
223 1575 743 1653 y yo (de mí desgraciadoy :
224 1628 763 1710 siempre adquiriendo noticias
227 1679 737 1750 por no saber donde estabas,
229 1729 678 1802 hasta que la suerte mia
239 1775 680 1856 quiso traerme á la vista
237 1831 720 1903 de la prenda mas querida
250 1872 702 1954 que mora en mi corazon
237 1919 725 1998 y en el alma se avecinda.
248 1970 777 2045 ¿Quién eres tú (le responde)
250 2021 758 2087 que con tan tiernas caricias
246 2064 743 2142 me tratas sin conocerme?!
259 2108 798 2190 —¿Pues qué no me conocias!
256 2164 792 2234 yo soy don Manuel, mi bien,
255 2210 754 2291 quien por tí tanto suspira,
261 2253 797 2344 quen blasonando de amante
858 182 1307 264 busca una joya perdida,
864 236 1352 318 y con la gloria de hallarla
867 285 1348 362 me prometo mil albricias:
870 333 1390 418 que como el sol de tu rostro
872 375 1356 449 es la luz que me ilumina,
866 423 1403 503 no hallarla fuera mi muerte,
872 486 1340 564 y hallándola tengo vida.
913 507 1500 603 No es posible seas quien dices
878 575 1324 652 y lo aseguro yo misma,
882 606 1431 704 porque él en mis brazos tuvo
890 673 1261 753 las últimas agonias;
885 724 1284 797 en mis brazos espiró
894 766 1366 854 por su desdicha y la mia:
892 818 1332 899 mira si asegurar puedo
894 869 1369 943 lo que mi fé me acredíta.
929 913 1394 991 Engañada estás, Teresa,
916 952 1484 1044 que aunque sin hablá me veias
906 1006 1488 1083 no fuí muerto, fué un desmayo
903 1066 1368 1138 por la sangre que vertia;
919 1118 1391 1196 y porque mejor te conste,
917 1162 1312 1234 aquí las señales mira
929 1197 1380 1278 de las heridas que tengo
929 1259 1338 1328 curadas, sanas y fijas.
957 1283 1457 1373 E¿Cómo tan presto sanaste?
926 1343 1408 1433 bien la verdad avériguas.
962 1390 1449 1477 —Un pastor que compasivo
933 1450 1304 1521 acaso buscando iba
936 1501 1337 1570 unas obejas, hallóme
943 1539 1357 1624 sin habla como veias:
939 1577 1462 1664 me tomó y llevó á un lugar
954 1634 1489 1715 que estaba de allí dos millas,
951 1687 1446 1756 volví en mí y bien curado
953 1746 1429 1812 me ví en muy pocos dias.
956 1769 1555 1864 Fuí á mi patria, y á mis padres
959 1842 1366 1911 de todo les dí noticia:
965 1879 1451 1955 vuelvo á buscarte tan fino
993 1923 1512 2002 y aun mas que el primer dia,
915 1982 1426 2056 y mis padres cuidadosos
972 2030 1379 2102 con la casa prevenida
977 2062 1530 2151 como á sus dueños te esperan
980 2126 1382 2206 y así toda mi familia.
973 2166 1466 2260 Aquí traigo muchas galas,
983 2223 1434 2307 las que quisieres aplica:
