1737 2508
1437 51 1457 105 3
152 146 670 233 Todos á un tiempo la piden
157 202 660 282 que de la forma que pueda
156 245 710 328 les cuente su amarga historia,
161 301 594 375 que ya desean saberla.
163 340 681 426 Formando un nuevo suspiro
160 399 669 474 les respondió muy discreta:
160 440 666 522 no puedo negarme, padres,
163 490 661 567 siendo justa la obediencia,
171 553 537 615 á referir mi suceso,
173 580 643 673 si acaso el dolor me deja.
173 646 604 716 En la noble Salamánca
189 676 738 763 (esta es mi patria y mi tierra)
179 731 695 815 mací de muy nobles padres;
185 782 717 867 mi nombre propio es Teresa.
187 830 675 914 Apenas cumplí tres lustros
195 878 687 968 (aquí mi desdicha empieza,
194 931 722 1010 murió mi padre y mi madre,
199 975 689 1056 Dios en el cielo los tenga..
199 1024 761 1108 Bajo el poder de un hermano
201 1078 733 1156 quedé, y al instante intenta
198 1124 625 1212 el entrarme religiosa
203 1163 679 1254 y yo fuí de esto contenta.
213 1218 731 1298 En este tiempo (¡ay de mí!)
206 1264 683 1343 un caballero (¡qué pena!)
217 1316 679 1403 galan, discreto y bizarro,
216 1363 823 1447 que es don Manuel de Cóntreras,
221 1415 696 1495 este á mi hermano le dió
217 1460 690 1540 la vida en una pendencia,
230 1505 698 1592 y mi hermano agradecido
234 1559 654 1639 y atento á tanta fineza
230 1602 720 1685 le llevó á mi casa, cuando
233 1651 750 1733 ha entrado por ella, apenas
241 1709 671 1789 él miróme y yo miréle,
235 1750 695 1828 amor disparó una flecha;
243 1798 804 1885 á un tiempo los dos quedamos
243 1859 665 1929 heridos de tal manera
242 1891 711 1983 en las coyundas de amor
251 1951 704 2029 él preso y yo prisioñera,
258 2006 688 2079 él cautivo y yo cautivá,
258 2033 799 2123 él resuelto y yo resuelta.
259 2085 822 2173 Creció nuestro amor de suerte
257 2135 815 2224 que su ardor pasó á violencia,
266 2188 786 2284 pues reconoció mi hermano
873 100 1374 192 de nuestro amor la fineza.
872 148 1456 245 Quitó á don Manuel la entrada,
874 199 1420 289 y á mí, enojado me encierra;
880 259 1284 338 valíme de una criada,
874 311 1366 391 la cual una noche ordena
875 347 1378 436 dar entrada á don Manuel,
881 404 1406 491 y en mi mismo cuarto entra
884 445 1448 530 en ocasion que á mi hermano
892 500 1257 580 el recelo no le deja
892 551 1264 626 sosegar: se levantó,
893 589 1384 687 y á mirar la casa empieza:
889 643 1376 727 mas no fué tal su silencio,
900 697 1398 774 porque al abrir una puerta
903 741 1395 825 le sentimos, y al momento
899 791 1358 870 don Manuel con ligereza
914 826 1391 917 quiso ausentarse, mas fué
916 889 1315 970 pública su diligencia,
917 933 1375 1018 porque al salir á la calle,
913 976 1425 1063 la desgracia que lo ordena,
921 1034 1333 1112 se disparó una pistola;
924 1083 1421 1161 pregon fué de mi flaqueza.
928 1119 1495 1214 Creció en mi hermano la furia,
927 1180 1389 1263 reconociendo su afrenta,
928 1225 1405 1307 de lo que fué sospechoso
936 1269 1366 1349 sacó clara la evidencia;
937 1314 1437 1397 de los cabellos me arrastra,
935 1370 1365 1455 llevado de su soberbia.
940 1422 1350 1493 A la mañana siguiente
941 1459 1489 1548 trató mi hermano (¡que pena!
945 1510 1462 1597 de llevarme (¡qué pesar!)
947 1564 1488 1645 á un convento (¡qué tristeza!
957 1617 1453 1695 violentada (¡que tormento!)
968 1661 1401 1744 para quien el alma deja
963 1716 1372 1800 en cautiverio amoroso:
966 1759 1472 1839 pero amor que no me deja,
965 1811 1414 1896 con papeles cofresponde,
971 1863 1437 1943 que nunca faltan terceras
963 1902 1413 1990 para aquestas ocasiones;
972 1955 1439 2039 y hallándome yo resuelta,
970 2000 1465 2086 ordenamos que una noche
983 2042 1497 2130 por las tapias de una huerta
976 2097 1431 2183 del convento me sacase,
984 2147 1450 2249 y logrado el verme fuera,
