1737 2508
1505 164 1541 201 7
228 201 648 270 esto solo te está bien,
229 261 625 328 no dilates la partida.
234 303 849 371 —¡Ay don Manuel, que es tarde!
234 359 776 420 —Cuál es la causa, me digas.
242 404 651 470 —El voto de castidad
236 448 747 511 que á Dios hice con fé viva,
231 504 811 556 y ya el cumplirlo me es fuerza;
235 551 679 619 la consecuencia está fija.
230 598 830 665 Respondió el demonio entonces:
237 649 625 713 escucha, Teresa mia,
233 693 693 760 ¿no me diste voluntaria
241 737 714 803 palabra y mano tú misma
244 794 761 857 de casamiento?—Es verdad.
264 838 721 905 —Luego si tú con la mia.
236 892 583 958 uniste tu voluntad
243 934 681 1003 con dulces lazos unida,
246 986 723 1048 sábete de que ya estamos
248 1038 685 1107 (segun las leyes divinas)
245 1078 715 1147 para con Dios desposados,
246 1135 714 1197 y sin que lo contradigan
243 1182 681 1251 hay nulidad en el voto;
250 1233 800 1300 que una muger por sí misma
246 1278 710 1341 sin licencia de su esposo
249 1330 663 1393 tal cosa no determina.
251 1379 740 1436 Tú por muerto me tuviste,
247 1424 652 1492 pero teniendo yo vida
246 1473 701 1538 queda el voto irregular,
246 1520 792 1574 bien la esperiencia lo afirma.
282 1570 784 1637 —Esa es cuestion temeraria,
253 1620 723 1685 que primero es (cosa fija)
252 1672 732 1737 lo divino que lo humano,
251 1723 700 1785 dicen las leyes antiguas:
257 1762 728 1829 cumplir á Dios la palabra
257 1812 773 1879 porque en todos predomina,
254 1873 766 1929 y es primero este precepto;
259 1908 739 1977 y asi á cumplir no obliga
255 1959 639 2026 la palabra que te dí,
252 2006 758 2072 porque me alienta y anima
259 2064 707 2121 el faltar las bendiciones,
263 2104 790 2166 que es el todo, segun cifran
258 2154 723 2218 las leyes del matrimonio,
256 2202 699 2265 y por esta causa misma
266 2259 785 2320 tengo ya hecho el dictámen
942 204 1367 279 de pasar aquí mi vida,
948 259 1375 320 solo por servir á Dios.
948 311 1400 369 —Teresa, ya tú deliras:
949 351 1465 413 á Dios sirve, á Dios agrada
950 400 1430 461 la muger que con medida
949 443 1326 512 á su marido le asiste
948 497 1337 557 en la miserable vida:
954 543 1392 608 si conmigo no te vienes
946 600 1353 660 será tu alma perdida;
947 639 1427 698 mira que injurias al cielo,
956 690 1501 754 y hasta al mismo Dios irritas,
946 738 1366 802 á los ángeles y santos,
951 790 1483 851 cuantos en la gloria habitan.
992 835 1498 902 —¡Ay de míl ya don Manuel,
958 887 1407 948 me confieso convencida;
956 941 1571 999 vuelve despues, que yo en tanto
961 985 1408 1049 quiero un rato recogida
954 1031 1473 1100 mirarme bien, que despues
962 1079 1339 1141 te daré la razon fija.
963 1131 1499 1188 Con esto se entró en la cueva
955 1177 1411 1235 llorando lágrimas vivas,;
960 1223 1395 1285 y tomando un crucifijo,
965 1273 1393 1333 hincándose de rodillas,
966 1331 1393 1385 y con afectos del alma
959 1370 1353 1435 estas palabras decia:
970 1427 1403 1483 CA vos celestial Pastor,
964 1465 1449 1533 vuelva esta obeja perdida
961 1520 1434 1581 buscando vuestro rebaño,
970 1563 1459 1629 pues sois autor de la vida.
970 1617 1343 1678 Amorosísimo Padre,
967 1666 1305 1726 esta pecadora hija
964 1707 1461 1776 á vuestra clemencia apela,
967 1761 1370 1818 y pues es tan infinita,
970 1811 1406 1864 Señor, tu misericordia,
974 1858 1413 1921 ampara esta desvalida..
968 1904 1461 1960 Pequé, Señor, contra vos,
971 1957 1438 2019 ciega, torpe, inadvertida:
970 2002 1432 2058 sois justiciero y piadoso,
974 2049 1461 2107 no querais quede perdida
972 2099 1444 2164 la sangre que por mí fué
982 2149 1453 2205 en vuestra Pasion vertida.
984 2199 1456 2258 Vuelve, Señor, á la vaina
974 2244 1435 2314 la espada de tu justicia,
