1765 2512
918 134 954 286 8.
272 265 707 301 este santo á mi mujer
277 314 794 349 ha venido á dar consuelo.
224 361 856 398 Alc. Que santo ni quematraca;
272 409 808 446 brutos, salvajes, jumentos,
273 456 823 492 no veis que es el Sacristan?
234 505 888 541 Todos. Y que se parece es cierto.
230 552 817 591 A!c. No á de parecer si es él:
273 601 749 641 y para dar escarmiento
277 650 717 686 á tan gran bellaqueria,
279 698 871 736 y el chasco que nos ha hecho,
280 746 810 783 sin detenerse, muchachos,
278 794 776 829 con los garrotes de recio
284 841 800 878 descargar en sus costillas
276 890 768 927 aquestos robustos leños,
283 939 761 975 y escarmentará otra vez
276 987 800 1022 de alborotarnos el pueblo.
223 1033 912 1071 Sacr. Tened la accion, y escuchad
267 1082 906 1119 lá verdad de este suceso. Baja.
280 1129 749 1167 Pasando por este barrio
282 1178 877 1215 y esta casa, en que de asiento
283 1228 694 1263 ocupa Gila preciosa,
273 1276 823 1315 para ver de esta el gracejo
278 1325 884 1358 me introduje; y de allí á poco
277 1371 871 1407 vimos á Anton que suspenso
279 1419 733 1457 venia; y cuando llamó
1004 265 1496 299 hicimos ambos concierto
1008 315 1478 349 (por ver por donde salia
1008 360 1472 395 con su genio majadero)
1015 408 1579 442 de pegarle este petardo
1005 454 1462 491 solo por divertimiento.
963 505 1647 539 Gila. Es constante: ytambien lo es
1009 552 1481 586 el fin honesto y sincero
1012 599 1548 639 de mi arreglada conducta,
1006 648 1564 684 como de mí Anton lo necio,
958 697 1588 734 Alc. Pues en tal caso, Señores,
1007 745 1568 779 retirémonos, y atentos
1007 792 1520 827 á que solo ha sido chasco
1003 841 1455 880 y puro divertimiento.
967 889 1599 926 Sacr. Ya la fiesta ha concluido,
1007 938 1483 974 y si todas las mujeres
1004 986 1562 1019 son tan falsas y embusteras,
1011 1033 1649 1070 ¡pobres maridos, pobres maridos!
972 1082 1598 1117 Gila. Válgate eso, eso te valga:
1005 1129 1468 1165 sino, llevas una tunda,
1007 1178 1581 1212 que en tres meses no te cura
1012 1225 1472 1260 el barbero de la plaza.
956 1274 1624 1310 Anton. Despejar podeis, señores;
1020 1321 1561 1357 ya la cosa está aclarada.
1001 1369 1535 1404 El susto no ha sido nada.
1004 1419 1548 1453 Adios, adios, mis señores.
756 1796 1098 1951 FIN.
