1737 2508
778 135 870 289 7
176 268 699 313 de lo mucho que te quiero
174 317 655 359 llegarte ahora á abrazar.
133 353 795 410 Anton. Esto mas miran mis ojos!
176 413 715 459 Jesus, Jesus: quien vió tal!
175 460 657 506 Hay virtud como la suya
174 510 625 553 en toda la cristiandad?
173 558 688 604 Ah! quien fuera como tu
193 607 614 652 para tal dicha lograr!
143 653 813 700 Sacr. Si yo te viera en mis brazos,
181 704 627 747 no sé si habláras mas.
193 750 703 792 Vuelve otra vez, hija mia.
142 799 776 844 Anton. Otra vez? ay, ay, ay, ay!
183 847 719 890 Hoy me quedo yo sin Gila,
187 894 687 940 que á la gloria se me vá.
156 943 743 989 Gita. Basta, basta, santo mio,
194 991 630 1036 santo mio, harto hay,
194 1037 730 1085 que el corazon en el pecho
202 1090 578 1131 de gozo se sale ya.
148 1133 760 1181 Anton. Vaya, yo voy á decirle
195 1186 570 1227 á toda la vecindad
199 1234 707 1276 lo que en mi casa sucede,
200 1282 679 1324 porque venga á admirar
196 1331 650 1373 la virtud de mi mujer,
205 1380 598 1420 y la grande caridad
202 1427 682 1467 de este santo aparecido.
211 1475 666 1517 Quiero yo que á pasear
204 1519 836 1565 lesaquen portodo el pueblo. vase.
161 1568 767 1613 Sacr. Gila se ha marchado ya.
168 1617 773 1661 Gila. Si, Sacristan de mi vida.
155 1666 779 1710 Sacr. Pues me voy á marchar:
211 1715 733 1756 dame un abrazo, mis ojos.
209 1766 629 1803 Reparatur, otro mas.
168 1811 825 1854 Gil. Tomaaun queseanseiscientos,
221 1859 624 1901 y cuida de no faltar.
159 1906 843 1949 Dentro voces. El santo vamos á ver.
178 1957 691 1998 Otros. Viva su paternidad
221 2003 752 2046 por los siglos de los siglos.
172 2051 828 2095 Sacr. Ay, que no puedo escapar!
169 2077 851 2138 Gila. Pues vuelva otra vezel santo:
217 2149 719 2198 y el chasco será engaña!
899 255 1334 298 á la junta de patanes
912 302 1429 347 que Anton trae alborotada.
861 333 1441 394 Sacr. No me alboroten á mi
899 401 1368 442 con una lluvia cerrada
903 444 1484 489 de estacazos, si á oler llegan
918 491 1442 540 que soy Jorge el Sacristan.
960 585 1452 635 Salen los Payos y Anton.
1123 687 1289 728 Cantan.
989 783 1423 824 Viva Anton Chaparro,
980 831 1383 873 Viva nuestro pueblo,
981 882 1317 925 Que goza favores
979 930 1361 969 Y dichas sin tiento.
880 975 1459 1019 Unos. Que viva el aparecido.
874 1020 1553 1068 Otros. Vamos con él por el pueblo.
877 1069 1501 1118 Gila. Eso no hay que pensarlo,
928 1116 1487 1165 que yo á mi santo no quiero
926 1167 1438 1212 que se aparte de mi casa.
886 1212 1561 1262 Anton. Calla mujer, que yo, luego
934 1268 1351 1307 te lo volveré a traer.
884 1311 1505 1357 Todos. Todos así lo ofrecemos.
876 1358 1567 1407 Anton. Vamos, muchachos, llegad.
932 1409 1443 1452 y todos con mucho tiento
938 1457 1425 1501 levantad, se nos quiebre
933 1508 1415 1549 si vá de cabeza al suelo,
939 1557 1367 1598 todos á una, cuidado,
937 1605 1383 1646 y sea alegres diciendo:
944 1652 1451 1697 que viva el santo y reviva.
1033 1744 1431 1791 Tocan, y le pasean.
1080 1841 1399 1887 Sale el Alcalde.
895 1938 1578 1988 Alcalde. Ah salvajes! que es esto?
899 1989 1505 2036 Anton. Señor Alcalde, llegad,
960 2037 1398 2081 vereis el parecimiento
959 2077 1590 2133 que me he encontrado enmi casa:
959 2132 1467 2184 yo estoy lelo de contento,
