1765 2512
874 148 940 298 6
243 279 867 315 ésta conocerá la causa ha sido,
187 327 759 365 Sacr. Pero y si me conoce?
196 375 892 413 Gila. Ay que salel ponte de santo,
246 424 683 469 y quédate muy grave
199 516 887 557 Pónese en la mesa y Gila se
439 571 650 606 Arrodilla.
193 660 878 701 Sale Ant, Vive brios que ya he sal.
247 712 887 749 por las tapias del corral: (tado
237 750 851 797 y mi mujer no parece!
243 806 839 843 malo, malo, aqui trampa hay.
196 854 858 893 Gila. Lleguen á tí mis suspiros.
187 903 887 941 Ant. Que es lo que mira! ay, ay, ay.
198 950 874 989 Sacr. Ay del Sacristan si embiste!
245 999 745 1038 Santiago, y quédate allá.
197 1047 833 1084 Gila. Tanta merced, santo;mio?
203 1095 835 1132 Anton. Pardiobre elevada está:
247 1143 801 1181 á qué santo se encomienda
257 1192 849 1229 que nunca he visto este altar?
205 1241 871 1277 Sacr. Amen, amen, que cegarás,
263 1290 753 1326 y que no le vieras mas.
219 1337 874 1373 Gila. En grande peligro estamos
262 1387 670 1422 sino usas de piedad.
217 1430 904 1471 Anton. Pardiobre, que Gila es san-
255 1481 897 1519 miren con cuanta amistad (ta,
259 1527 855 1567 ruega á Dios por mi y por ella
259 1569 811 1615 que nos quiera perdonar.
267 1620 871 1664 Que haya lengüas tan malditas
269 1675 739 1711 que me vengan á contar
254 1722 797 1760 que á mi mujer la festejan
260 1770 738 1808 el Cortante, y Sacristan!
250 1818 746 1855 Mujeres de los, dimoños,
255 1869 743 1903 si de santas murmurais,
253 1915 894 1951 qué hareis de los que son malas?
258 1963 754 2000 Perdon quiero demandar
262 2011 782 2047 de mis juicios temerarios.
208 2058 899 2096 Sacr, Ay, que se acerca, san Blas!
212 2106 868 2144 Gila. Piedad, piedad, sunto mio!
212 2156 832 2194 Sacr. No te puedo hija ayudar,
979 267 1536 309 que aunque soy santo viejo,
980 316 1439 355 estoy muerto de pesar.
938 361 1586 405 Anton. Mas parece la interumpo
979 410 1547 451 la oracion: yo quiero entrar
989 459 1479 502 y examinar la conciencia
979 507 1463 547 que me quiero confesar.
981 555 1499 596 Mas que le pediré al santo
984 603 1435 643 en lance y aprieto tal?
934 651 1551 694 Sacr. Que te vayas al infierno,
987 698 1477 739 y que no vuelvas de allá.
938 746 1561 789 Gila. Por siempre jamás amen,
983 795 1467 838 por toda una eternidad.
929 843 1555 887 Anton. Muchos años, Gila mia,
977 890 1501 932 que puedas por mi rogar.
991 939 1447 979 Los ojos quiero volver.
935 987 1545 1029 Sacr. En blanco que fuera ya.
941 1033 1628 1078 Anton. Que haré yo! tríste de mí!
989 1083 1500 1126 que no me atrevo á mirar
989 1133 1449 1173 en mi mujer tal virtud,
994 1180 1407 1220 y tan grade santidad?
950 1228 1553 1269 Gila. Harto será si en mi vida
992 1276 1407 1317 no me ves canonizar.
946 1324 1505 1367 Sacr. Ese temo yo á fé mia;
997 1372 1469 1414 y mas que se acerca ya.
1004 1420 1544 1461 Cuerpo de Crispo conmigo:
1011 1468 1383 1508 vade retro Satanás.
951 1516 1632 1558 Anton. Cielos, quien vió tal virtud!
995 1565 1465 1605 miren que elevada está!
991 1616 1469 1653 mas lo que yo dudo, es,
996 1663 1463 1701 aquel santo quien será.
939 1707 1571 1754 Sacr. Vive Crispo, soy perdido
989 1759 1455 1798 sí me quiere brujulear,
938 1806 1569 1846 Gila. Si el ingenio no nos vale,
991 1855 1387 1893 volados estamos ya.
989 1902 1493 1943 No soy digna, santo mio,
992 1951 1485 1991 que me quereis abrazar;
1001 1998 1515 2038 basta que los pies os bese.
944 2047 1465 2089 Sacr No te basta, Gila tal.
953 2097 1453 2138 Ea, levanta á mis brazos,
950 2143 1463 2193 que es un rasguño no mas
