1765 2512
826 124 914 278 4
197 259 689 301 aunque lohurte lo haré,
202 307 847 351 y comas aunque revientes. Vase.
157 353 822 398 Anton. Por siempre jamás amen.
199 403 673 446 Ahora vamos á zampar,
211 451 817 495 que despues yo lo diré. Vase.
310 523 733 562 Sale el Sacristun.
161 593 839 636 Sacristan. Si no me engaña eloido,
207 642 759 684 he sentido un no sé qué....
211 687 847 734 que Anton gruñe, y que mi Gila
208 741 537 779 enojadita se fué.
215 786 767 825 Cielos si habrá barruntado
207 834 718 873 el que yo la quiero bien!
199 880 803 921 Pero no, que ya he entendido
211 931 591 972 que disimulada es.
209 980 659 1021 Ay amorl ay Gila mia!
211 1029 659 1070 cuando te podré ver,
215 1076 675 1117 para decirte mil cosas,
219 1124 686 1163 mi consuelo, mi sarten,
209 1171 743 1211 mis alforjas, mis morcillas,
212 1220 747 1258 mis talonos y mis pies!
172 1269 832 1311 Dentro Anton Gila, au?
170 1322 656 1360 Sacr. Esto es peor;
213 1367 783 1407 cuerpo de ciispo, qué haré?
219 1413 785 1453 Si saliere y me encontrare,
213 1464 726 1501 le diré...Qué le dité?
215 1510 784 1550 que vengo; mas si me voy,
213 1558 749 1598 él no me ha de conocer?.
213 1607 820 1648 Diréle que soy su amigo
227 1654 810 1697 y haré por huir despues.
177 1704 744 1746 Dent. Anton. Ha mujer!
179 1755 675 1796 Sacr, Ay! per mi vida
223 1802 830 1843 si entro me beso con él.
228 1849 747 1893 Quenohay cama ni mesa
225 1898 773 1938 donde me pueda esconder;
219 1946 841 1987 ni para saltar la ventana?
218 1997 840 2037 mas aquí puerta se vé:
215 2044 804 2082 á ver si puedo escapar.
175 2093 875 2134 Dent. AnL. La burra albarda, mujer,
221 2142 754 2184 mira que se hace tarde.
887 248 1473 288 Sacr. Algun diablo debe ser,
929 297 1507 338 pues se mete en todas partes
941 346 1363 381 como aguja de coser.
937 391 1454 433 Quien fuera tan chiquitito
943 440 1397 479 que no se pudiera ver!
943 489 1411 527 pero entre esas cortinas
948 535 1576 574 oculto me he de poner. Vase.
896 582 1580 626 Sale Ant. Ya á Dios gracias he zan-
943 633 1576 671 muy bien, y tengo de ver (pado,
939 680 1424 718 si mi mujer es honrada,
941 729 1438 768 que el guisadillo pardiez
941 777 1461 817 que estaba bien sazonado,
948 825 1402 862 mas no se para quien.
901 872 1535 911 Sale Gila. La comula que tenia
950 919 1391 959 para mi querido bien
941 966 1449 1008 se la zampó este salvaje:
949 1015 1579 1056 y estando harto como un buey,
955 1064 1523 1104 que se esté con tanta flema!
903 1114 1557 1151 Anton. Mujer, yo voy al molino,
945 1163 1465 1207 y si puedo: vuelvo luego,
945 1211 1469 1249 y entre tanto; mujer mia,
952 1257 1592 1293 la castidad te encomiendo, Vase.
904 1302 1596 1344 Gila. Que pension que desdichada
950 1352 1440 1390 es tener marido necio!
951 1401 1445 1440 Andad, marido con Dios,
951 1449 1574 1487 que haré por vos lo que debo.
905 1499 1312 1536 Sacr. Eus, eus, eus.
911 1546 1506 1585 Gila. Quién es eus, eus?
912 1594 1402 1634 Sacr. Eus: Gila mia eus,
906 1643 1328 1681 Gila Quién es eus?
906 1689 1573 1731 Sacr. Ego sum, no te alborotes.
959 1741 1267 1777 Possum salire?
907 1789 1410 1828 Gila, Bien puedes.
909 1832 1598 1878 Sale Sacr. Domina y mas que do-
967 1883 1603 1924 salúdote con salvado (mina,
970 1931 1531 1973 de garbanzos, pie quebrado,
971 1981 1359 2021 redonda, redondita,
970 2029 1314 2069 como una pepita.
976 2075 1471 2119 Yo, señorita, me muero,
975 2123 1605 2169 siempre que en tí pensar quiero
