1737 2508
189 229 829 274 yo soy gato de enero, que todo
562 278 832 317 lo ando,
192 327 678 365 saltando y bailando
197 374 634 412 por la vuestra puerta,
191 422 568 458 cerrada y habierta,
193 471 814 505 de noche y de dia, abre María,
195 518 585 554 y porque concluya,
200 567 807 605 aleluya, aleluya, aleluya.
147 615 724 650 Gila. Señor Sacristan?
151 659 840 698 Sacr. Soy astro, galan ruñian de amor
200 710 574 746 que me dais calor:
200 758 624 794 pifano soy, y tambor:
194 806 846 841 p elaire y tundidor, señora galana
197 854 835 889 debajo de la sotana traigo lana,
196 901 658 938 que raida á tu servicio
204 949 626 986 estoy fuera de juicio.
156 997 825 1035 Gila. Quita allá, para que es eso?
147 1046 713 1083 Sacr. Porque beso y rebeso
195 1095 675 1131 la carne y el hueso
203 1141 807 1178 que en ese pecho se encierra:
199 1189 625 1226 beso la florida tierra
197 1238 711 1274 que trae sobre sí tal peso.
198 1286 698 1323 Beso, como es de razon,
195 1333 661 1371 los sentidos corporales,
206 1381 626 1419 pero no los albañales
204 1431 660 1467 que mis enemiges son.
154 1480 570 1521 Gild. Hay mas?
150 1531 574 1569 Sacr Y menos;
197 1577 656 1611 retámpagos y truenos
204 1623 804 1659 caigan de arriba y yo no viva,
206 1669 769 1707 ni mi sotana n mi manteo:
197 1716 840 1755 ay! que me bamboleo, me bam-
205 1766 839 1802 Ves aquí este Sacristan (boleo.
200 1815 732 1852 hecho por tí un estropajo,
205 1862 681 1899 calle arriba, calle abajo
199 1910 664 1947 donde mis deseos van?
204 1960 768 1996 Pues no hay cosa como ver,
196 2008 674 2045 si el cielo quiere llover,
204 2056 670 2094 levantarme de mañana,
201 2106 717 2146 remangarme la sotana
850 174 906 211 3
922 220 1435 263 y el badajo á la campana,
934 269 1487 307 toco y repico con lindo son:
927 318 1331 355 din, din, don, don.
930 361 1529 405 Ay mi sotana; ay mi manteo!,
932 407 1567 453 ay que me bamboleo, me bam-
1444 456 1575 494 (boleo,
933 506 1566 548 loco, repico y repicoleo á buenson
930 553 1489 596 din, don, din, don din, don,
927 603 1549 646 guilindin, gulindin, guilindon.
896 653 1546 693 Gila. Sacristan de mi alma
930 704 1516 743 Sacristan mio,
927 747 1569 786 señor de mis acciones y alvedrío,
929 794 1587 836 causa de mis pesares y mis celos?
939 842 1581 884 ocasion de mis llantos y desvelos,
935 889 1589 933 mas para que me canso de este
1448 938 1582 971 modo?
927 986 1591 1027 si de todas mis prendaserestodo?
884 1034 1592 1077 Dent, Ant. Ah, mujer del demonio!
882 1082 1580 1126 Sacr. Válgame san Anton, y que
1312 1131 1579 1176 asustado!
932 1181 1591 1218 por Orfeo que todo me he meado.
879 1232 1506 1270 Dentr. Ant. Ah, mujer!
895 1279 1221 1318 Gila. Ay infeliz!
889 1325 1535 1364 Sacr. Ay de mi desdichado!.
900 1371 1582 1413 Dent. Ant. No abres Gila esa puer-
887 1422 1576 1462 Sacr. Por esta puede entrar, (ta.
939 1471 1336 1508 que ya está abierta.
891 1520 1563 1558 Gila. Sacristan de mi vida
939 1569 1562 1606 ahora es tiempo
945 1619 1523 1655 de que salga ya á luz
944 1655 1591 1701 tu entendimiento. modo
887 1709 1594 1750 Sacr. Que traza buscaremos ó que
941 1757 1462 1798 para librarnos de ese toro
895 1807 1578 1846 Gila. Uno ya he discurrido..:
894 1855 1570 1895 Sacr. Dilo: no tardes tanto7
900 1903 1572 1942 Gila. Que puesto en esa mesa
935 1954 1301 1990 hagas el santo,
941 2001 1567 2039 y mirándote yo estaré elevada;
941 2043 1589 2090 el no haber respondido á mi
1401 2093 1591 2138 marido
