1737 2508
374 292 1430 380 LA ESTATUA FINGIDA
910 401 950 479 O
393 513 1413 598 JORGE EL SACRISTAN.
491 637 1320 793 La escena presentará una casa pobre.
207 858 871 897 Gila. La mujer que es desdichada
246 908 700 945 nunca habia de nacer,
249 956 762 994 y mas cuando viene á ser
254 1005 762 1042 por desdicha mal casada.
251 1053 651 1089 Dígalo, triste de mi,
255 1100 868 1138 que despues que me he casado
255 1148 736 1185 jamás un dia he logrado
253 1198 863 1234 de placer no le hay en mi.
252 1244 770 1281 Casáronme á mi disgusto
250 1293 864 1330 con un hombre que es arriero,
245 1341 860 1378 y del cual, aunque no quiero,
255 1387 801 1426 hago por fuerza su gusto.
207 1438 891 1475 Dent. Anton. Jó, mula de barrabás,
259 1487 481 1522 voto á ños.
203 1534 870 1571 Gila. Que lindo entretenimiento!
257 1583 735 1619 con la mula riñe ahora.
201 1628 756 1668 Dentro Anton. Ah, mujer!
214 1674 747 1715 Gila. Qué quereis marido?
249 1725 752 1762 Oh que carga tan pesada
249 1774 699 1811 es tener marido loco!
249 1823 891 1859 que es mucho, aunque pese poco
262 1871 802 1908 cuando la carga es pesada.
211 1920 895 1956 Dent. Anton. Ah, mujer del diablo!
211 1968 763 2004 Gila. Qué quereis, marido?
204 2018 784 2051 Sale Anton. Qué comamos.
211 2059 829 2100 Gila Y que habeis traido
262 2112 791 2149 para que comer podamos!
212 2160 900 2200 Anton Qué siempre lo he de traer?
952 854 1550 893 Gila. Y yo, mezquiua de mi,
993 902 1467 940 de donde lo he de sacar
987 951 1440 988 si vos no me lo traeis?
931 1002 1477 1038 Anton. Ola, digo, Gila mia,
987 1048 1422 1085 aquellas tripas y pies
996 1096 1536 1133 que ayer trajo el carnicero,
983 1145 1422 1181 no las podemos oler?
946 1189 1621 1231 Gila (Triste de mi, y desdichada!
987 1240 1462 1278 Por donde llegó á saber
992 1287 1442 1327 una cosa tal, señores?)
940 1334 1635 1375 Anton. Qué decis? no respondeis?
942 1388 1609 1422 Gila. Lo que yo digo y respondo,
993 1426 1608 1470 que loco debeis de ser,
994 1482 1554 1518 pues tal cosa yo no lé visto.
939 1533 1531 1571 Anton. Y viste acaso, mujer,
988 1577 1431 1616 la cestilla que te trajo
988 1625 1460 1664 el Sacristan, y despues
992 1675 1554 1713 que yo me fui merendasteis
991 1724 1473 1761 con muchísimo placer?
940 1770 1594 1811 Gila. Qué Sacristan, ni que acá?
994 1822 1470 1859 (Algun diablo debe ser,
994 1864 1592 1906 pues sabe todo lo que hago.)
941 1916 1613 1957 Anton. Comamos, que se yo que
995 1967 1444 2004 teneis algo reservado,
993 2017 1498 2052 porque quiero ir á traer
995 2060 1491 2099 la talega del molino
997 2109 1557 2150 porque tengais que comer.
956 2161 1629 2201 Gila. Por no oir tan mala lengua,
