1688 2452
1312 156 1612 309 (Número 209.)
684 1094 1310 1139 PASILLO
936 1168 1001 1208 DE
377 1302 1616 1361 DIEGO CORRIENTE.
843 1480 1087 1540 PERSONAS.
488 1552 1427 1618 GASPAR, DIEGO, CONSUELO Y EL RENEGAO.
250 1667 928 1706 C. Tio Gaspar, si algun encuentro
305 1715 755 1753 habrá tenio esgraciao.
259 1764 904 1801 Gasp. Pue ser; pero ayé meijo
305 1813 879 1850 y lla desde encima el caballo
312 1860 812 1898 jasta mañana en la tarde,
305 1908 748 1946 güena salud tio Pelao;
303 1958 740 1994 y tomó po esas laéra,
305 2006 793 2047 erechito á los Palacio
313 2054 924 2093 quiea Dios darle güena suerte
311 2100 863 2138 que es un mozo muy onrao.
268 2149 927 2187 Cons. Naide jabla mal de Diego
312 2196 927 2235 no es verdá, Diego no es malo
316 2245 915 2285 siempre anda por los caminos
316 2295 859 2343 y á naide le jase daño
1035 1672 1651 1710 er cuando un rico se encuentra
1037 1721 1459 1758 si acaso le quita argo
1031 1770 1548 1808 es pa socorrer los, probes
1041 1819 1554 1856 que estan mas necesitaos,
1048 1866 1548 1902 quie oste creé tio Gaspar
1036 1913 1627 1951 que en el tiempo que le jablo
1035 1961 1448 1997 solo cuatro frioleras
1046 2008 1504 2048 es lo que má arregalao;
1036 2058 1416 2093 su fartiquera vasia
1045 2106 1611 2152 nunca tiene un ochavo.:
1007 2156 1597 2200 Gasp. Nunca?
1002 2204 1586 2242 Cons. Y yo le alabo ergusto
1042 2254 1540 2289 yo como, é lo que trabajo
1048 2304 1445 2343 y le igo que socorra
