1680 2440
850 134 874 284 8
206 263 712 299 ¿aonde está corazon mio?
212 311 714 349 güerbe á recobrá tu brio;
200 359 628 396 la sereniá me barga.
212 407 787 446 ¡Ay! ya la vó se me embarga,
200 453 682 492 la vista se me oscurese,
207 502 722 540 la lengua se me entorpese
209 550 621 589 y se me vá la razón.
215 599 687 638 ¿Aonde está mi corazon,
204 647 704 685 que te busco y no paese?
213 695 595 731 Corazon mio, való?
208 744 652 779 jasta aqui no tá fartao
205 792 754 831 ya á probarte ha comensao,
202 841 670 879 atra no te güerbas, nó,
209 889 625 924 dos dias mas y acabó
215 937 675 974 ya pa siempre tu pená.
213 985 697 1022 ¡Ay! no me jagas temblá
182 1034 808 1070 cuando escuche entre la jente:
211 1082 830 1118 «¡Po er arma é Diego corriente
203 1129 666 1165 á quien ban ajusticia!»
199 1177 652 1213 Adios mairinita, adios,
208 1225 723 1263 adios, adios, mi Consuelo,
167 1275 746 1310 : tu amparo quea en er sielo
204 1323 652 1359 deje ayí no mira Dios,
207 1369 633 1406 nos separan á los dó
186 1418 768 1456 cuando er sielo nos unia....
197 1466 688 1504 murió la esperanza mia
210 1514 616 1550 pa nunca ma revivi.
205 1563 647 1602 ¡Ay me yeban á morí!
215 1610 727 1650 ponte luto siquiea un dia.
287 1660 713 1696 El Escribano, (lee)
165 1708 728 1745 Did.. El Rey nuestro Señor,
201 1757 719 1793 Monarca justo y clemente,
936 259 1394 295 queriendo inmortalizar
931 307 1441 343 con un recuerdo solemne
933 355 1516 392 el nacimiento de un principe,
943 402 1491 440 que al cielo benigno debe
930 451 1528 487 en cada Audiencia de España
929 499 1487 535 indulta á un reo de muerte
932 548 1452 584 la suerte aqui ha decidido,
933 598 1479 636 y pues que ella os favorece
927 645 1432 678 en nombre del soberano
927 692 1514 728 libre estais, Diego Corriente:
887 741 1245 778 Dieg. Consuelo!
896 789 1344 828 Cons.¡Diego!.
891 837 1512 874 Dieg. La muerte cerca me ví,
937 886 1341 923 y con valo la esperé
932 934 1400 969 si ella me respetó. fué,
937 981 1427 1020 por que Dios lo quiso así
935 1030 1381 1066 de vera me arrepentí
939 1077 1357 1113 ya esa via se acabó.
933 1127 1551 1164 ¿Quien á enmendarme ha metio
938 1174 1450 1207 lo que Dios ha establecio?
938 1221 1442 1259 Daré ár probe de lo mio,
943 1268 1452 1306 que ar rico Dios se lo dió.
944 1318 1396 1354 Pa tí viviré, Consuelo
939 1365 1390 1402 tu gusto será mi afan:
945 1414 1390 1451 con envidia nos verán
936 1460 1505 1500 los ángeles desde el cielo.
939 1510 1511 1548 Ya se acabó en este suelo
930 1557 1420 1595 aquer que á naide temia
935 1606 1407 1644 aquer que en andalusia
944 1654 1434 1692 por los caminos jandaba,
934 1702 1455 1741 er que á los ricos robaba,
935 1753 1405 1794 y á los probes socorria.
805 1912 929 2066 FIN.
526 2282 1064 2319 CARMONA:—1859.
160 2321 1567 2372 Imprenta de D. José María Moreno. Calle Juan de la Cabra, núm. 4,
