1289 1751
507 130 629 169 3
145 177 790 236 el modo no lo alcanza mi porfia
155 220 954 285 de hablarla, por poder (ay suerte impia!)
155 271 877 334 en santo casamiento (ay desdichado!)
154 321 808 382 lograr en su belleza mi cuidado.
154 367 865 429 Mirad ahora, amigo, en tanta pena
159 411 1001 479 que hará un alma, que vive de ella agena!
120 459 938 533 Sac. Eso decis? callad, que he discurrido
171 509 929 578 un arbitrio el mayor que habreis oido:
176 558 1027 627 él, como me habeis dicho, es gran solfista,
166 614 845 674 y así porque se logre á letra vista,
167 658 987 724 sabed tambien que es grande amigo mio,
182 711 842 771 y de ordinario es de quien me fio
184 760 827 823 para los villancicos que tenemos;
188 806 953 870 y tambien, si los dos juntos nos vemos,
178 856 955 918 un Parce miqui en tono comenzamos,
188 904 889 965 y cantando los dos nos las pelamos.
196 956 845 1011 Y así venid conmigo con cuidado,
196 996 960 1065 que hemos de entrar allá y embelesado
193 1047 929 1111 luego al punto en papeles diferentes,
194 1094 1019 1161 vereis que tiene el alma entre los dientes;
195 1155 723 1212 con que así al descuidillo,
203 1202 821 1260 á ella os llevareis por estrivillo,
208 1246 949 1311 que no dudo, si el caso no se arruga,
214 1288 1025 1358 que al compás de la solfa hareis la fuga.
169 1333 1069 1408 Ger. Vida me has dado: vamos luego al punto.
165 1382 1123 1458 Sac. Venid luego á su casa. Ger. Mas pregunto,
223 1430 1087 1502 que en fin, mientras él canta, he de roballa?
169 1479 1119 1554 Sac. Si, amigo, aunque el Vejete es un Audalla;
223 1530 1017 1600 pero no temais nada, no os dé espanto.
181 1575 1107 1652 Ger. Ay divina Mencía lay dulce encanto! vanse.
174 1625 1083 1702 Sale Vej. O cuidados de aquesta vida humana!
