1283 1743
286 78 1127 264 Salen Gerundio y Sacristan.
234 345 756 396 Ger. Sacristan de mi vida!
232 398 617 445 Sac. Qué me dices?
234 428 1031 491 Ger. Amigo, amigo! Ay ansias infelices!
240 474 1069 542 Sac. Deja ya tanto amigo, y dime el caso.
235 521 1208 591 Ger. Has de saber amigo, que me abraso! Ay que
279 576 999 639 me quemo! Sac. Tente por tu vida.
242 618 1197 688 Ger. Ay que rabio de amor! Sac. Linda partida!
284 678 927 735 Acaba de decir tu pensamiento.
246 719 1108 786 Ger. Pues si lo he de decir, estame atento.
294 772 1039 831 Has de saber que todo mi quebranto,
296 822 1035 880 mi pena, mi dolor, mi ansia y llanto,
306 874 947 928 es por la hija... Pero no prosigo.
298 920 969 977 Ay amigo del alma! ay fiel amigo!
260 968 1035 1030 Sac. Baste ya de la chanza y la rencilla,
317 1018 1011 1077 y esplicate en lenguage de Castilla,
320 1056 1187 1125 que hasta ahora vascuence me has hablado.
265 1109 1129 1176 Ger. Pues si lo he de decir, id con cuidado.
322 1163 1033 1222 Como digo, yo adoro por mis males
317 1218 933 1270 á la hija de Ortuño Cigarrales,
316 1266 943 1318 Maestro de capilla en esta villa,
322 1309 1063 1367 que fuè llamado aquí con campanilla;
323 1360 995 1414 ella me quiere, yo la adoro á ella.
321 1405 1075 1464 Ay amigo del alma, que es muy bella!
336 1455 1019 1511 Ya tengo yo dispuesto ir á su casa
337 1506 1031 1561 (mirad si mi fortuna es bien escasa)
333 1567 747 1612 á sacarla esta noche;
333 1598 1173 1659 mas como pobre soy, y no ando en coché,
