1236 1725
617 59 727 98 7
209 114 1050 150 Vej. No veis aquesta clave? Mas qué digo?
246 164 492 200 Ola, Mencía.
636 163 1036 199 Menc. Señor padre.
208 212 470 249 Vej. Al lado.
607 212 1136 248 Ger. El Vejete es un lince.
213 262 623 297 Vej. ld con cuidado.
956 260 1108 297 cantan.
243 310 768 345 Ay Francisco, que tienes!
252 358 1030 395 ay que gracia, Jesus! que gracia tienes!
212 408 815 445 Ger. Sigueme, que ya es hora.
213 456 616 492 Menc. Vamos luego.
992 459 1118 493 vanse.
215 506 1118 542 Vej. Tened por Dios: parece que estais ciego:
251 555 1006 590 si no entrais en compas! Ola, Mencía?
247 603 965 641 Pero á dónde te has ido, vida mia?
207 654 832 688 Sac. Ay Erancisco, que tienes!
211 701 950 735 Vej. Ha Mencía? Mencia? Callad digo.
207 750 1116 786 Sac. Ay que gracia, Jesus! que gracia tienes!
215 797 1021 835 Vej. A donde se habrá ido aquel amigo?
215 847 850 882 Sac. Ay Erancisco, que tienes!
223 894 874 931 Vej. En confusion me ha puesto.
258 944 1025 980 Sabeis do está Mecía? Que es aquesto!
207 994 1115 1029 Sac. Ay que gracia, Jesus! que gracia tienes!
225 1041 1085 1081 Vej. Callad con bercebú, que me amostazo.
211 1091 756 1129 Sac. Oid que ya le entono.
227 1138 631 1175 Vej. O que pelmazo?
215 1189 854 1225 Sac. Ay Francisco, que tienes!
263 1238 1047 1274 Ay que gracia, Jesus! que gracía tienes!
232 1285 1174 1325 Vej. Dejad ya de cantar, que en lo que muestro,
267 1334 767 1374 me han robado mi hija.
216 1382 606 1419 Sac. Seor Maestro,
267 1431 1057 1469 aguardad, que ya voy entrando el paso.
224 1480 954 1516 Vej. Eso decis? de cólera me abraso.
264 1529 1042 1565 Allá dentro he de entrar, Ola, Mencía?
261 1579 1059 1616 Aguardad, que ya salgo. Ay honra mia!
