1283 1743
640 94 806 133 4
269 144 1039 194 no he descansado un dia en la semana.
267 195 1001 242 Como me hallo Maestro en esta villa,
271 245 927 294 y me tienen metido en la capilla,
276 293 933 341 todo el dia revuelvo mis papeles,
277 342 1005 390 que parezco á Cacúm con arambeles,
277 390 963 436 sin tener un ochavo en mi bolsillo,
277 436 1051 485 que vengo á ser el sastre del Campillo.
275 486 1041 538 Qué falta me hace el Sacristan amado,
278 535 1100 585 que es solfista, y si yerro, me habla claro!
277 585 967 631 Tengo ahora una obrilla razonable,
285 632 997 683 y probarla quisiera. O cuan estable
285 680 925 730 es de mi habilidad la vigilancia,
288 729 1058 777 pues merecia estar por Par en Francia!
287 783 831 826 En mis obras no hablemos,
295 827 970 876 que los de habilidad eso tenemos.
297 874 1135 923 Ola Mencia? hija? Sale Menc. Señor padre,
292 929 840 974 qué es lo que manda usted?
260 980 699 1027 Vej. Toda á su madre!
299 1022 987 1071 Dios te bendiga: miren los ojuelos?
299 1069 1083 1122 pues su madre era así: valedme, cielos!
299 1120 1086 1168 No me acordeis de aquella prenda cara
303 1170 995 1218 la belleza! que poco que ella usára
314 1218 937 1265 el tontillo, la gala, ni otra cosa!
299 1262 1157 1314 No lo hubo menester, porque era hermosa.
317 1312 1059 1364 Ay hija! no olvideis su trato en nada.
265 1358 1219 1414 Menc. Señor padre, siharé. Vej. Eso me agrada,
307 1410 1223 1460 Han venido á buscarnie? Menc. Señor padre,
311 1470 611 1509 no han venido.
274 1515 937 1561 Vej. Hasta en esto es á su madre,
317 1555 1079 1609 qué se entiende, saber ella de mundo!
316 1606 1149 1659 lo que pasaba en casa. Es muy profundo
