1154 1679
501 109 648 151 6
139 164 783 202 mirando este papel semicopado.
92 210 1061 250 Ger. Mencia, estáavisada. Menc. Ya te entiendo.
91 262 1029 298 Ger. En avisando yo. Menc. Eso pretendo,
95 312 497 348 Sac. Es lindo papel.
595 309 938 345 Vey. Es elégante.
144 358 788 396 Ola, Mencía, ponte aquí delante;
144 407 750 443 no te retires, hija, por tu vida.
93 456 704 493 Menc. Señor padre, aqui estoy.
104 505 550 543 Vej. O qué entendida?
141 555 937 589 Su madre ella por ella. ld prosiguiendo.
87 603 951 640 Sac. La letra me decid, que no la entiendo.
114 653 713 690 Vej. Ay Francisco, qué tienes,
145 702 954 740 que tienes! Jesus, que gracia que tienes!
148 750 800 786 Y en este compasillo id avisado,
145 799 874 836 para que aquel pasage que he ligado,
155 849 852 883 camine con bemol, y mi corchera,
145 896 869 931 en entrando en cruzado, salga fuera.
101 944 513 980 Sac. Ya lo entiendo.
107 992 724 1028 Ger. Que en fin he de lograrte?
101 1041 1061 1077 Menc. Dueño del alma, si. Ger. Quiero abrazarte,
106 1089 821 1125 Vej. Mirad esta patilla. Ola, Mencía?
101 1140 494 1175 Menc. Señor padre.
599 1139 898 1175 Vej. A mi lado.
103 1188 471 1224 Ger. Ay tal porfia!
106 1236 949 1274 Sac. Empezad á cantar, que yo acompaño.
115 1284 987 1322 Vej. Pues para acompañar bien teneis paño.
149 1334 482 1370 Dice la letra así.
584 1332 1071 1368 Sac. Bien me previenes.
111 1381 1020 1418 Vej. Ay Francisco, qué tienes, ay qué tienes?
104 1429 948 1467 Menc. Y como ha de ser, dime, la partida?
107 1476 1068 1516 Ger. En la ocasionserá. Menc. Pues por tu vida
150 1528 1068 1568 que sealuego al punto. Vej. Id con cuidado,
162 1577 895 1616 que aquel remifasol lo habeis errado.
96 1627 951 1663 Sac. Como errado? tened por Dios, amigo.
