1113 1736
498 155 636 191 8
81 207 1033 247 Sac. Pues se entró, yo mevoy, porque en saliendo,
115 256 857 294 conozca don Ortuño que lo entiendo.
104 325 1008 365 Vase, y sale el Vegete con espada y broquel.
92 393 662 430 Vej. Ah perros, vive crispo,
128 442 937 479 que me la habeis armado! Quien ha visto
129 491 890 525 tal engaño? O maldad! Y quien creyera
123 539 914 577 de nuestra amistad grande tal quimera!
118 587 786 624 Irélos á buscar, ya que mi honra.
128 637 871 674 con Francisco que tienes se deshonra.
79 686 597 722 Ger. Téngase por su vida,
858 688 994 727 Salen.
116 735 901 775 y pues ya no hay remedio en la partida,
117 785 873 826 sepa que es mi muger su hija amada,
126 833 789 871 pues se halla conmigo desposada.
89 881 608 918 Vej. Este, hija, es el pago
128 930 899 969 que en vos hallo, decid? Aqueste trago
125 980 812 1018 de mi vida quedaba por tu cuenta?
77 1028 717 1063 Menc. Señor padre, que quiere?
76 1076 489 1111 Sac. Pues su afrenta
124 1125 758 1162 satisfecha está ya, sean amigos.
89 1174 612 1213 Vej. Pues séanme testigos,
129 1222 864 1259 que se salió de casa. Que ruin trato!
80 1269 860 1307 Hasta en esto á su madre es un retrato.
76 1320 875 1358 Ger. Célebrese la burla, porque cuadre.
84 1368 585 1407 Vej. Hijos quereis bailar?
81 1418 533 1454 Menc. Si, señor padre.
76 1467 773 1506 Canta Vej. Quien se fia de amigos,
245 1514 614 1553 no anda acertado;
243 1564 735 1605 porque el mas fiel amigo
251 1613 596 1651 suele dar chasco.
414 1667 713 1707 FIN.
