1765 2512
534 292 1001 325 Cuando veo una Tereza
489 337 939 369 se me representa Juana,
490 379 1080 415 tengo mi amor puesto en Rosa,
488 423 1010 457 mas yo quiero a Feliciana.
172 510 672 547 Las Dolores, con fraqueza,
134 555 538 588 es el lucero del alva,
126 598 594 632 Antonia es una princesa,
128 642 600 675 á Melchora diera el alma
126 685 577 718 cuando veo una tereza.
181 730 739 764 Viene el sol con grande maña
126 772 624 809 y le salgo á su encuentro,
128 816 564 849 la Pilar es buena dama
132 859 596 896 con Pepita fuera al cielo,
124 903 582 940 se me representa Juana.
898 510 1359 546 Encarnacion primorosa,
853 555 1353 590 por tu persona me muero,
851 598 1395 633 y aunque Gertrudis hermosa
856 641 1269 674 es ángel del alto cielo
860 685 1439 720 tengo mi amor puesto en Rosa.
902 727 1350 766 Vicenta, si te alcanzára,
856 773 1285 808 prenda de mi corazon,
855 815 1274 850 te diré de buena gana,
852 860 1374 897 que eres linda como, el sol,
854 904 1335 938 mas yo quiero afeliciana.
527 992 925 1024 Dueño mio, si te vas
479 1037 913 1068 me dejas desamparada
477 1080 890 1111 dime si me escribirás
471 1123 931 1159 para saber dónde paras.
172 1211 607 1248 Qué triste me dejarás,
123 1254 526 1289 miraré y no te veré,
120 1296 516 1336 no cesaré de llorar,
120 1341 506 1377 tan sola me quedare,
122 1385 480 1419 dueño mio si te vás.
170 1427 642 1467 Mis ojos vueltos en agua,
120 1473 504 1507 mi corazon dolorido,
116 1517 572 1551 me quedo desconsolada,
122 1559 618 1598 anda con Dios, dueño mio,
127 1604 568 1639 me dejas desamparada.
888 1209 1320 1246 De mí no te acordaras,
849 1254 1279 1287 yo muriendome por ti:
850 1299 1276 1331 pienso que me has de olvidar,
852 1342 1304 1376 tengo penas mas de mil,
847 1386 1249 1418 dime si me escribirás.
889 1430 1331 1462 Me quedaré desmayada
846 1474 1278 1506 cuando no te vea á tí,
839 1517 1289 1549 dueño mio de mi alma,
847 1560 1393 1592 que escribas pido, ¡ay de mi!
834 1604 1290 1638 para saber dónde paras.
511 1692 997 1726 No te olvido, prenda mia
475 1738 955 1771 soy tu amante verdadero;
482 1781 986 1812 aunque me ausente de esta
467 1823 1019 1858 pierde cuidado, que vuelvo.
162 1910 598 1946 Todas las horas del dia
122 1957 610 1990 se me van á mí en pensar,
113 2001 522 2034 clavellina distinguida,
120 2045 630 2077 que siempre te he de amar,
118 2087 572 2120 no te olvido prenda mia.
155 2131 657 2164 Con las estrellas del cielo
120 2175 562 2208 yo te tengo comparada,
124 2219 590 2251 ven acá hermoso lucero,
115 2263 708 2295 que en mi pecho estás grabada
111 2307 585 2342 soy tu amante verdadero.
888 1911 1298 1946 Eres la rosa mas bella
843 1956 1292 1988 que járdines puedan dar
842 1999 1308 2035 no tengas tu tal tristeza,
836 2042 1232 2075 te tengo de consolar
844 2086 1346 2120 aunque me ausente de esta.
883 2129 1334 2166 Te escribiré con anhelo,
842 2174 1218 2208 mis cartas recibirás,
842 2218 1224 2252 á ti solita te quiero,
841 2261 1263 2293 yo te tengo que adorar
832 2307 1352 2343 pierde cuidado que vuelvo.
