1737 2508
580 302 1042 337 A Dios, hermoso lucero,
542 345 976 380 manojo de clavellinas,
544 388 1108 425 á Dios, que por ti me muero,
537 433 974 466 me despido, duma fina.
232 514 684 553 A Dios le suplico y ruego
178 558 595 596 el gozar del amor fino,
178 602 694 640 con tus brazos fuera al cielo
187 645 698 685 ¡éste es mi clamor continuo!
184 690 590 727 á Dios hermoso lucero.
224 734 614 772 Con esa cara tan fina
176 777 630 814 y ese cuerpo tan salado
172 820 579 858 mi ilucion entretenida
176 864 594 904 mirando á todos lados,
175 907 596 947 manojos de clavellinas.
946 523 1423 560 El sentimiento que tengo
899 564 1279 599 yo te lo voy á decir
900 608 1361 646 es que por ti me desvelo
908 653 1394 691 y no puedo estar junto á ti,
904 696 1418 736 á Dios que por ti me muero.
950 740 1438 781 Mi pensamiento se inclina
904 784 1324 824 á decirte eres gallarda,
896 828 1292 866 esa ropa que domina
898 872 1324 912 tu cintura enamorada,
900 916 1322 954 me despido, dama fina.
576 1003 1008 1037 Tu eres falsa para mi,
524 1046 1016 1079 yo falso para ti no he sido
520 1088 964 1122 mi corazon tú le tienes
524 1132 938 1167 tratamelo con cariño.
211 1213 579 1252 Esto te lo digo á tí
172 1258 544 1294 te hablo con lealtad,
167 1302 600 1339 sabes que muero portí
171 1343 598 1385 y me tratas de olvidar,
174 1389 574 1426 tú eres falsa para mi.
215 1433 735 1470 Cuando te veo me humillo
165 1476 638 1514 tengo penas mas de mil,
160 1521 643 1557 lloro, me quejo y suspiro
158 1563 662 1603 no hay consuelo para mí,
159 1607 704 1648 yo falso para tí no he sido.
932 1222 1360 1261 A mi persona la vendes
888 1267 1292 1303 ingrata y sin lealtad,
884 1310 1442 1350 sabiendo que aquí me tienes,
891 1354 1378 1392 por lo que quieras mandar,
891 1398 1331 1434 mi corazon tú lo tienes.
937 1443 1509 1480 Cuando á tu sombra me abrigo
892 1485 1361 1524 yo digo que eres un cielo,
887 1528 1425 1569 y siempre estoy de continuo
881 1571 1351 1614 en tus brazos prisionero,
888 1616 1302 1654 trátamelo con cariño.
554 1700 859 1734 No sé si la diga estrella;
511 1744 867 1778 ó si la diga lucero;
509 1787 910 1823 la diré sol hechizado,
511 1831 957 1868 hermosa luna de enero.
198 1913 720 1955 Digo que mi dama es bella,
156 1956 615 1996 no me canso de alabarla,
147 2001 644 2041 mi objeto todo es con ella,
154 2044 638 2085 mi alma tengo encantada,
152 2088 598 2125 no sé si la diga estrella.
195 2133 625 2170 A una muger la venero
148 2176 501 2212 con tanta idolatria,
145 2221 646 2258 no la olvido, antes muero
142 2263 576 2303 no se si la llame vida,
148 2307 516 2345 ó si la diga lucero.
915 1924 1443 1964 En un jardin me he parado
878 1967 1308 2006 á ver claveles y rosas,
876 2011 1458 2053 no la encuentro de mas garbo,
876 2054 1424 2096 mi dama es la mas hermosa,
878 2099 1258 2135 la diré sol echizado.
912 2145 1458 2182 A tus pies con grande anhelo
865 2187 1371 2225 me he llegado á arrodillar;
873 2231 1348 2267 para mi eres ángel bello
876 2274 1319 2312 que yo te quiero adorar,
875 2319 1328 2356 hermosa luna de enero.
