1765 2512
575 302 1095 338 ¿Como puédes, linda dama,
531 346 987 379 el decir que no te quiero,
528 390 1066 425 sabiendo que soy tu amante,
529 435 1029 468 por tu persona me muero?
222 521 702 554 Mi corazon bien te llama
180 565 610 599 todas las horas del dia,
182 608 718 643 dónde estás, prenda adorada,
178 652 676 687 te quiero y has de ser mia
173 697 697 730 ¿como puedes, linda damax
220 738 594 772 Eres rosa, del deseo
180 783 580 816 con ese mirar afable,
180 827 654 862 dime tú, hermoso lucero,
182 870 674 905 cómo quieres que propale,
176 915 654 947 el decir que no te quiero?
949 521 1422 554 Yo me presento elegante
900 565 1396 600 y veo la hermosa estrella,
898 608 1308 643 la digo muy vigilante,
900 653 1464 688 ¿por que eres ingrata, y bella,
903 696 1426 728 sabiendo que soy tu omante?
948 739 1450 773 Yo vengo por ver si puedo
896 783 1394 816 besar tu hermoso jazmin,
900 826 1396 860 de esa cara de ángel bello
908 871 1334 906 que parece un serafin,
900 916 1381 947 por tu persona me muero?
577 1002 836 1035 En una cama de ausencia
536 1046 841 1078 cayó enferma mi esperanza;
537 1089 1021 1122 lágrimas, tener paciencia
534 1133 1096 1167 que el tiempo todo lo alcanza.
216 1220 722 1255 Ausente de tu hermosura,
182 1264 632 1299 sin encontrar iedicina,
179 1308 571 1340 la catentura maligna
176 1352 620 1384 me lleva á la sepultura;
182 1395 684 1428 no hallo para mi mal cura
188 1439 656 1475 en tan terrible dolencia,
183 1484 613 1515 ya no tengo resistencia
186 1527 562 1560 en tan terrible dolor,
180 1571 610 1602 sufro y callo mi temor
186 1614 678 1647 en una cama de ausencia.
230 1657 618 1690 El no verte cada dia
176 1701 640 1733 me tiene medio privado
181 1745 640 1777 con un dolor de costado
184 1791 634 1822 y una grande pulmonia;
184 1833 546 1864 sin duda yo sanaria
186 1876 654 1910 si te viera sin tardanza,
188 1919 638 1952 ya mi alma no descansa
184 1965 614 1996 con el amor del deseo,
187 2006 619 2041 y desde que no te veo
184 2052 709 2084 cayó enferma mi esperanza.
948 1220 1344 1252 Para si puedo aliviar
904 1265 1394 1298 mi tormento y mi pasion,
908 1308 1272 1339 mi afligido corazon
908 1351 1384 1383 me acompaña á suspirar:
904 1395 1270 1429 y mis ojos á llorar,
910 1438 1442 1472 por no estar en tu presencia,
912 1482 1366 1517 con alguna inteligencia,
907 1524 1336 1558 lo que podemos hacer
906 1569 1334 1604 si no nos podemos ver,
915 1612 1394 1647 lágrimas tener paciencia.
951 1656 1456 1691 Clemencia le pido al cielo
912 1700 1380 1736 con un dolor vehemente,
903 1743 1335 1780 y de no verte presente
916 1788 1450 1822 yo no puedo hallar consuelo;
912 1830 1386 1868 que me olvides no recelo,
916 1875 1316 1908 en ti tengo confianza,
916 1918 1472 1953 aunque es mucha la tardanza,
903 1963 1407 1997 y la desgracia en mi mal,
912 2007 1382 2039 el tiempo lo ha de sanar,
911 2050 1471 2085 que el tiempo todo lo alcanza.
840 2172 932 2205 FIN.
683 2274 1090 2308 CARMONA:—1857.
173 2325 1585 2359 Imprenta de D. José Maria Moreno, calle Juan de la Cabra núm. 5.
