1737 2508
621 185 984 219 A llorar mi soledad
577 227 978 267 en mi cama me senté,
577 272 988 307 al conciderar tan lejos
579 315 985 352 lo que tan cerca soñé.
255 376 741 412 Pensando en ti me dormí,
201 420 680 455 hermoso cielo estrellado,
199 465 691 498 soñé que estaba á tu lado
204 507 575 542 y dormia junto á tí:
201 552 602 584 desperté, y á nadie vi,
205 595 584 629 mira qué penalidad,
203 639 603 672 y como no era verdad
198 682 614 718 lo que tan cerca soñé,
204 727 580 759 en seguida comencé
200 770 568 803 á llorar mi soledad.
237 815 674 849 Soñaba yo prenda mía,
199 859 698 893 que te tenia en mis brazos,
201 904 718 935 y que me echabas por lazos
204 946 672 982 tus manos sobre las mias,
193 991 630 1024 yo entre mi me sonreia
198 1036 630 1068 cuando atado me miré,
195 1078 609 1110 y como apariencia fué
198 1122 734 1158 el sueño y no llegué á verte,
194 1167 648 1198 á llorar mi triste suerte
186 1208 584 1243 en mi cama me senté.
974 382 1424 416 En mi cama te buscaba
938 429 1386 460 querido hermoso lucero
936 471 1380 502 pensando era verdadero
932 514 1492 548 lo que el sueño me mostraba;
929 560 1334 591 pero como me miraba
927 601 1394 638 en tan brillantes reflejos,
936 646 1354 679 allí quedaron perplejos
936 690 1366 726 mis sentidos en pensar,
927 733 1328 767 y comencé á suspirar
933 777 1337 810 al considerar tan léjos
963 821 1412 857 Serás de mi vida dueño,
924 864 1384 901 dulce y regalada prenda,
928 909 1383 942 quisiera que dicho sueño
928 953 1349 986 como yo lo soñé fuera:
929 995 1407 1030 pues quedé de tal manera
925 1038 1422 1074 viendo que sin ti me hallé,
926 1083 1296 1118 á suspirar comencé,
924 1127 1362 1161 y á moverme vigilante,
924 1171 1446 1205 contemplando muy distante
924 1214 1338 1249 lo que tan, cerca soñé.
601 1299 1026 1337 Regalada prenda mia,
566 1345 1036 1379 me alegraré que te halles
566 1387 990 1423 con la salud de los dos,
561 1429 1074 1469 pido al cielo que le guarde.
235 1494 654 1526 Hermosa bella pintura,
193 1536 648 1570 deidad, jardin peregrino
186 1580 677 1613 á vuestras plantas rendido
188 1623 670 1657 la remito á tu hermosura
190 1668 607 1701 esta carta con ternura
194 1711 679 1744 porque con mucha alegría
191 1754 556 1787 en este dichoso dia
187 1798 699 1833 saber quiero si estás buena,
180 1842 575 1875 ramillete de azucena
193 1885 577 1918 regalada prenda mia.
237 1929 632 1962 De mi corazon recibe
188 1974 667 2008 muy espresivas memorias
185 2017 601 2050 haciendotelas notorias
183 2059 714 2095 por el amor que eu mi vive;
190 2104 702 2140 y te advierto que si escribes,
184 2149 680 2183 la respuesta que no tarde,
192 2193 674 2227 y porque el sol no te dañe
188 2237 608 2269 ni te de su resplandor,
178 2282 620 2313 con gran fineza y amor
177 2326 647 2362 me alegraré que te halles.
959 1497 1419 1532 Aquí suspendo mi pluma
923 1537 1384 1575 por no mostrar mi dolor;
924 1582 1378 1619 soy tu amante y servidor
916 1629 1402 1663 porque es para mi fortuna;
921 1670 1411 1706 pero si al alumbrar la luna
926 1714 1390 1750 te escribiere, quiera Dios,
924 1757 1350 1794 lo que podreis leer vos,
922 1803 1442 1838 que siempre seré constante,
915 1846 1371 1880 y consérvese un amante
916 1890 1349 1924 con la salud de los dos.
955 1933 1438 1970 Dulce hechizo de mi vida,
917 1976 1390 2013 yo me hallo sin consuelo,
912 2021 1500 2059 y es porque hablarte no puedo,
920 2064 1418 2102 pues que la suerte lo priva,
920 2109 1354 2144 cuando la carta recibas
920 2150 1434 2191 de este desdichado amante,
914 2199 1421 2232 ¡que abrazos quisiera darte
916 2241 1375 2274 con amor y con terneza!
916 2284 1315 2318 y para mayor firmeza
918 2328 1412 2364 pido al cielo que te guarde.
