1765 2512
675 172 1087 207 He de morir ó vencer
640 215 1218 258 ó has de ser mi amada prenda,
631 259 1046 297 ó todo se ha de perder
632 304 1132 342 como yo á tí no te pierda.
299 361 752 401 Reñire con Carlo-Magno
252 408 672 444 y con toda la turquia,
260 451 716 489 con él rey de Alejandría,
256 496 732 534 y tambien con el indiano,
253 538 776 579 con todo el género humano,
256 581 688 618 con el moro y el ingles.
252 625 666 660 cosa que no puede ser
254 669 774 711 reñir con el mundo entero,
248 713 690 749 pero al filo de mi acero
251 756 646 793 he de morir ó vencer.
296 801 734 843 Sea por bien ó por mal,
244 843 718 885 tú has de ser prenda mia,
254 885 710 927 ó la noche ha de ser dia,
240 930 686 971 ó todo se ha de acabar,
248 975 686 1014 y si me llego á enfadar,
242 1017 762 1062 como otro galan pretendas,
243 1061 734 1103 al punto dile que atienda,
235 1106 628 1144 una razon advertida,
240 1149 684 1187 los dos perdereis la vida
246 1192 811 1236 ó has de ser mi amada prenda.
1030 372 1470 410 Aunque viniera Roldan,
989 417 1384 454 Fierabrás y Lopsiano,
990 461 1428 500 y el emperador romano,
988 503 1386 544 ni el almirante Balan,
980 545 1364 586 Oliveros y el Sultan,
976 590 1478 633 á mi no me han de vencer;
976 633 1360 670 á Ricarte y á Reiner
976 678 1432 715 haré perder los sentidos
982 721 1514 764 ó se han de dar por vencidos,
981 765 1386 802 ó todo se ha de perder.
1018 811 1476 849 Aunque viniera un leon
979 854 1456 894 en defensa de tu amante,
971 897 1434 935 con un puñal penetrante
971 943 1394 978 le partiera el corazon,
978 986 1418 1023 porque ciega mi pasion,
970 1032 1510 1068 y tal soberbia en mi encierra,
970 1073 1440 1109 con todo ser armo guerra
968 1118 1442 1153 por defender tu persona;
966 1162 1496 1197 pierda un rey cetro y corona
972 1204 1456 1242 como yo á ti no te pierda.
657 1288 1074 1325 Un cocodrilo te encante
608 1333 1038 1371 á tas orillas de un rio,
614 1375 1064 1413 un toro te haga pedazos
601 1419 1053 1458 sin tener ningun abrigo.
284 1476 588 1513 Te despedace un leon
238 1521 610 1558 con su ira venenosa,
236 1566 608 1599 y una espada furiosa
236 1607 616 1646 traspase tu corazon,
231 1653 627 1687 y luego sin detencion
229 1696 745 1733 que te desgarre un gigante
223 1740 763 1776 por ser traidora á tu amante
236 1784 748 1820 que pagues tu atrevimiento,
233 1829 661 1862 y para mayor tormento
231 1871 662 1907 un cocodrilo te encante.
269 1915 723 1952 Al punto un rayo furióso
229 1958 684 1996 de tu cuerpo determine,
221 2004 701 2036 y á tus entrañas se incline
228 2044 658 2082 un escorpion venenoso,
228 2087 717 2126 y en el mas profundo pozo
227 2133 698 2171 cáigas sin dar un gemido,
222 2178 696 2214 y así digo con desvío.
224 2221 638 2257 por ser dama carasera,
219 2265 825 2304 que mueras dentro una hoguera
220 2308 640 2345 á las orillas de un rio.
1011 1489 1468 1523 Un lobo con mucha saña
965 1532 1394 1566 te desgarre con fiereza
970 1574 1370 1611 toda de pies á cabeza,
962 1621 1460 1657 y te muerda con tal rabia,
961 1662 1432 1700 te piquen dos mil arañas;
965 1706 1414 1743 te tiren cien cañonazos,
959 1749 1422 1784 y te acierten los balazos:
964 1792 1542 1831 que eso y mucho mas mereces,
962 1837 1329 1872 digo repetidas veces
959 1880 1414 1916 un toro te haga pedazos.
1004 1924 1426 1962 En fin, arremato aquí,
957 1970 1465 2004 y pido que del cielo al suelo
955 2012 1368 2046 se cubra todo de hielo
951 2055 1389 2090 y en medio te coja á tí
952 2100 1402 2135 y que eso se cumpla así,
962 2145 1406 2181 que de nada me desdigo.
956 2189 1412 2223 que te muelan como trig
952 2230 1350 2264 que seas atormentada
952 2276 1386 2309 y te halles desamparada
950 2319 1378 2354 sin tenermningun abrigo.
