1765 2512
202 232 655 270 Cierto es que la enamoré
160 279 516 314 y que palabra la dí,
160 323 584 360 ser su amante prometí,
153 366 509 401 pero yo no la forcé.
205 411 594 444 Como fino enamorado
156 454 614 490 llegué á su luz brillante,
159 497 625 534 ofreciendo ser su amante,
160 544 530 576 y la dije con agrado:
156 584 610 622 sarás mi dueño adorado,
152 629 664 665 señora, me entiende usted?
156 674 570 708 yo traicion no la hare;
154 716 640 753 mi hechizo, mi azucenita,
149 762 555 795 y con estas palabritas
157 805 608 838 cierto es que la enamore.
200 848 661 884 Me declaré por su dueño
149 894 578 925 y ella el partido acepto
149 937 648 974 sin hallar ningun tropiezo,
160 983 618 1014 y al punto me respondio:
160 1025 626 1061 yo con un amor y dueño,
158 1069 538 1106 señora, la respondia,
158 1115 596 1148 que, usted de mi no fia,
162 1156 534 1192 mire que soy de fiar
152 1200 590 1237 mas yo no quiero negar
155 1249 536 1281 de que palabra la dí.
199 1292 658 1324 Cuando llegué á merecer
157 1337 627 1369 el coger su hermosa flor,
157 1381 573 1413 dijo: esta es la mejor,
159 1423 571 1458 cójala si quiere usted:
158 1469 610 1501 esta es la causa por qué
158 1513 534 1545 á cogerla me atreví,
162 1557 544 1590 y por no dejarla así,
159 1599 645 1633 triste, afligida y pensando.
163 1642 635 1677 porque me la ví llorando
163 1687 567 1720 ser su amante prometí.
204 1730 565 1764 En fin, mozo era yo
159 1776 473 1815 y mocita era ella,
165 1821 562 1852 si yo la dí algo á ella,
168 1863 664 1898 tambien ella á mí me dió:
156 1906 545 1942 si por mi penas pasó,
164 1950 584 1987 penas tambien yo pasé;
164 1993 586 2030 si ella gustó, yo gusté:
163 2038 569 2074 y si á declararse llega,
171 2081 580 2117 si debo yo, debe ella,
167 2126 519 2163 pero yo no la forcé.
212 2169 706 2206 Si Sanson perdió la gracia
163 2212 569 2253 por revelar un secreto,
895 233 1399 272 ¿cuantas tendré yo perdidas
891 276 1311 315 por revelarte mi pecho:
933 321 1428 356 El que con grande eficacia
887 366 1273 401 de las mugeres se fia,
895 410 1335 445 no dudo sea ignorancia
887 453 1339 491 que puede pierda la vida
879 497 1370 533 si Sanson perdio la gracia.
936 539 1371 576 Dice cualquiera discreto
887 584 1383 625 que el callar es de hombre
889 629 1311 665 eso mismo yo penetro,
888 672 1407 710 que una vez perdí un cariño
887 716 1311 752 por revelar un secreto.
931 759 1406 796 Las inugeres son fingidas,
890 805 1253 840 ingratas de corazon,
882 848 1344 884 si las gracias son sabidas
887 893 1303 928 tal vez por esta razon,
887 934 1399 974 ¿cuántas tendré yo perdidas!
933 981 1419 1015 Los dos en lazos estrechos,
893 1025 1266 1060 unidos con el amor,
888 1069 1350 1103 nos miramos satisfechos,
887 1113 1346 1147 mas te perdí ¡que dolor!
881 1156 1318 1190 por revelarte mi pecho,
941 1200 1440 1236 Quisiera entrar en tu huerto
895 1245 1361 1282 y sembrarte unas pepitas,
893 1287 1329 1324 que mi padre me las dió
891 1330 1381 1367 que son del todo esquisitas.
935 1374 1381 1409 Me lo han dicho por muy cierto
897 1419 1355 1455 que eres linda labradora:
897 1463 1421 1497 tras tus huellas ando muerto
893 1506 1389 1541 por ver las plantas, señora,
897 1548 1419 1584 quisiera entrar en tu huerto.
935 1594 1393 1631 Quisiera unas mañanitas
899 1638 1317 1671 en primavera de abril,
895 1680 1415 1715 labrar solo un par de horitas
892 1725 1384 1758 en tu huerto que es fertil,
895 1766 1359 1803 y sembrarte unas pepitas.
939 1811 1423 1845 Cierto amor me preguntó
895 1856 1322 1890 si las traje de Valencia,
896 1901 1312 1933 yo le respondí que no,
907 1943 1413 1978 jue estuviera en la creencia
897 1986 1337 2022 que mi padre me las dió.
935 2030 1357 2065 Si acaso usted necesita
895 2074 1356 2109 que le sirva de hortelano
900 2118 1338 2153 entre sus flores bonitas,
902 2162 1373 2196 las plantaré por mi mano,
901 2206 1379 2243 que son del todo esquisitas.
818 2295 926 2336 FIN.
932 2385 1402 2420 María Moreno. Descalzas,
269 2387 911 2425 CARMONA: 1852. Imp. de D. José
