1737 2508
243 254 682 291 ¡O Esposa delalma mia!
251 298 791 335 yo he hecho ese Voto mismo.
238 343 712 378 Deimos mil gracias á Dios
240 388 712 422 por tan grande beneficio;
252 431 720 468 quedaron los dos Eeposos
247 475 766 508 de amor de Dios encendidos,
243 518 705 553 la Virgen en su oracion.
243 562 712 596 José volvió á su ejercicio.
242 606 704 640 La Virgen le dijo un dia:
241 650 697 683 bien sabeis, Esposo mio,
247 694 810 728 que tenemos mucha hacienda,
253 738 682 771 y asi Señor, os suplico,
243 780 747 815 la repartais en tres partes,
246 824 841 861 una al Templo en que he vivido
252 867 703 904 la enviaréis porque sirva
250 912 716 947 á Dios, y al culto Divino,
251 954 641 991 la otra la repartireis
251 1000 736 1036 entre los pobres de Cristo,
247 1043 621 1079 la otra conservareis
253 1088 704 1123 para el sustento preciso.
263 1131 649 1168 Quedó admirado José
258 1174 792 1210 y á su Esposa ha respondido:
250 1218 701 1256 Bendita sea quien tiene
254 1262 734 1299 pensamientos tan divinos,
248 1308 716 1344 haré lo que me ordenaís,
255 1349 701 1388 que si me fuere preciso,
257 1394 745 1432 para haber de sustentaros,
250 1438 615 1475 ejercitaré mi oficio.
247 1480 719 1519 Estando un dia la Virgen
252 1524 635 1564 ocupada en su retiro
247 1571 645 1607 leyendo las Profesias,
256 1613 673 1652 en que Isaias ha dicho
253 1657 693 1695 concebirá una Doncella,
257 1702 689 1740 parirá al Verbo Divino;
251 1747 688 1782 hincándose de rodillas,
258 1786 701 1826 de aquesta manera dijo,
259 1831 799 1872 Quién será aquesta Doncella?
271 1876 761 1915 Juien la hubiera conocido,
261 1921 715 1959 para ponerme á sus pies,
259 1964 689 2001 y acudir á su servicio?
259 2007 763 2046 Diciendo aquestas palabras,
263 2050 709 2089 vido entrar un paraninfo
255 2094 777 2133 en la forma de un mancebo,
258 2137 713 2178 dispuesto, bien parecido
259 2182 725 2221 con una diadema de oro,
258 2225 677 2267 y un rozagante vestido
259 2269 740 2311 cou una Cruzen el pecho
253 2316 683 2356 engastada enoro fino,
972 240 1427 280 de Angeles ácompañado,
970 282 1414 324 y con voz clara le dijos.
977 330 1391 367 Maria llena de gracia,
978 372 1384 411 el Señor está contigo:
978 413 1425 455 Yo soy el Angel Gabriel,
969 457 1513 499 que vengo del Cielo Empireo
967 504 1399 543 á traer una Embajada,
979 546 1503 587 que os envia el Rey Divino:
975 588 1416 631 Sabed, que concebireis
979 633 1464 673 y habeis de parir un Hijo,
978 677 1435 717 que en la casa de Jacob
979 721 1447 763 reinará en eternos siglos.
981 764 1465 805 Quedó turbada la Virgen,
975 808 1539 849 y á el Angel le ba respondido:
985 854 1383 892 Yo no conozco varon,
980 897 1449 936 ni nunca lo he conocido,
987 941 1472 981 como tengo de ser Madre?
984 986 1348 1024 El Angel la satisfizo:
979 1028 1543 1067 No hay nada imposible á Dios,
988 1075 1414 1112 que el Espiritu Divino,
989 1118 1472 1154 vendrá sobre Vos, Señora,
988 1160 1425 1198 y la virtud del Altisimo
987 1203 1517 1242 te tiene de hacer la sombra.
979 1246 1515 1286 Muy humilde ha respondido;
983 1292 1557 1331 Aqui está una Esclava vuestra.
988 1339 1434 1374 Al pronunciar este Fiat,
987 1384 1325 1417 el Espiritu Divino,
979 1424 1407 1461 de su púrisima sangre
988 1468 1505 1505 formó un cuerpo peqüeñito,
987 1513 1539 1549 creó un Alma muy perfecta,
988 1557 1483 1591 y la infundió en este Niño,
985 1599 1447 1635 bajó del Seno del Padre,
989 1642 1561 1680 el Verbo, y con él se ha unido,
992 1684 1484 1724 quedó el Vientre de Maria
983 1729 1559 1767 mas puro que el Cielo empireo.
984 1773 1492 1812 Diez mil Angeles custodios
1000 1819 1500 1855 para su guarda han venido.
993 1865 1384 1898 Visitó á Santa Isabel,
985 1910 1465 1943 luego que á su casa vino,
983 1950 1336 1987 reparó un dia José
987 1993 1535 2033 que el Vientre estaba crecido
992 2038 1447 2076 de su Esposa, y asustado
993 2081 1414 2119 decia consigo mismo:
987 2126 1425 2163 Inmenso Dios de Israel,
985 2169 1510 2209 Señor qué es esto que miro?
991 2214 1425 2251 Mi Esposa veo preñada.
998 2257 1522 2296 Estoy despierto, ó dormido?
990 2303 1451 2341 Si los dos hicimos Voto.
