1648 2432
102 242 599 280 de Castidad, y hemos sido
112 286 592 324 fieles en su cumplimiento,
106 330 598 369 Señor esto como ha sido?
116 376 660 411 Que es esto que por mi pasa?
102 419 671 458 Mas que pienso, mas qué veo?
100 460 538 499 Yo sospechas en Maria,
103 505 634 545 no siendo tan puro y limpio
100 548 628 588 el Sol con sus claros rayos!
108 593 640 633 Aqui hay misterio escondido.
108 637 568 674 Si hay misterio no lo sé
100 680 633 722 ni mi Esposa me lo ha dicho.
106 726 656 769 Quiero ausentarme y dejarla,
100 772 538 808 y por no ser conocido,
98 813 588 853 me retiraré á un desierto;
104 857 544 891 con Oracion y ejercicio
94 900 561 937 rogaré á Dios la defienda
91 944 599 985 del mundo y sus enemigos.
92 989 558 1028 Mas si me voy sin Maria,
100 1032 585 1070 que bien llevaré conmigo!
100 1076 483 1112 Como vivire sin ver
96 1119 526 1159 aquellos ojos benignos,
94 1164 548 1204 aquel hablar halagüeño,
96 1206 526 1247 aquel rostro cristalino,
92 1250 508 1289 aquel iman atractivo,
94 1296 498 1330 que llena mi corazon
100 1340 565 1378 de pensamientos divinos?
104 1384 514 1421 Y si yo la desamparo,
94 1427 623 1464 quien la amparara Dios mio?
97 1472 651 1508 Muchacha, pobre y sin padres
92 1517 536 1552 que dolor tan excesivo!
100 1559 518 1595 Pero todo pesa menos,
100 1605 715 1644 que el ver en mi Esposa un Hijo,
88 1646 624 1686 sin saber quien es su Padre;
87 1691 583 1728 de pensarlo estoy corrido.
88 1734 502 1770 Es posible, que Maria,
96 1778 625 1815 que á mi, y á Dios haya sido
96 1821 536 1859 infiel, no puedo creerlo
88 1866 539 1904 aqui se turba el sentido.
87 1910 538 1946 Me iré sin decirle nada.
90 1954 548 1989 Recogió en un fardelillo
94 1997 546 2035 su ropa, y algun dinero.
93 2043 574 2078 Y antes de tomar camino
835 254 1336 292 se fue á descansar un rato
832 296 1302 337 luego se quedo dormido,
832 340 1412 386 La Virgen que no ignoraba
834 385 1316 427 de San José los designios,
827 428 1268 469 se retiró á su Oratorio,
842 470 1316 514 postrada en el suelo dijo:
840 515 1264 556 Dulce Hijo de mi alma,
838 559 1304 601 no estará bien, Hijo mio,
838 601 1324 644 vuestra Madre sin Esposo.
843 647 1270 686 Vos sin padre putativo,
840 691 1324 731 En esto entró San Gabriel
834 735 1308 773 en su aposento, y le dijo:
834 778 1304 819 Despierta, Jose, levanta,
840 821 1372 867 pues tanta dicha has tenido;
834 867 1354 907 que el preñado de tu Esposa
836 910 1254 950 es por misterio Divino,
838 956 1382 994 que á salvar su Pueblo viene
832 998 1218 1033 el Mesias prometido:
838 1042 1302 1079 ponle por nombre JESUS.
836 1087 1272 1124 Quedó Jose agradecido,
829 1130 1294 1165 dando mil gracias á Dios
838 1173 1302 1211 por tan grande beneficio.
828 1216 1402 1259 Se fué al cuarto de su Esposa,
828 1261 1220 1297 y de repente la vido
826 1303 1246 1340 en un soberano estasis
828 1347 1310 1390 con un resplandor Divino,
828 1394 1296 1434 y postrandose á sus pies,
830 1435 1214 1473 enternecido le dijo:
822 1479 1252 1516 O Esposa del alma mia
824 1523 1278 1561 A donde yo he merecido
830 1567 1272 1610 tener Esposa tan santa,
819 1612 1231 1648 y ser Padre putativo
828 1653 1270 1694 del mismo Hijo de Dios?
828 1699 1360 1743 Por vuestro Hijo os suplico,
820 1744 1302 1785 le pidais me dé su gracia,
830 1786 1268 1826 para acertar á serviros.
828 1830 1272 1867 La Virgen le respondió:
832 1875 1366 1915 Yo, Señor, soy quien os pido
828 1918 1330 1956 perdon de no daros cuenta
828 1962 1328 2003 del Sacramento escondido,
819 2006 1388 2047 aunque no estuvo en mi mano
824 2051 1248 2091 la lisencia de decirlo.
762 2057 836 2209 FIN.
607 2258 1008 2303 CARMONA:—1857.
104 2309 1503 2355 Imprenta de D. José Maria Moreno, calle Juan de la Cabra núm. 5.
