1737 2508
251 168 760 206 mas mi valor se habilita
261 217 680 255 para obedeceros fiel,
264 265 756 303 que en parte desacredita
259 314 771 352 vuestra palabra en papel.
257 363 700 400 Sin papel, señor, asi,
256 411 709 449 nos obligamos los dos
259 459 745 496 con mutuo secreto aquí
257 506 680 546 yo obedeceros á vos,
260 556 737 593 y vos á salvarme á mí.
272 605 754 639 Vos lo mandais y tener
261 654 813 690 yo papel supérfluo ha sido:
261 701 834 738 yo os voy luego á obedecer,
269 749 789 786 y solo por premio os pido
268 799 741 837 pora esposa una muger
265 847 560 884 que yo eligiere.
221 897 564 932 Rey. Aunque sea Se levanta.
268 944 764 980 Rica.Fembra de Castilla,
268 992 843 1029 te la concedo. Sancho.Posea
271 1040 800 1077 vuestro pié la alarve silla,
266 1090 791 1127 y el mar sus castillos vea
266 1137 658 1177 glorioso y dilatados
268 1185 793 1223 hasta sus climas helados.
218 1234 894 1271 R. Tus hechos, Sancho, escelentes
267 1283 832 1323 por mi quedarán premiados
268 1334 802 1366 con cuanto pedir intentes.
267 1380 850 1416 En este papel va el nombre
264 1430 853 1465 del hombre que ha de morir.
492 1525 620 1564 Dásele
271 1625 894 1660 Cuando le abrais no os asombre
268 1671 769 1709 mirad que he oido decir
265 1719 886 1756 en Sevilla, que es muy hombre.
226 1768 881 1805 Sancho. Presto, señor lo veremos.
218 1818 889 1853 Rey. Los dos, Sanchó, solamente
268 1865 724 1901 este secreto sabemos;
263 1914 900 1949 no hay que advertiros,prudente
267 1963 844 2000 sois vos, obrad y callemos.
223 2060 845 2098 El Rey abre la puerta y se vá.
476 2157 634 2193 Sancho.
259 2205 901 2242 Sancho Ortiz,gran dicha alcanza
273 2254 761 2293 todo es hoy felicidades,
990 163 1411 201 amores y confianzas.
991 212 1558 249 Camino á buscar á Bustos:::
989 260 1566 297 Mas veré quien es el muerto
991 310 1526 346 que servir al Rey es justo,
990 358 1572 394 aun primero que á mi gusto,
992 406 1607 445 ya tengo el decreto abierto. LEE.
992 454 1580 492 Al que muerte habeis de dar
987 502 1607 541 es, Sancho, á Bustos Tavera:::
1157 598 1407 639 Turbándose.
985 696 1583 732 Muerto soy!:::Sentencia fiera!
994 745 1564 781 Cuanto bien pensé encontrar
988 794 1486 829 voló cual si humo fuera.
981 842 1380 878 Si acaso mal lo leí!
990 891 1606 927 mano, no á temblar empieces:::
994 940 1465 975 á Bustos Tavera::: Si:::
996 988 1535 1023 Bustos Tavera::: mil veces
995 1036 1517 1072 caiga el cielo sobre mi:::
997 1084 1608 1120 Perdido soy, qué he de hacer?
998 1133 1527 1169 al Rey la palabra he dado:
997 1182 1539 1216 soy noble::: y he de perder
992 1230 1522 1267 despues de tanto cuidado,
998 1278 1494 1314 á Estrella? no puede ser.
1003 1326 1600 1362 Viva Bustos::: Bustos, injusto
997 1376 1580 1412 contra su Rey, por mi gusto
999 1424 1550 1460 ha de vivir! Bustos muera::
988 1472 1444 1509 á qué batalla tan fiera
1000 1520 1612 1558 me entrega tu nombre, Bustos?
998 1568 1547 1607 Yo no puedo con mi honor
993 1618 1568 1655 cumplir si á mi amor acudo;
993 1665 1529 1703 mas quién resistirse pudo,
995 1714 1495 1750 si es verdadero, el amor?
993 1760 1434 1799 Morir me será mejor
995 1810 1510 1848 ó ausentarme, de manera
999 1861 1608 1897 que por mi mano no muera::3
1003 1910 1619 1946 pero al Rey he de faltar? LEE.
1001 1958 1580 1994 Al que muerte habeis de dar.
996 2006 1478 2043 (Leyendo con intencion)
1000 2056 1569 2093 es, Sancho, á Bustos Tavera.
993 2103 1478 2140 Si le mata por estrella
996 2152 1550 2188 el Rey, y en servirla trata?
991 2200 1459 2236 Si por estrella le mata:
989 2251 1525 2290 no muera Bustos por ella;
