1737 2508
1374 204 1608 250 Núm. 158.
671 1078 1343 1126 PASILLO
981 1171 1063 1233 DE
450 1361 1561 1418 SANCHO ORTIZ
730 1519 1275 1569 DE LAS ROELAS.
305 1698 986 1744 San Dadme á besar vuestra mano,
353 1747 915 1789 no estrañeis que yo, señor,
362 1796 880 1836 me turbe, y no sepa aquí
359 1845 745 1882 agradecer el favor.
315 1894 979 1935 Rey. Pues qué veis, Ortizen mí?
314 1943 952 1985 Sancho. La magestad y el valor,
353 1993 863 2027 y una imágen sacra veo
360 2039 982 2084 de Dios, que es su copia el Rey,
354 2090 930 2131 y despues de él en vos creo,
354 2137 857 2173 y en servir á vuestra ley
358 2184 968 2228 despues de su ley me empleo.
306 2234 678 2272 Rey. Cómo estais?
305 2283 888 2323 Sancho. Nunca me he visto
1098 1705 1594 1747 tan honrado como estoy.
1035 1755 1585 1794 Rey. Muy aficionado os soy
1083 1803 1688 1844 por callado y por bien quisto,
1089 1851 1660 1892 y he de houraros desde hoy.
1083 1900 1610 1940 Pues estareis con cuidado
1088 1949 1463 1985 codicioso de saber
1087 1998 1642 2035 para lo que os he llamado,
1087 2046 1574 2084 os lo digo, y es por ver
1077 2094 1605 2133 en vos mi mejor soldado.
1038 2144 1705 2186 Sancho. En la corte gran señor,
1083 2192 1566 2229 el soldado se amancilla:
1084 2240 1607 2281 se vé mejor y mas brilla
1084 2289 1552 2328 junto al Moro lidiador.
