<?xml version="1.0" encoding="UTF-8" standalone="yes"?>
<PcGts xmlns="http://schema.primaresearch.org/PAGE/gts/pagecontent/2013-07-15" xmlns:xsi="http://www.w3.org/2001/XMLSchema-instance" xsi:schemaLocation="http://schema.primaresearch.org/PAGE/gts/pagecontent/2013-07-15 http://schema.primaresearch.org/PAGE/gts/pagecontent/2013-07-15/pagecontent.xsd">
    <Metadata>
        <Creator>prov=University of Rostock/Institute of Mathematics/CITlab|PLANET AI GmbH/Gundram Leifert/gundram.leifert@planet-ai.de:name=Pliegos de Cordel (XIXe) - v3(htr_id=26984)::::v=2.6.7
prov=University of Rostock/Institute of Mathematics/CITlab|PLANET AI GmbH/Tobias Gruening/tobias.gruening@planet-ai.de:name=de.uros.citlab.module.baseline2polygon.B2PSeamMultiOriented:v=2.6.7
prov=University of Rostock/Institute of Mathematics/CITlab|PLANET AI GmbH/Tobias Gruening/tobias.gruening@planet-ai.de:name=/net_tf/LA73_249_0mod360.pb:de.uros.citlab.segmentation.CITlab_LA_ML:v=2.6.7
Transkribus</Creator>
        <Created>2020-10-27T11:06:52.751+01:00</Created>
        <LastChange>2020-10-30T18:01:54.063+01:00</LastChange>
        <TranskribusMetadata docId="525373" pageId="22318169" pageNr="134" tsid="47501226" status="DONE" userId="66244" imgUrl="https://files.transkribus.eu/Get?id=JIOSHUBMOOBBQKYKVOFMDTTG&amp;fileType=view" xmlUrl="https://files.transkribus.eu/Get?id=LPIWIUJUAEMWFMUYYQJTOEIN" imageId="17387684"/>
    </Metadata>
    <Page imageFilename="Moreno_149_2.jpg" imageWidth="1765" imageHeight="2512">
        <ReadingOrder>
            <OrderedGroup id="ro_1606829697259" caption="Regions reading order">
                <RegionRefIndexed index="0" regionRef="r1"/>
                <RegionRefIndexed index="1" regionRef="r2"/>
            </OrderedGroup>
        </ReadingOrder>
        <TextRegion orientation="0.0" id="r1" custom="readingOrder {index:0;}">
            <Coords points="117,206 117,2339 839,2339 839,206"/>
            <TextLine id="r1l1" custom="readingOrder {index:0;}">
                <Coords points="118,258 151,257 184,256 218,254 251,253 284,251 318,250 351,249 384,248 418,247 451,246 484,245 518,244 551,243 584,243 618,242 651,241 684,241 718,241 751,240 785,240 785,206 751,206 718,207 684,207 651,207 618,208 584,209 551,209 518,210 484,211 451,212 418,213 384,214 351,215 318,216 284,217 251,219 218,220 184,222 151,223 118,224"/>
                <Baseline points="118,247 151,246 184,245 218,243 251,242 284,240 318,239 351,238 384,237 418,236 451,235 484,234 518,233 551,232 584,232 618,231 651,230 684,230 718,230 751,229 785,229"/>
                <TextEquiv>
                    <Unicode>Rey. Tambien brillará en Sevilla.</Unicode>
                </TextEquiv>
            </TextLine>
            <TextLine id="r1l2" custom="readingOrder {index:1;}">
                <Coords points="167,304 192,304 218,303 244,302 270,301 296,300 322,299 348,298 374,297 400,296 426,295 452,295 478,293 504,293 530,292 556,292 582,292 608,291 634,291 660,292 660,258 634,257 608,257 582,258 556,258 530,258 504,259 478,259 452,261 426,261 400,262 374,263 348,264 322,265 296,266 270,267 244,268 218,269 192,270 167,270"/>
                <Baseline points="167,293 192,293 218,292 244,291 270,290 296,289 322,288 348,287 374,286 400,285 426,284 452,284 478,282 504,282 530,281 556,281 582,281 608,280 634,280 660,281"/>
                <TextEquiv>
                    <Unicode>A mi me importa matar</Unicode>
                </TextEquiv>
            </TextLine>
            <TextLine id="r1l3" custom="readingOrder {index:2;}">
                <Coords points="168,354 199,351 230,350 261,348 293,347 324,346 355,345 387,345 418,344 449,343 481,343 512,342 543,342 574,342 606,341 637,341 668,340 700,340 731,339 762,339 794,338 794,305 762,306 731,306 700,307 668,307 637,308 606,308 574,309 543,309 512,309 481,310 449,310 418,311 387,312 355,312 324,313 293,314 261,315 230,317 199,318 168,321"/>
                <Baseline points="168,343 199,340 230,339 261,337 293,336 324,335 355,334 387,334 418,333 449,332 481,332 512,331 543,331 574,331 606,330 637,330 668,329 700,329 731,328 762,328 794,327"/>
                <TextEquiv>
                    <Unicode>en secreto un hombre: y quiero</Unicode>
                </TextEquiv>
            </TextLine>
            <TextLine id="r1l4" custom="readingOrder {index:3;}">
                <Coords points="167,400 192,399 217,399 242,399 267,398 293,397 318,396 343,395 368,395 393,394 419,393 444,392 469,391 494,390 519,389 545,388 545,355 519,356 494,357 469,358 444,359 419,360 393,361 368,362 343,362 318,363 293,364 267,365 242,366 217,366 192,366 167,367"/>
                <Baseline points="167,389 192,388 217,388 242,388 267,387 293,386 318,385 343,384 368,384 393,383 419,382 444,381 469,380 494,379 519,378 545,377"/>
                <TextEquiv>
                    <Unicode>esta hazaña confiar</Unicode>
                </TextEquiv>
            </TextLine>
            <TextLine id="r1l5" custom="readingOrder {index:4;}">
                <Coords points="167,448 194,447 221,447 248,446 275,446 302,445 329,444 357,443 384,442 411,441 438,440 465,440 492,439 519,438 547,438 574,437 601,436 628,436 655,436 682,435 710,435 710,401 682,401 655,402 628,402 601,402 574,403 547,404 519,404 492,405 465,406 438,406 411,407 384,408 357,409 329,410 302,411 275,412 248,412 221,413 194,413 167,414"/>
                <Baseline points="167,437 194,436 221,436 248,435 275,435 302,434 329,433 357,432 384,431 411,430 438,429 465,429 492,428 519,427 547,427 574,426 601,425 628,425 655,425 682,424 710,424"/>
                <TextEquiv>
                    <Unicode>á vos solo, que os prefiero</Unicode>
                </TextEquiv>
            </TextLine>
            <TextLine id="r1l6" custom="readingOrder {index:5;}">
                <Coords points="168,497 193,497 218,496 243,496 268,495 293,494 318,493 343,492 368,491 393,490 418,489 443,488 468,487 493,486 518,486 543,485 568,485 593,485 618,485 643,486 669,487 669,453 643,452 618,451 593,451 568,451 543,451 518,452 493,452 468,453 443,454 418,455 393,456 368,457 343,458 318,459 293,460 268,461 243,462 218,462 193,463 168,463"/>
                <Baseline points="168,486 193,486 218,485 243,485 268,484 293,483 318,482 343,481 368,480 393,479 418,478 443,477 468,476 493,475 518,475 543,474 568,474 593,474 618,474 643,475 669,476"/>
                <TextEquiv>
                    <Unicode>á cuantos pudiera hallar.</Unicode>
                </TextEquiv>
            </TextLine>
            <TextLine id="r1l7" custom="readingOrder {index:6;}">
                <Coords points="119,548 144,547 169,546 194,546 219,545 244,544 269,543 294,542 319,542 344,541 369,540 394,539 419,539 444,538 469,537 494,536 519,535 544,534 569,534 569,501 544,501 519,502 494,503 469,504 444,505 419,506 394,506 369,507 344,508 319,509 294,509 269,510 244,511 219,512 194,513 169,513 144,514 119,515"/>
                <Baseline points="119,537 144,536 169,535 194,535 219,534 244,533 269,532 294,531 319,531 344,530 369,529 394,528 419,528 444,527 469,526 494,525 519,524 544,523 569,523"/>
                <TextEquiv>
                    <Unicode>Sancho. Está culpado?</Unicode>
                </TextEquiv>
            </TextLine>
            <TextLine id="r1l8" custom="readingOrder {index:7;}">
                <Coords points="117,594 144,595 171,595 198,594 225,594 252,593 279,592 306,590 333,590 360,589 388,589 388,556 360,556 333,557 306,557 279,559 252,560 225,561 198,561 171,562 144,562 117,561"/>
                <Baseline points="117,583 144,584 171,584 198,583 225,583 252,582 279,581 306,579 333,579 360,578 388,578"/>
                <TextEquiv>
                    <Unicode>Rey. Si está.</Unicode>
                </TextEquiv>
            </TextLine>
            <TextLine id="r1l9" custom="readingOrder {index:8;}">
                <Coords points="118,645 152,644 186,643 220,642 254,641 288,640 322,639 356,637 390,636 424,635 459,634 493,633 527,632 561,631 595,630 629,629 663,628 697,628 731,627 765,627 800,627 800,593 765,593 731,593 697,594 663,594 629,595 595,596 561,597 527,598 493,599 459,600 424,601 390,602 356,603 322,605 288,606 254,607 220,608 186,609 152,610 118,611"/>
                <Baseline points="118,634 152,633 186,632 220,631 254,630 288,629 322,628 356,626 390,625 424,624 459,623 493,622 527,621 561,620 595,619 629,618 663,617 697,617 731,616 765,616 800,616"/>
                <TextEquiv>
                    <Unicode>San. Pues cómo muerte en secreto</Unicode>
                </TextEquiv>
            </TextLine>
            <TextLine id="r1l10" custom="readingOrder {index:9;}">
                <Coords points="176,691 202,690 228,690 254,689 280,688 306,687 333,686 359,686 385,685 411,684 437,683 463,682 490,681 516,680 542,679 568,678 594,678 621,678 621,644 594,644 568,644 542,645 516,646 490,647 463,648 437,649 411,650 385,651 359,652 333,652 306,653 280,654 254,655 228,656 202,656 176,657"/>
                <Baseline points="176,680 202,679 228,679 254,678 280,677 306,676 333,675 359,675 385,674 411,673 437,672 463,671 490,670 516,669 542,668 568,667 594,667 621,667"/>
                <TextEquiv>
                    <Unicode>á un delicuente se dá?</Unicode>
                </TextEquiv>
            </TextLine>
            <TextLine id="r1l11" custom="readingOrder {index:10;}">
                <Coords points="171,740 198,739 225,739 252,738 279,737 307,736 334,735 361,734 388,733 415,732 443,732 470,731 497,730 524,729 551,729 579,728 606,727 633,727 660,726 687,726 715,726 715,692 687,692 660,692 633,693 606,693 579,694 551,695 524,695 497,696 470,697 443,698 415,698 388,699 361,700 334,701 307,702 279,703 252,704 225,705 198,705 171,706"/>
                <Baseline points="171,729 198,728 225,728 252,727 279,726 307,725 334,724 361,723 388,722 415,721 443,721 470,720 497,719 524,718 551,718 579,717 606,716 633,716 660,715 687,715 715,715"/>
                <TextEquiv>
                    <Unicode>Poner su muerte en efecto</Unicode>
                </TextEquiv>
            </TextLine>
            <TextLine id="r1l12" custom="readingOrder {index:11;}">
                <Coords points="175,792 200,790 225,789 251,787 276,785 301,785 327,784 352,783 378,782 403,782 428,781 454,780 479,779 504,779 530,777 555,776 581,774 581,741 555,743 530,744 504,746 479,746 454,747 428,748 403,749 378,749 352,750 327,751 301,752 276,752 251,754 225,756 200,757 175,759"/>
                <Baseline points="175,781 200,779 225,778 251,776 276,774 301,774 327,773 352,772 378,771 403,771 428,770 454,769 479,768 504,768 530,766 555,765 581,763"/>
                <TextEquiv>
                    <Unicode>públicamente podrá</Unicode>
                </TextEquiv>
            </TextLine>
            <TextLine id="r1l13" custom="readingOrder {index:12;}">
                <Coords points="182,837 207,836 233,835 259,835 285,834 310,833 336,833 362,832 388,831 413,830 439,830 465,829 491,828 516,827 542,826 568,826 594,825 619,824 645,823 671,823 697,822 697,789 671,790 645,790 619,791 594,792 568,793 542,793 516,794 491,795 465,796 439,797 413,797 388,798 362,799 336,800 310,800 285,801 259,802 233,802 207,803 182,804"/>
                <Baseline points="182,826 207,825 233,824 259,824 285,823 310,822 336,822 362,821 388,820 413,819 439,819 465,818 491,817 516,816 542,815 568,815 594,814 619,813 645,812 671,812 697,811"/>
                <TextEquiv>
                    <Unicode>vuestra justicia, sin darle</Unicode>
                </TextEquiv>
            </TextLine>
            <TextLine id="r1l14" custom="readingOrder {index:13;}">
                <Coords points="184,885 209,885 234,884 259,884 284,883 309,882 334,881 359,880 384,879 410,879 435,877 460,877 485,876 510,875 535,875 560,874 585,874 611,874 611,840 585,840 560,840 535,841 510,841 485,842 460,843 435,843 410,845 384,845 359,846 334,847 309,848 284,849 259,850 234,850 209,851 184,851"/>
                <Baseline points="184,874 209,874 234,873 259,873 284,872 309,871 334,870 359,869 384,868 410,868 435,866 460,866 485,865 510,864 535,864 560,863 585,863 611,863"/>
                <TextEquiv>
                    <Unicode>pena secreta: que asi</Unicode>
                </TextEquiv>
            </TextLine>
            <TextLine id="r1l15" custom="readingOrder {index:14;}">
                <Coords points="185,934 211,933 238,933 264,932 291,931 318,930 344,930 371,929 397,928 424,927 451,926 477,925 504,925 530,924 557,924 584,923 610,923 637,923 663,923 690,923 717,923 717,889 690,889 663,889 637,889 610,889 584,889 557,890 530,890 504,891 477,891 451,892 424,893 397,894 371,895 344,896 318,896 291,897 264,898 238,899 211,899 185,900"/>
                <Baseline points="185,923 211,922 238,922 264,921 291,920 318,919 344,919 371,918 397,917 424,916 451,915 477,914 504,914 530,913 557,913 584,912 610,912 637,912 663,912 690,912 717,912"/>
                <TextEquiv>
                    <Unicode>os culpaís vos en culparle;</Unicode>
                </TextEquiv>
            </TextLine>
            <TextLine id="r1l16" custom="readingOrder {index:15;}">
                <Coords points="186,981 216,981 246,980 277,979 307,979 337,978 368,977 398,976 428,976 459,975 489,974 519,974 550,973 580,972 610,971 641,971 671,970 701,970 732,969 762,968 793,968 793,934 762,934 732,935 701,936 671,936 641,937 610,937 580,938 550,939 519,940 489,940 459,941 428,942 398,942 368,943 337,944 307,945 277,945 246,946 216,947 186,947"/>
                <Baseline points="186,970 216,970 246,969 277,968 307,968 337,967 368,966 398,965 428,965 459,964 489,963 519,963 550,962 580,961 610,960 641,960 671,959 701,959 732,958 762,957 793,957"/>
                <TextEquiv>
                    <Unicode>y habrá quien piense que aquí</Unicode>
                </TextEquiv>
            </TextLine>
            <TextLine id="r1l17" custom="readingOrder {index:16;}">
                <Coords points="178,1031 206,1030 234,1030 263,1029 291,1028 320,1027 348,1027 376,1025 405,1025 433,1024 462,1023 490,1021 518,1021 547,1020 575,1019 604,1019 632,1018 660,1018 689,1018 717,1018 746,1019 746,985 717,984 689,984 660,984 632,984 604,985 575,985 547,986 518,987 490,987 462,989 433,990 405,991 376,991 348,993 320,993 291,994 263,995 234,996 206,996 178,997"/>
                <Baseline points="178,1020 206,1019 234,1019 263,1018 291,1017 320,1016 348,1016 376,1014 405,1014 433,1013 462,1012 490,1010 518,1010 547,1009 575,1008 604,1008 632,1007 660,1007 689,1007 717,1007 746,1008"/>
                <TextEquiv>
                    <Unicode>sin crimen quereis matarle.</Unicode>
                </TextEquiv>
            </TextLine>
            <TextLine id="r1l18" custom="readingOrder {index:17;}">
                <Coords points="184,1080 215,1079 246,1078 277,1077 308,1076 340,1075 371,1074 402,1073 433,1072 464,1071 496,1070 527,1070 558,1069 589,1068 620,1068 652,1067 683,1067 714,1067 745,1067 776,1067 808,1067 808,1033 776,1033 745,1033 714,1033 683,1033 652,1033 620,1034 589,1034 558,1035 527,1036 496,1036 464,1037 433,1038 402,1039 371,1040 340,1041 308,1042 277,1043 246,1044 215,1045 184,1046"/>
                <Baseline points="184,1069 215,1068 246,1067 277,1066 308,1065 340,1064 371,1063 402,1062 433,1061 464,1060 496,1059 527,1059 558,1058 589,1057 620,1057 652,1056 683,1056 714,1056 745,1056 776,1056 808,1056"/>
                <TextEquiv>
                    <Unicode>Mas si el triste os ha ofendido</Unicode>
                </TextEquiv>
            </TextLine>
            <TextLine id="r1l19" custom="readingOrder {index:18;}">
                <Coords points="185,1126 211,1127 237,1127 263,1127 289,1127 316,1126 342,1125 368,1124 394,1123 421,1122 447,1121 473,1120 499,1119 525,1119 552,1118 578,1118 604,1118 630,1119 657,1120 657,1086 630,1085 604,1084 578,1084 552,1084 525,1085 499,1085 473,1086 447,1087 421,1088 394,1089 368,1090 342,1091 316,1092 289,1093 263,1093 237,1093 211,1093 185,1092"/>
                <Baseline points="185,1115 211,1116 237,1116 263,1116 289,1116 316,1115 342,1114 368,1113 394,1112 421,1111 447,1110 473,1109 499,1108 525,1108 552,1107 578,1107 604,1107 630,1108 657,1109"/>
                <TextEquiv>
                    <Unicode>en culpa leve, señor....</Unicode>
                </TextEquiv>
            </TextLine>
            <TextLine id="r1l20" custom="readingOrder {index:19;}">
                <Coords points="133,1178 159,1178 186,1178 213,1178 240,1177 267,1177 293,1176 320,1175 347,1174 374,1172 401,1171 427,1170 454,1169 481,1168 508,1167 535,1166 561,1166 588,1166 615,1166 642,1166 669,1167 669,1133 642,1132 615,1132 588,1132 561,1132 535,1132 508,1133 481,1134 454,1135 427,1136 401,1137 374,1138 347,1140 320,1141 293,1142 267,1143 240,1143 213,1144 186,1144 159,1144 133,1144"/>
                <Baseline points="133,1167 159,1167 186,1167 213,1167 240,1166 267,1166 293,1165 320,1164 347,1163 374,1161 401,1160 427,1159 454,1158 481,1157 508,1156 535,1155 561,1155 588,1155 615,1155 642,1155 669,1156"/>
                <TextEquiv>
                    <Unicode>Rey. Para su procurador,</Unicode>
                </TextEquiv>
            </TextLine>
            <TextLine id="r1l21" custom="readingOrder {index:20;}">
                <Coords points="191,1226 221,1225 252,1224 283,1223 313,1222 344,1221 375,1219 405,1219 436,1218 467,1217 498,1216 528,1215 559,1214 590,1214 620,1213 651,1213 682,1213 712,1213 743,1213 774,1213 805,1214 805,1180 774,1179 743,1179 712,1179 682,1179 651,1179 620,1179 590,1180 559,1180 528,1181 498,1182 467,1183 436,1184 405,1185 375,1185 344,1187 313,1188 283,1189 252,1190 221,1191 191,1192"/>
                <Baseline points="191,1215 221,1214 252,1213 283,1212 313,1211 344,1210 375,1208 405,1208 436,1207 467,1206 498,1205 528,1204 559,1203 590,1203 620,1202 651,1202 682,1202 712,1202 743,1202 774,1202 805,1203"/>
                <TextEquiv>
                    <Unicode>Sancho Ortiz, no habeis venido,</Unicode>
                </TextEquiv>
            </TextLine>
            <TextLine id="r1l22" custom="readingOrder {index:21;}">
                <Coords points="187,1275 212,1275 237,1274 262,1274 287,1273 312,1272 337,1271 363,1269 388,1269 413,1267 438,1266 463,1265 488,1264 514,1264 539,1263 564,1263 589,1263 614,1263 639,1264 665,1265 665,1232 639,1231 614,1230 589,1230 564,1230 539,1230 514,1231 488,1231 463,1232 438,1233 413,1234 388,1236 363,1236 337,1238 312,1239 287,1240 262,1241 237,1241 212,1242 187,1242"/>
                <Baseline points="187,1264 212,1264 237,1263 262,1263 287,1262 312,1261 337,1260 363,1258 388,1258 413,1256 438,1255 463,1254 488,1253 514,1253 539,1252 564,1252 589,1252 614,1252 639,1253 665,1254"/>
                <TextEquiv>
                    <Unicode>sino para darle muerte;</Unicode>
                </TextEquiv>
            </TextLine>
            <TextLine id="r1l23" custom="readingOrder {index:22;}">
                <Coords points="191,1327 216,1325 242,1323 268,1321 294,1320 320,1318 346,1317 372,1316 398,1315 424,1314 449,1313 475,1312 501,1312 527,1311 553,1310 579,1310 605,1309 631,1308 657,1308 657,1277 631,1277 605,1278 579,1279 553,1279 527,1280 501,1281 475,1281 449,1282 424,1283 398,1284 372,1285 346,1286 320,1287 294,1289 268,1290 242,1292 216,1294 191,1296"/>
                <Baseline points="191,1317 216,1315 242,1313 268,1311 294,1310 320,1308 346,1307 372,1306 398,1305 424,1304 449,1303 475,1302 501,1302 527,1301 553,1300 579,1300 605,1299 631,1298 657,1298"/>
                <TextEquiv>
                    <Unicode>y pues se la mando dar</Unicode>
                </TextEquiv>
            </TextLine>
            <TextLine id="r1l24" custom="readingOrder {index:23;}">
                <Coords points="191,1371 219,1370 248,1369 277,1368 305,1367 334,1366 363,1364 391,1364 420,1363 449,1362 478,1361 506,1360 535,1359 564,1359 592,1358 621,1358 650,1357 678,1357 707,1357 736,1357 765,1357 765,1326 736,1326 707,1326 678,1326 650,1326 621,1327 592,1327 564,1328 535,1328 506,1329 478,1330 449,1331 420,1332 391,1333 363,1333 334,1335 305,1336 277,1337 248,1338 219,1339 191,1340"/>
                <Baseline points="191,1361 219,1360 248,1359 277,1358 305,1357 334,1356 363,1354 391,1354 420,1353 449,1352 478,1351 506,1350 535,1349 564,1349 592,1348 621,1348 650,1347 678,1347 707,1347 736,1347 765,1347"/>
                <TextEquiv>
                    <Unicode>escondiendo el brazo fuerte;</Unicode>
                </TextEquiv>
            </TextLine>
            <TextLine id="r1l25" custom="readingOrder {index:24;}">
                <Coords points="195,1420 221,1419 247,1418 273,1418 300,1417 326,1415 352,1415 379,1414 405,1413 431,1412 458,1411 484,1410 510,1409 536,1409 563,1408 589,1408 615,1407 642,1407 668,1407 694,1406 721,1406 721,1372 694,1372 668,1373 642,1373 615,1373 589,1374 563,1374 536,1375 510,1375 484,1376 458,1377 431,1378 405,1379 379,1380 352,1381 326,1381 300,1383 273,1384 247,1384 221,1385 195,1386"/>
                <Baseline points="195,1409 221,1408 247,1407 273,1407 300,1406 326,1404 352,1404 379,1403 405,1402 431,1401 458,1400 484,1399 510,1398 536,1398 563,1397 589,1397 615,1396 642,1396 668,1396 694,1395 721,1395"/>
                <TextEquiv>
                    <Unicode>debe á mi honor importar</Unicode>
                </TextEquiv>
            </TextLine>
            <TextLine id="r1l26" custom="readingOrder {index:25;}">
                <Coords points="199,1470 230,1469 261,1467 292,1466 323,1465 354,1464 385,1462 416,1461 447,1460 478,1459 509,1458 540,1458 571,1457 602,1456 633,1455 664,1455 695,1455 726,1454 757,1454 788,1454 819,1454 819,1421 788,1421 757,1421 726,1421 695,1422 664,1422 633,1422 602,1423 571,1424 540,1425 509,1425 478,1426 447,1427 416,1428 385,1429 354,1431 323,1432 292,1433 261,1434 230,1436 199,1437"/>
                <Baseline points="199,1459 230,1458 261,1456 292,1455 323,1454 354,1453 385,1451 416,1450 447,1449 478,1448 509,1447 540,1447 571,1446 602,1445 633,1444 664,1444 695,1444 726,1443 757,1443 788,1443 819,1443"/>
                <TextEquiv>
                    <Unicode>que muera de aquesta suerte.</Unicode>
                </TextEquiv>
            </TextLine>
            <TextLine id="r1l27" custom="readingOrder {index:26;}">
                <Coords points="199,1516 226,1515 254,1514 282,1513 310,1512 338,1512 366,1511 394,1510 422,1509 450,1509 478,1508 505,1507 533,1507 561,1506 589,1505 617,1505 645,1504 673,1504 701,1503 729,1503 757,1502 757,1469 729,1470 701,1470 673,1471 645,1471 617,1472 589,1472 561,1473 533,1474 505,1474 478,1475 450,1476 422,1476 394,1477 366,1478 338,1479 310,1479 282,1480 254,1481 226,1482 199,1483"/>
                <Baseline points="199,1505 226,1504 254,1503 282,1502 310,1501 338,1501 366,1500 394,1499 422,1498 450,1498 478,1497 505,1496 533,1496 561,1495 589,1494 617,1494 645,1493 673,1493 701,1492 729,1492 757,1491"/>
                <TextEquiv>
                    <Unicode>El que contra mi inhumano</Unicode>
                </TextEquiv>
            </TextLine>
            <TextLine id="r1l28" custom="readingOrder {index:27;}">
                <Coords points="191,1565 216,1565 242,1565 267,1564 293,1563 318,1562 344,1562 369,1561 395,1560 420,1559 446,1558 471,1557 497,1557 522,1556 548,1556 573,1556 599,1556 625,1557 625,1524 599,1523 573,1523 548,1523 522,1523 497,1524 471,1524 446,1525 420,1526 395,1527 369,1528 344,1529 318,1529 293,1530 267,1531 242,1532 216,1532 191,1532"/>
                <Baseline points="191,1554 216,1554 242,1554 267,1553 293,1552 318,1551 344,1551 369,1550 395,1549 420,1548 446,1547 471,1546 497,1546 522,1545 548,1545 573,1545 599,1545 625,1546"/>
                <TextEquiv>
                    <Unicode>la osada espada sacó,</Unicode>
                </TextEquiv>
            </TextLine>
            <TextLine id="r1l29" custom="readingOrder {index:28;}">
                <Coords points="203,1616 230,1614 257,1612 284,1611 311,1609 338,1608 365,1608 392,1607 419,1607 447,1606 447,1573 419,1574 392,1574 365,1575 338,1575 311,1576 284,1578 257,1579 230,1581 203,1583"/>
                <Baseline points="203,1605 230,1603 257,1601 284,1600 311,1598 338,1597 365,1597 392,1596 419,1596 447,1595"/>
                <TextEquiv>
                    <Unicode>qué merece?</Unicode>
                </TextEquiv>
            </TextLine>
            <TextLine id="r1l30" custom="readingOrder {index:29;}">
                <Coords points="152,1665 177,1664 202,1663 228,1661 253,1661 279,1659 304,1659 329,1658 355,1658 380,1657 406,1656 431,1656 456,1656 482,1655 507,1655 533,1654 558,1654 584,1653 584,1620 558,1621 533,1621 507,1622 482,1622 456,1623 431,1623 406,1623 380,1624 355,1625 329,1625 304,1626 279,1626 253,1628 228,1628 202,1630 177,1631 152,1632"/>
                <Baseline points="152,1654 177,1653 202,1652 228,1650 253,1650 279,1648 304,1648 329,1647 355,1647 380,1646 406,1645 431,1645 456,1645 482,1644 507,1644 533,1643 558,1643 584,1642"/>
                <TextEquiv>
                    <Unicode>Sancho. Muerte: y yo</Unicode>
                </TextEquiv>
            </TextLine>
            <TextLine id="r1l31" custom="readingOrder {index:30;}">
                <Coords points="206,1711 231,1710 256,1709 281,1708 307,1707 332,1706 357,1706 383,1705 408,1704 433,1703 459,1702 484,1701 509,1701 535,1700 560,1699 585,1698 611,1698 636,1697 661,1696 687,1695 687,1662 661,1663 636,1664 611,1665 585,1665 560,1666 535,1667 509,1668 484,1668 459,1669 433,1670 408,1671 383,1672 357,1673 332,1673 307,1674 281,1675 256,1676 231,1677 206,1678"/>
                <Baseline points="206,1700 231,1699 256,1698 281,1697 307,1696 332,1695 357,1695 383,1694 408,1693 433,1692 459,1691 484,1690 509,1690 535,1689 560,1688 585,1687 611,1687 636,1686 661,1685 687,1684"/>
                <TextEquiv>
                    <Unicode>se la daré por mi mano</Unicode>
                </TextEquiv>
            </TextLine>
            <TextLine id="r1l32" custom="readingOrder {index:31;}">
                <Coords points="204,1758 230,1757 257,1757 283,1756 310,1755 336,1755 363,1754 389,1753 416,1753 442,1752 469,1751 496,1750 522,1750 549,1749 575,1748 602,1748 628,1747 655,1746 681,1746 708,1745 735,1745 735,1711 708,1711 681,1712 655,1712 628,1713 602,1714 575,1714 549,1715 522,1716 496,1716 469,1717 442,1718 416,1719 389,1719 363,1720 336,1721 310,1721 283,1722 257,1723 230,1723 204,1724"/>
                <Baseline points="204,1747 230,1746 257,1746 283,1745 310,1744 336,1744 363,1743 389,1742 416,1742 442,1741 469,1740 496,1739 522,1739 549,1738 575,1737 602,1737 628,1736 655,1735 681,1735 708,1734 735,1734"/>
                <TextEquiv>
                    <Unicode>á quien tal crimen pensó</Unicode>
                </TextEquiv>
            </TextLine>
            <TextLine id="r1l33" custom="readingOrder {index:32;}">
                <Coords points="156,1808 185,1807 214,1807 244,1807 273,1806 303,1805 332,1804 361,1803 391,1802 420,1801 450,1800 479,1799 509,1798 538,1797 567,1796 597,1796 626,1795 656,1795 685,1795 715,1794 715,1760 685,1761 656,1761 626,1761 597,1762 567,1762 538,1763 509,1764 479,1765 450,1766 420,1767 391,1768 361,1769 332,1770 303,1771 273,1772 244,1773 214,1773 185,1773 156,1774"/>
                <Baseline points="156,1797 185,1796 214,1796 244,1796 273,1795 303,1794 332,1793 361,1792 391,1791 420,1790 450,1789 479,1788 509,1787 538,1786 567,1785 597,1785 626,1784 656,1784 685,1784 715,1783"/>
                <TextEquiv>
                    <Unicode>Rey. Tal delito ha cometido</Unicode>
                </TextEquiv>
            </TextLine>
            <TextLine id="r1l34" custom="readingOrder {index:33;}">
                <Coords points="212,1857 237,1855 262,1853 288,1852 313,1851 339,1851 364,1850 390,1850 415,1851 441,1852 441,1819 415,1818 390,1817 364,1817 339,1818 313,1818 288,1819 262,1820 237,1822 212,1824"/>
                <Baseline points="212,1846 237,1844 262,1842 288,1841 313,1840 339,1840 364,1839 390,1839 415,1840 441,1841"/>
                <TextEquiv>
                    <Unicode>este infeliz.</Unicode>
                </TextEquiv>
            </TextLine>
            <TextLine id="r1l35" custom="readingOrder {index:34;}">
                <Coords points="163,1904 188,1904 214,1904 239,1903 265,1902 291,1902 316,1901 342,1900 368,1899 393,1898 419,1898 445,1897 470,1896 496,1896 522,1895 547,1895 573,1894 599,1894 599,1861 573,1861 547,1862 522,1862 496,1863 470,1863 445,1864 419,1865 393,1865 368,1866 342,1867 316,1868 291,1869 265,1869 239,1870 214,1871 188,1871 163,1871"/>
                <Baseline points="163,1893 188,1893 214,1893 239,1892 265,1891 291,1891 316,1890 342,1889 368,1888 393,1887 419,1887 445,1886 470,1885 496,1885 522,1884 547,1884 573,1883 599,1883"/>
                <TextEquiv>
                    <Unicode>Sancho. Muera luego.</Unicode>
                </TextEquiv>
            </TextLine>
            <TextLine id="r1l36" custom="readingOrder {index:35;}">
                <Coords points="158,1953 190,1953 223,1952 256,1951 289,1950 321,1950 354,1949 387,1948 420,1947 452,1945 485,1945 518,1944 551,1943 583,1942 616,1941 649,1940 682,1939 714,1938 747,1938 780,1937 813,1937 813,1903 780,1903 747,1904 714,1904 682,1905 649,1906 616,1907 583,1908 551,1909 518,1910 485,1911 452,1911 420,1913 387,1914 354,1915 321,1916 289,1916 256,1917 223,1918 190,1919 158,1919"/>
                <Baseline points="158,1942 190,1942 223,1941 256,1940 289,1939 321,1939 354,1938 387,1937 420,1936 452,1934 485,1934 518,1933 551,1932 583,1931 616,1930 649,1929 682,1928 714,1927 747,1927 780,1926 813,1926"/>
                <TextEquiv>
                    <Unicode>Rey. Nadie mi riesgo ha sabido,</Unicode>
                </TextEquiv>
            </TextLine>
            <TextLine id="r1l37" custom="readingOrder {index:36;}">
                <Coords points="163,2002 196,2002 229,2001 262,2000 296,1999 329,1998 362,1997 396,1995 429,1995 462,1993 496,1992 529,1991 562,1990 595,1989 629,1988 662,1988 695,1988 729,1988 762,1988 795,1988 829,1989 829,1955 795,1954 762,1954 729,1954 695,1954 662,1954 629,1954 595,1955 562,1956 529,1957 496,1958 462,1959 429,1961 396,1961 362,1963 329,1964 296,1965 262,1966 229,1967 196,1968 163,1968"/>
                <Baseline points="163,1991 196,1991 229,1990 262,1989 296,1988 329,1987 362,1986 396,1984 429,1984 462,1982 496,1981 529,1980 562,1979 595,1978 629,1977 662,1977 695,1977 729,1977 762,1977 795,1977 829,1978"/>
                <TextEquiv>
                    <Unicode>San.Que muera humilde te ruego,</Unicode>
                </TextEquiv>
            </TextLine>
            <TextLine id="r1l38" custom="readingOrder {index:37;}">
                <Coords points="213,2052 242,2051 271,2050 300,2049 329,2047 359,2046 388,2045 417,2044 446,2043 475,2042 505,2041 534,2040 563,2039 592,2038 621,2038 651,2037 680,2037 709,2036 738,2036 767,2036 797,2036 797,2003 767,2003 738,2003 709,2003 680,2004 651,2004 621,2005 592,2005 563,2006 534,2007 505,2008 475,2009 446,2010 417,2011 388,2012 359,2013 329,2014 300,2016 271,2017 242,2018 213,2019"/>
                <Baseline points="213,2041 242,2040 271,2039 300,2038 329,2036 359,2035 388,2034 417,2033 446,2032 475,2031 505,2030 534,2029 563,2028 592,2027 621,2027 651,2026 680,2026 709,2025 738,2025 767,2025 797,2025"/>
                <TextEquiv>
                    <Unicode>y quede el riesgo escondido.</Unicode>
                </TextEquiv>
            </TextLine>
            <TextLine id="r1l39" custom="readingOrder {index:38;}">
                <Coords points="215,2097 240,2097 266,2096 292,2095 317,2095 343,2095 369,2094 394,2093 420,2092 446,2092 471,2091 497,2090 523,2089 548,2089 574,2088 600,2087 625,2086 651,2086 677,2085 677,2052 651,2053 625,2053 600,2054 574,2055 548,2056 523,2056 497,2057 471,2058 446,2059 420,2059 394,2060 369,2061 343,2062 317,2062 292,2062 266,2063 240,2064 215,2064"/>
                <Baseline points="215,2086 240,2086 266,2085 292,2084 317,2084 343,2084 369,2083 394,2082 420,2081 446,2081 471,2080 497,2079 523,2078 548,2078 574,2077 600,2076 625,2075 651,2075 677,2074"/>
                <TextEquiv>
                    <Unicode>Con tal crimen le daré</Unicode>
                </TextEquiv>
            </TextLine>
            <TextLine id="r1l40" custom="readingOrder {index:39;}">
                <Coords points="211,2146 242,2145 273,2145 305,2144 336,2143 368,2142 399,2141 430,2141 462,2140 493,2139 525,2138 556,2138 587,2137 619,2137 650,2136 682,2136 713,2135 744,2135 776,2135 807,2135 839,2135 839,2101 807,2101 776,2101 744,2101 713,2101 682,2102 650,2102 619,2103 587,2103 556,2104 525,2104 493,2105 462,2106 430,2107 399,2107 368,2108 336,2109 305,2110 273,2111 242,2111 211,2112"/>
                <Baseline points="211,2135 242,2134 273,2134 305,2133 336,2132 368,2131 399,2130 430,2130 462,2129 493,2128 525,2127 556,2127 587,2126 619,2126 650,2125 682,2125 713,2124 744,2124 776,2124 807,2124 839,2124"/>
                <TextEquiv>
                    <Unicode>la muerte á mi propio hermano,</Unicode>
                </TextEquiv>
            </TextLine>
            <TextLine id="r1l41" custom="readingOrder {index:40;}">
                <Coords points="215,2199 240,2197 266,2195 291,2194 317,2193 342,2192 368,2191 393,2191 419,2190 444,2190 470,2190 495,2189 521,2189 546,2188 572,2187 597,2185 623,2183 623,2149 597,2151 572,2153 546,2154 521,2155 495,2155 470,2156 444,2156 419,2156 393,2157 368,2157 342,2158 317,2159 291,2160 266,2161 240,2163 215,2165"/>
                <Baseline points="215,2188 240,2186 266,2184 291,2183 317,2182 342,2181 368,2180 393,2180 419,2179 444,2179 470,2179 495,2178 521,2178 546,2177 572,2176 597,2174 623,2172"/>
                <TextEquiv>
                    <Unicode>y en nada repararé.</Unicode>
                </TextEquiv>
            </TextLine>
            <TextLine id="r1l42" custom="readingOrder {index:41;}">
                <Coords points="163,2246 195,2245 228,2244 261,2243 294,2242 327,2240 359,2240 392,2239 425,2238 458,2237 491,2236 523,2236 556,2235 589,2235 622,2234 654,2233 687,2232 720,2232 753,2231 786,2231 819,2230 819,2196 786,2197 753,2197 720,2198 687,2198 654,2199 622,2200 589,2201 556,2201 523,2202 491,2202 458,2203 425,2204 392,2205 359,2206 327,2206 294,2208 261,2209 228,2210 195,2211 163,2212"/>
                <Baseline points="163,2235 195,2234 228,2233 261,2232 294,2231 327,2229 359,2229 392,2228 425,2227 458,2226 491,2225 523,2225 556,2224 589,2224 622,2223 654,2222 687,2221 720,2221 753,2220 786,2220 819,2219"/>
                <TextEquiv>
                    <Unicode>Rey. Dame esa palabra y mano.</Unicode>
                </TextEquiv>
            </TextLine>
            <TextLine id="r1l43" custom="readingOrder {index:42;}">
                <Coords points="172,2295 203,2293 235,2292 267,2291 299,2290 331,2290 363,2289 394,2288 426,2287 458,2286 490,2286 522,2285 554,2284 586,2284 617,2283 649,2282 681,2282 713,2281 745,2280 777,2279 809,2278 809,2244 777,2245 745,2246 713,2247 681,2248 649,2248 617,2249 586,2250 554,2250 522,2251 490,2252 458,2252 426,2253 394,2254 363,2255 331,2256 299,2256 267,2257 235,2258 203,2259 172,2261"/>
                <Baseline points="172,2284 203,2282 235,2281 267,2280 299,2279 331,2279 363,2278 394,2277 426,2276 458,2275 490,2275 522,2274 554,2273 586,2273 617,2272 649,2271 681,2271 713,2270 745,2269 777,2268 809,2267"/>
                <TextEquiv>
                    <Unicode>Danse las manos, y besa Ortiz</Unicode>
                </TextEquiv>
            </TextLine>
            <TextLine id="r1l44" custom="readingOrder {index:43;}">
                <Coords points="390,2339 415,2339 441,2338 467,2337 492,2336 518,2335 544,2335 569,2335 595,2337 621,2338 621,2304 595,2303 569,2301 544,2301 518,2301 492,2302 467,2303 441,2304 415,2305 390,2305"/>
                <Baseline points="390,2328 415,2328 441,2327 467,2326 492,2325 518,2324 544,2324 569,2324 595,2326 621,2327"/>
                <TextEquiv>
                    <Unicode>la del Rey. </Unicode>
                </TextEquiv>
            </TextLine>
            <TextEquiv>
                <Unicode>Rey. Tambien brillará en Sevilla.
A mi me importa matar
en secreto un hombre: y quiero
esta hazaña confiar
á vos solo, que os prefiero
á cuantos pudiera hallar.
Sancho. Está culpado?
Rey. Si está.
San. Pues cómo muerte en secreto
á un delicuente se dá?
Poner su muerte en efecto
públicamente podrá
vuestra justicia, sin darle
pena secreta: que asi
os culpaís vos en culparle;
y habrá quien piense que aquí
sin crimen quereis matarle.
Mas si el triste os ha ofendido
en culpa leve, señor....
Rey. Para su procurador,
Sancho Ortiz, no habeis venido,
sino para darle muerte;
y pues se la mando dar
escondiendo el brazo fuerte;
debe á mi honor importar
que muera de aquesta suerte.
El que contra mi inhumano
la osada espada sacó,
qué merece?
Sancho. Muerte: y yo
se la daré por mi mano
á quien tal crimen pensó
Rey. Tal delito ha cometido
este infeliz.
Sancho. Muera luego.
Rey. Nadie mi riesgo ha sabido,
San.Que muera humilde te ruego,
y quede el riesgo escondido.
Con tal crimen le daré
la muerte á mi propio hermano,
y en nada repararé.
Rey. Dame esa palabra y mano.
Danse las manos, y besa Ortiz
la del Rey. </Unicode>
            </TextEquiv>
        </TextRegion>
        <TextRegion orientation="0.0" id="r2" custom="readingOrder {index:1;}">
            <Coords points="844,186 844,2326 1574,2326 1574,186"/>
            <TextLine id="r2l1" custom="readingOrder {index:0;}">
                <Coords points="846,235 879,235 912,234 945,233 978,232 1011,232 1044,231 1078,230 1111,229 1144,229 1177,228 1210,227 1243,226 1276,225 1310,224 1343,224 1376,223 1409,222 1442,222 1475,221 1509,220 1509,186 1475,187 1442,188 1409,188 1376,189 1343,190 1310,190 1276,191 1243,192 1210,193 1177,194 1144,195 1111,195 1078,196 1044,197 1011,198 978,198 945,199 912,200 879,201 846,201"/>
                <Baseline points="846,224 879,224 912,223 945,222 978,221 1011,221 1044,220 1078,219 1111,218 1144,218 1177,217 1210,216 1243,215 1276,214 1310,213 1343,213 1376,212 1409,211 1442,211 1475,210 1509,209"/>
                <TextEquiv>
                    <Unicode>Sancho. Y en ella el alma y la fé.</Unicode>
                </TextEquiv>
            </TextLine>
            <TextLine id="r2l2" custom="readingOrder {index:1;}">
                <Coords points="844,286 877,284 910,283 944,282 977,281 1011,280 1044,279 1078,279 1111,278 1145,277 1178,277 1211,276 1245,275 1278,274 1312,273 1345,273 1379,272 1412,271 1446,270 1479,269 1513,267 1513,233 1479,235 1446,236 1412,237 1379,238 1345,239 1312,239 1278,240 1245,241 1211,242 1178,243 1145,243 1111,244 1078,245 1044,245 1011,246 977,247 944,248 910,249 877,250 844,252"/>
                <Baseline points="844,275 877,273 910,272 944,271 977,270 1011,269 1044,268 1078,268 1111,267 1145,266 1178,266 1211,265 1245,264 1278,263 1312,262 1345,262 1379,261 1412,260 1446,259 1479,258 1513,256"/>
                <TextEquiv>
                    <Unicode>Rey. Cuando le halleis descuidado</Unicode>
                </TextEquiv>
            </TextLine>
            <TextLine id="r2l3" custom="readingOrder {index:2;}">
                <Coords points="903,331 929,330 956,330 982,329 1009,328 1035,327 1062,326 1088,326 1115,325 1141,325 1168,325 1194,324 1221,324 1221,290 1194,290 1168,291 1141,291 1115,291 1088,292 1062,292 1035,293 1009,294 982,295 956,296 929,296 903,297"/>
                <Baseline points="903,320 929,319 956,319 982,318 1009,317 1035,316 1062,315 1088,315 1115,314 1141,314 1168,314 1194,313 1221,313"/>
                <TextEquiv>
                    <Unicode>podreis matarle.</Unicode>
                </TextEquiv>
            </TextLine>
            <TextLine id="r2l4" custom="readingOrder {index:3;}">
                <Coords points="847,382 872,382 898,381 924,380 950,379 976,378 1002,377 1027,376 1053,375 1079,375 1105,375 1131,376 1157,377 1157,343 1131,342 1105,341 1079,341 1053,341 1027,342 1002,343 976,344 950,345 924,346 898,347 872,348 847,348"/>
                <Baseline points="847,371 872,371 898,370 924,369 950,368 976,367 1002,366 1027,365 1053,364 1079,364 1105,364 1131,365 1157,366"/>
                <TextEquiv>
                    <Unicode>Sancho. Señor,</Unicode>
                </TextEquiv>
            </TextLine>
            <TextLine id="r2l5" custom="readingOrder {index:4;}">
                <Coords points="896,431 921,429 946,427 971,426 996,425 1021,424 1046,423 1071,423 1096,422 1121,422 1147,422 1172,421 1197,421 1222,421 1247,420 1272,419 1297,418 1322,418 1347,416 1373,415 1373,381 1347,382 1322,384 1297,384 1272,385 1247,386 1222,387 1197,387 1172,387 1147,388 1121,388 1096,388 1071,389 1046,389 1021,390 996,391 971,392 946,393 921,395 896,397"/>
                <Baseline points="896,420 921,418 946,416 971,415 996,414 1021,413 1046,412 1071,412 1096,411 1121,411 1147,411 1172,410 1197,410 1222,410 1247,409 1272,408 1297,407 1322,407 1347,405 1373,404"/>
                <TextEquiv>
                    <Unicode>siendo Roelas y soldado</Unicode>
                </TextEquiv>
            </TextLine>
            <TextLine id="r2l6" custom="readingOrder {index:5;}">
                <Coords points="890,478 916,477 942,475 969,474 995,473 1021,473 1048,472 1074,471 1100,470 1127,470 1153,469 1179,469 1206,468 1232,468 1258,467 1285,467 1311,466 1337,466 1364,465 1390,464 1417,464 1417,430 1390,430 1364,431 1337,432 1311,432 1285,433 1258,433 1232,434 1206,434 1179,435 1153,435 1127,436 1100,436 1074,437 1048,438 1021,439 995,439 969,440 942,441 916,443 890,444"/>
                <Baseline points="890,467 916,466 942,464 969,463 995,462 1021,462 1048,461 1074,460 1100,459 1127,459 1153,458 1179,458 1206,457 1232,457 1258,456 1285,456 1311,455 1337,455 1364,454 1390,453 1417,453"/>
                <TextEquiv>
                    <Unicode>me quereis hacer traidor?</Unicode>
                </TextEquiv>
            </TextLine>
            <TextLine id="r2l7" custom="readingOrder {index:6;}">
                <Coords points="900,525 931,524 962,523 993,522 1024,521 1055,520 1086,519 1118,518 1149,518 1180,517 1211,516 1242,515 1273,515 1304,514 1336,513 1367,512 1398,512 1429,511 1460,511 1491,510 1523,510 1523,476 1491,476 1460,477 1429,477 1398,478 1367,478 1336,479 1304,480 1273,481 1242,481 1211,482 1180,483 1149,484 1118,484 1086,485 1055,486 1024,487 993,488 962,489 931,490 900,491"/>
                <Baseline points="900,514 931,513 962,512 993,511 1024,510 1055,509 1086,508 1118,507 1149,507 1180,506 1211,505 1242,504 1273,504 1304,503 1336,502 1367,501 1398,501 1429,500 1460,500 1491,499 1523,499"/>
                <TextEquiv>
                    <Unicode>Yo dar muerte á un desarmado?</Unicode>
                </TextEquiv>
            </TextLine>
            <TextLine id="r2l8" custom="readingOrder {index:7;}">
                <Coords points="897,574 928,573 959,572 990,572 1022,571 1053,570 1084,569 1116,568 1147,568 1178,567 1210,566 1241,566 1272,565 1303,564 1335,563 1366,563 1397,562 1429,561 1460,560 1491,559 1523,558 1523,524 1491,525 1460,526 1429,527 1397,528 1366,529 1335,529 1303,530 1272,531 1241,532 1210,532 1178,533 1147,534 1116,534 1084,535 1053,536 1022,537 990,538 959,538 928,539 897,540"/>
                <Baseline points="897,563 928,562 959,561 990,561 1022,560 1053,559 1084,558 1116,557 1147,557 1178,556 1210,555 1241,555 1272,554 1303,553 1335,552 1366,552 1397,551 1429,550 1460,549 1491,548 1523,547"/>
                <TextEquiv>
                    <Unicode>Cuerpo á cuerpo he de matallo</Unicode>
                </TextEquiv>
            </TextLine>
            <TextLine id="r2l9" custom="readingOrder {index:8;}">
                <Coords points="903,622 929,622 956,621 982,621 1009,620 1035,619 1062,618 1088,617 1115,616 1141,615 1168,615 1194,614 1221,613 1247,613 1274,613 1300,614 1327,614 1327,581 1300,581 1274,580 1247,580 1221,580 1194,581 1168,582 1141,582 1115,583 1088,584 1062,585 1035,586 1009,587 982,588 956,588 929,589 903,589"/>
                <Baseline points="903,611 929,611 956,610 982,610 1009,609 1035,608 1062,607 1088,606 1115,605 1141,604 1168,604 1194,603 1221,602 1247,602 1274,602 1300,603 1327,603"/>
                <TextEquiv>
                    <Unicode>donde Sevilla lo vea,</Unicode>
                </TextEquiv>
            </TextLine>
            <TextLine id="r2l10" custom="readingOrder {index:9;}">
                <Coords points="906,671 931,671 957,671 983,670 1009,670 1035,669 1061,668 1086,667 1112,666 1138,665 1164,664 1190,663 1216,662 1242,661 1267,661 1293,660 1319,660 1345,660 1371,661 1397,661 1423,662 1423,629 1397,628 1371,628 1345,627 1319,627 1293,627 1267,628 1242,628 1216,629 1190,630 1164,631 1138,632 1112,633 1086,634 1061,635 1035,636 1009,637 983,637 957,638 931,638 906,638"/>
                <Baseline points="906,660 931,660 957,660 983,659 1009,659 1035,658 1061,657 1086,656 1112,655 1138,654 1164,653 1190,652 1216,651 1242,650 1267,650 1293,649 1319,649 1345,649 1371,650 1397,650 1423,651"/>
                <TextEquiv>
                    <Unicode>en la plaza, ó en la calle,</Unicode>
                </TextEquiv>
            </TextLine>
            <TextLine id="r2l11" custom="readingOrder {index:10;}">
                <Coords points="907,719 934,719 962,718 990,718 1018,717 1046,716 1074,716 1102,715 1130,714 1158,713 1186,713 1213,712 1241,711 1269,711 1297,710 1325,710 1353,709 1381,709 1409,709 1437,709 1465,709 1465,675 1437,675 1409,675 1381,675 1353,675 1325,676 1297,676 1269,677 1241,677 1213,678 1186,679 1158,679 1130,680 1102,681 1074,682 1046,682 1018,683 990,684 962,684 934,685 907,685"/>
                <Baseline points="907,708 934,708 962,707 990,707 1018,706 1046,705 1074,705 1102,704 1130,703 1158,702 1186,702 1213,701 1241,700 1269,700 1297,699 1325,699 1353,698 1381,698 1409,698 1437,698 1465,698"/>
                <TextEquiv>
                    <Unicode>que el que mata y no peléa</Unicode>
                </TextEquiv>
            </TextLine>
            <TextLine id="r2l12" custom="readingOrder {index:11;}">
                <Coords points="900,767 926,766 952,766 978,766 1004,765 1030,765 1056,764 1083,763 1109,763 1135,762 1161,761 1187,760 1213,760 1240,759 1266,759 1292,758 1318,758 1344,757 1370,757 1397,757 1397,723 1370,723 1344,723 1318,724 1292,724 1266,725 1240,725 1213,726 1187,726 1161,727 1135,728 1109,729 1083,729 1056,730 1030,731 1004,731 978,732 952,732 926,732 900,733"/>
                <Baseline points="900,756 926,755 952,755 978,755 1004,754 1030,754 1056,753 1083,752 1109,752 1135,751 1161,750 1187,749 1213,749 1240,748 1266,748 1292,747 1318,747 1344,746 1370,746 1397,746"/>
                <TextEquiv>
                    <Unicode>nadie puede discurparle.</Unicode>
                </TextEquiv>
            </TextLine>
            <TextLine id="r2l13" custom="readingOrder {index:12;}">
                <Coords points="915,814 941,814 967,814 993,814 1019,813 1045,813 1071,812 1097,811 1123,811 1149,810 1175,809 1201,808 1227,808 1253,807 1279,807 1305,806 1331,806 1357,806 1383,806 1383,772 1357,772 1331,772 1305,772 1279,773 1253,773 1227,774 1201,774 1175,775 1149,776 1123,777 1097,777 1071,778 1045,779 1019,779 993,780 967,780 941,780 915,780"/>
                <Baseline points="915,803 941,803 967,803 993,803 1019,802 1045,802 1071,801 1097,800 1123,800 1149,799 1175,798 1201,797 1227,797 1253,796 1279,796 1305,795 1331,795 1357,795 1383,795"/>
                <TextEquiv>
                    <Unicode>Vos decis está culpado,</Unicode>
                </TextEquiv>
            </TextLine>
            <TextLine id="r2l14" custom="readingOrder {index:13;}">
                <Coords points="901,870 929,868 957,867 985,865 1013,864 1041,863 1069,862 1097,861 1125,860 1153,859 1181,858 1209,857 1237,857 1265,856 1293,855 1321,855 1349,854 1377,854 1405,854 1433,853 1461,853 1461,819 1433,819 1405,820 1377,820 1349,820 1321,821 1293,821 1265,822 1237,823 1209,823 1181,824 1153,825 1125,826 1097,827 1069,828 1041,829 1013,830 985,831 957,833 929,834 901,836"/>
                <Baseline points="901,859 929,857 957,856 985,854 1013,853 1041,852 1069,851 1097,850 1125,849 1153,848 1181,847 1209,846 1237,846 1265,845 1293,844 1321,844 1349,843 1377,843 1405,843 1433,842 1461,842"/>
                <TextEquiv>
                    <Unicode>y porque ese es su destino,</Unicode>
                </TextEquiv>
            </TextLine>
            <TextLine id="r2l15" custom="readingOrder {index:14;}">
                <Coords points="905,917 934,916 964,915 994,913 1023,912 1053,911 1083,910 1112,909 1142,908 1172,907 1202,906 1231,906 1261,905 1291,905 1320,904 1350,904 1380,903 1409,903 1439,902 1469,902 1499,901 1499,868 1469,869 1439,869 1409,870 1380,870 1350,871 1320,871 1291,872 1261,872 1231,873 1202,873 1172,874 1142,875 1112,876 1083,877 1053,878 1023,879 994,880 964,882 934,883 905,884"/>
                <Baseline points="905,906 934,905 964,904 994,902 1023,901 1053,900 1083,899 1112,898 1142,897 1172,896 1202,895 1231,895 1261,894 1291,894 1320,893 1350,893 1380,892 1409,892 1439,891 1469,891 1499,890"/>
                <TextEquiv>
                    <Unicode>y vos me lo habeis mandado,</Unicode>
                </TextEquiv>
            </TextLine>
            <TextLine id="r2l16" custom="readingOrder {index:15;}">
                <Coords points="918,961 944,961 970,961 996,960 1022,960 1048,959 1074,959 1100,958 1126,957 1152,957 1178,956 1204,955 1230,955 1256,955 1282,954 1308,954 1334,953 1360,953 1386,953 1413,953 1413,920 1386,920 1360,920 1334,920 1308,921 1282,921 1256,922 1230,922 1204,922 1178,923 1152,924 1126,924 1100,925 1074,926 1048,926 1022,927 996,927 970,928 944,928 918,928"/>
                <Baseline points="918,950 944,950 970,950 996,949 1022,949 1048,948 1074,948 1100,947 1126,946 1152,946 1178,945 1204,944 1230,944 1256,944 1282,943 1308,943 1334,942 1360,942 1386,942 1413,942"/>
                <TextEquiv>
                    <Unicode>le mataré como honrado,</Unicode>
                </TextEquiv>
            </TextLine>
            <TextLine id="r2l17" custom="readingOrder {index:16;}">
                <Coords points="915,1011 940,1010 965,1010 990,1009 1015,1008 1040,1007 1065,1007 1090,1006 1115,1006 1140,1005 1165,1005 1190,1004 1215,1004 1240,1003 1265,1003 1290,1002 1315,1001 1340,1001 1365,1000 1365,966 1340,967 1315,967 1290,968 1265,969 1240,969 1215,970 1190,970 1165,971 1140,971 1115,972 1090,972 1065,973 1040,973 1015,974 990,975 965,976 940,976 915,977"/>
                <Baseline points="915,1000 940,999 965,999 990,998 1015,997 1040,996 1065,996 1090,995 1115,995 1140,994 1165,994 1190,993 1215,993 1240,992 1265,992 1290,991 1315,990 1340,990 1365,989"/>
                <TextEquiv>
                    <Unicode>pero no como asesino.</Unicode>
                </TextEquiv>
            </TextLine>
            <TextLine id="r2l18" custom="readingOrder {index:17;}">
                <Coords points="866,1062 894,1061 923,1060 951,1059 980,1058 1009,1057 1037,1057 1066,1056 1095,1054 1123,1054 1152,1053 1181,1052 1209,1051 1238,1050 1267,1050 1295,1049 1324,1049 1353,1048 1381,1048 1410,1048 1439,1048 1439,1014 1410,1014 1381,1014 1353,1014 1324,1015 1295,1015 1267,1016 1238,1016 1209,1017 1181,1018 1152,1019 1123,1020 1095,1020 1066,1022 1037,1023 1009,1023 980,1024 951,1025 923,1026 894,1027 866,1028"/>
                <Baseline points="866,1051 894,1050 923,1049 951,1048 980,1047 1009,1046 1037,1046 1066,1045 1095,1043 1123,1043 1152,1042 1181,1041 1209,1040 1238,1039 1267,1039 1295,1038 1324,1038 1353,1037 1381,1037 1410,1037 1439,1037"/>
                <TextEquiv>
                    <Unicode>Rey. Hacedlo como querais,</Unicode>
                </TextEquiv>
            </TextLine>
            <TextLine id="r2l19" custom="readingOrder {index:18;}">
                <Coords points="915,1109 942,1108 969,1108 996,1107 1024,1107 1051,1106 1078,1105 1105,1104 1133,1104 1160,1103 1187,1102 1214,1101 1242,1101 1269,1100 1296,1099 1323,1098 1351,1098 1378,1097 1405,1096 1432,1096 1460,1095 1460,1061 1432,1062 1405,1062 1378,1063 1351,1064 1323,1064 1296,1065 1269,1066 1242,1067 1214,1067 1187,1068 1160,1069 1133,1070 1105,1070 1078,1071 1051,1072 1024,1073 996,1073 969,1074 942,1074 915,1075"/>
                <Baseline points="915,1098 942,1097 969,1097 996,1096 1024,1096 1051,1095 1078,1094 1105,1093 1133,1093 1160,1092 1187,1091 1214,1090 1242,1090 1269,1089 1296,1088 1323,1087 1351,1087 1378,1086 1405,1085 1432,1085 1460,1084"/>
                <TextEquiv>
                    <Unicode>que este papel para abono</Unicode>
                </TextEquiv>
            </TextLine>
            <TextLine id="r2l20" custom="readingOrder {index:19;}">
                <Coords points="917,1156 943,1156 969,1156 996,1155 1022,1154 1048,1154 1075,1153 1101,1152 1127,1151 1154,1150 1180,1149 1206,1149 1233,1148 1259,1148 1285,1148 1312,1148 1338,1149 1365,1150 1365,1116 1338,1115 1312,1114 1285,1114 1259,1114 1233,1114 1206,1115 1180,1115 1154,1116 1127,1117 1101,1118 1075,1119 1048,1120 1022,1120 996,1121 969,1122 943,1122 917,1122"/>
                <Baseline points="917,1145 943,1145 969,1145 996,1144 1022,1143 1048,1143 1075,1142 1101,1141 1127,1140 1154,1139 1180,1138 1206,1138 1233,1137 1259,1137 1285,1137 1312,1137 1338,1138 1365,1139"/>
                <TextEquiv>
                    <Unicode>de mi firmado llevais,</Unicode>
                </TextEquiv>
            </TextLine>
            <TextLine id="r2l21" custom="readingOrder {index:20;}">
                <Coords points="922,1205 947,1205 973,1205 999,1204 1025,1203 1051,1203 1076,1202 1102,1200 1128,1199 1154,1199 1180,1198 1205,1197 1231,1197 1257,1197 1283,1197 1309,1197 1335,1199 1335,1165 1309,1163 1283,1163 1257,1163 1231,1163 1205,1163 1180,1164 1154,1165 1128,1165 1102,1166 1076,1168 1051,1169 1025,1169 999,1170 973,1171 947,1171 922,1171"/>
                <Baseline points="922,1194 947,1194 973,1194 999,1193 1025,1192 1051,1192 1076,1191 1102,1189 1128,1188 1154,1188 1180,1187 1205,1186 1231,1186 1257,1186 1283,1186 1309,1186 1335,1188"/>
                <TextEquiv>
                    <Unicode>la justicia no temais,</Unicode>
                </TextEquiv>
            </TextLine>
            <TextLine id="r2l22" custom="readingOrder {index:21;}">
                <Coords points="922,1253 952,1252 982,1252 1013,1252 1043,1251 1074,1250 1104,1250 1135,1249 1165,1248 1196,1248 1226,1247 1256,1246 1287,1246 1317,1245 1348,1244 1378,1244 1409,1243 1439,1242 1470,1241 1500,1240 1531,1240 1531,1206 1500,1206 1470,1207 1439,1208 1409,1209 1378,1210 1348,1210 1317,1211 1287,1212 1256,1212 1226,1213 1196,1214 1165,1214 1135,1215 1104,1216 1074,1216 1043,1217 1013,1218 982,1218 952,1218 922,1219"/>
                <Baseline points="922,1242 952,1241 982,1241 1013,1241 1043,1240 1074,1239 1104,1239 1135,1238 1165,1237 1196,1237 1226,1236 1256,1235 1287,1235 1317,1234 1348,1233 1378,1233 1409,1232 1439,1231 1470,1230 1500,1229 1531,1229"/>
                <TextEquiv>
                    <Unicode>que él os libra de su encono</Unicode>
                </TextEquiv>
            </TextLine>
            <TextLine id="r2l23" custom="readingOrder {index:22;}">
                <Coords points="938,1299 964,1300 990,1300 1016,1299 1042,1299 1069,1298 1095,1297 1121,1297 1147,1297 1173,1297 1200,1297 1200,1263 1173,1263 1147,1263 1121,1263 1095,1263 1069,1264 1042,1265 1016,1265 990,1266 964,1266 938,1265"/>
                <Baseline points="938,1288 964,1289 990,1289 1016,1288 1042,1288 1069,1287 1095,1286 1121,1286 1147,1286 1173,1286 1200,1286"/>
                <TextEquiv>
                    <Unicode>Ved qué dice. LEE.</Unicode>
                </TextEquiv>
            </TextLine>
            <TextLine id="r2l25" custom="readingOrder {index:23;}">
                <Coords points="873,1352 898,1352 923,1352 948,1351 973,1351 998,1350 1023,1349 1049,1347 1074,1346 1099,1346 1124,1345 1149,1345 1174,1345 1199,1345 1225,1347 1225,1314 1199,1312 1174,1312 1149,1312 1124,1312 1099,1313 1074,1313 1049,1314 1023,1316 998,1317 973,1318 948,1318 923,1319 898,1319 873,1319"/>
                <Baseline points="873,1341 898,1341 923,1341 948,1340 973,1340 998,1339 1023,1338 1049,1336 1074,1335 1099,1335 1124,1334 1149,1334 1174,1334 1199,1334 1225,1336"/>
                <TextEquiv>
                    <Unicode>Sancho. Dice asi;</Unicode>
                </TextEquiv>
            </TextLine>
            <TextLine id="r2l26" custom="readingOrder {index:24;}">
                <Coords points="925,1402 954,1401 984,1401 1013,1399 1043,1399 1073,1398 1102,1397 1132,1396 1161,1394 1191,1393 1221,1392 1250,1392 1280,1390 1309,1390 1339,1389 1369,1388 1398,1388 1428,1388 1457,1388 1487,1388 1517,1388 1517,1355 1487,1355 1457,1355 1428,1355 1398,1355 1369,1355 1339,1356 1309,1357 1280,1357 1250,1359 1221,1359 1191,1360 1161,1361 1132,1363 1102,1364 1073,1365 1043,1366 1013,1366 984,1368 954,1368 925,1369"/>
                <Baseline points="925,1391 954,1390 984,1390 1013,1388 1043,1388 1073,1387 1102,1386 1132,1385 1161,1383 1191,1382 1221,1381 1250,1381 1280,1379 1309,1379 1339,1378 1369,1377 1398,1377 1428,1377 1457,1377 1487,1377 1517,1377"/>
                <TextEquiv>
                    <Unicode>Al que este papel te advierte,</Unicode>
                </TextEquiv>
            </TextLine>
            <TextLine id="r2l27" custom="readingOrder {index:25;}">
                <Coords points="924,1453 951,1451 979,1449 1006,1448 1034,1446 1061,1445 1089,1444 1116,1443 1144,1442 1171,1442 1199,1441 1227,1440 1254,1440 1282,1439 1309,1439 1337,1438 1364,1437 1392,1437 1419,1436 1447,1435 1475,1434 1475,1400 1447,1401 1419,1402 1392,1403 1364,1403 1337,1404 1309,1405 1282,1405 1254,1406 1227,1406 1199,1407 1171,1408 1144,1408 1116,1409 1089,1410 1061,1411 1034,1412 1006,1414 979,1415 951,1417 924,1419"/>
                <Baseline points="924,1442 951,1440 979,1438 1006,1437 1034,1435 1061,1434 1089,1433 1116,1432 1144,1431 1171,1431 1199,1430 1227,1429 1254,1429 1282,1428 1309,1428 1337,1427 1364,1426 1392,1426 1419,1425 1447,1424 1475,1423"/>
                <TextEquiv>
                    <Unicode>Sancho Ortiz luego por mi</Unicode>
                </TextEquiv>
            </TextLine>
            <TextLine id="r2l28" custom="readingOrder {index:26;}">
                <Coords points="923,1502 953,1500 983,1499 1013,1497 1043,1495 1073,1493 1103,1492 1133,1491 1163,1490 1193,1489 1224,1488 1254,1488 1284,1487 1314,1487 1344,1486 1374,1486 1404,1485 1434,1485 1464,1485 1494,1484 1525,1484 1525,1450 1494,1450 1464,1451 1434,1451 1404,1451 1374,1452 1344,1452 1314,1453 1284,1453 1254,1454 1224,1454 1193,1455 1163,1456 1133,1457 1103,1458 1073,1459 1043,1461 1013,1463 983,1465 953,1466 923,1468"/>
                <Baseline points="923,1491 953,1489 983,1488 1013,1486 1043,1484 1073,1482 1103,1481 1133,1480 1163,1479 1193,1478 1224,1477 1254,1477 1284,1476 1314,1476 1344,1475 1374,1475 1404,1474 1434,1474 1464,1474 1494,1473 1525,1473"/>
                <TextEquiv>
                    <Unicode>y en mi nombre dule muerte,</Unicode>
                </TextEquiv>
            </TextLine>
            <TextLine id="r2l29" custom="readingOrder {index:27;}">
                <Coords points="931,1552 956,1550 981,1548 1006,1547 1031,1545 1057,1544 1082,1543 1107,1542 1132,1541 1157,1540 1183,1539 1208,1538 1233,1538 1258,1537 1283,1536 1309,1536 1334,1536 1359,1535 1384,1535 1409,1535 1435,1534 1435,1500 1409,1501 1384,1501 1359,1501 1334,1502 1309,1502 1283,1502 1258,1503 1233,1504 1208,1504 1183,1505 1157,1506 1132,1507 1107,1508 1082,1509 1057,1510 1031,1511 1006,1513 981,1514 956,1516 931,1518"/>
                <Baseline points="931,1541 956,1539 981,1537 1006,1536 1031,1534 1057,1533 1082,1532 1107,1531 1132,1530 1157,1529 1183,1528 1208,1527 1233,1527 1258,1526 1283,1525 1309,1525 1334,1525 1359,1524 1384,1524 1409,1524 1435,1523"/>
                <TextEquiv>
                    <Unicode>que yo por tí salgo aqui:</Unicode>
                </TextEquiv>
            </TextLine>
            <TextLine id="r2l30" custom="readingOrder {index:28;}">
                <Coords points="929,1602 954,1599 980,1597 1006,1595 1032,1592 1058,1591 1084,1589 1110,1588 1136,1588 1161,1587 1187,1587 1213,1587 1239,1586 1265,1586 1291,1586 1317,1585 1343,1584 1369,1584 1369,1551 1343,1551 1317,1552 1291,1553 1265,1553 1239,1553 1213,1554 1187,1554 1161,1554 1136,1555 1110,1555 1084,1556 1058,1558 1032,1559 1006,1562 980,1564 954,1566 929,1569"/>
                <Baseline points="929,1591 954,1588 980,1586 1006,1584 1032,1581 1058,1580 1084,1578 1110,1577 1136,1577 1161,1576 1187,1576 1213,1576 1239,1575 1265,1575 1291,1575 1317,1574 1343,1573 1369,1573"/>
                <TextEquiv>
                    <Unicode>y si te vez en aprieto.</Unicode>
                </TextEquiv>
            </TextLine>
            <TextLine id="r2l31" custom="readingOrder {index:29;}">
                <Coords points="927,1648 952,1646 977,1644 1003,1643 1028,1642 1053,1640 1079,1639 1104,1638 1129,1638 1155,1637 1180,1636 1205,1636 1231,1635 1256,1635 1281,1634 1307,1633 1332,1632 1357,1631 1383,1630 1383,1597 1357,1598 1332,1599 1307,1600 1281,1601 1256,1602 1231,1602 1205,1603 1180,1603 1155,1604 1129,1605 1104,1605 1079,1606 1053,1607 1028,1609 1003,1610 977,1611 952,1613 927,1615"/>
                <Baseline points="927,1637 952,1635 977,1633 1003,1632 1028,1631 1053,1629 1079,1628 1104,1627 1129,1627 1155,1626 1180,1625 1205,1625 1231,1624 1256,1624 1281,1623 1307,1622 1332,1621 1357,1620 1383,1619"/>
                <TextEquiv>
                    <Unicode>por este papel firmado</Unicode>
                </TextEquiv>
            </TextLine>
            <TextLine id="r2l32" custom="readingOrder {index:30;}">
                <Coords points="930,1694 955,1692 981,1691 1006,1690 1032,1690 1057,1689 1083,1688 1108,1687 1134,1686 1159,1686 1185,1685 1210,1684 1236,1683 1261,1683 1287,1682 1312,1681 1338,1680 1363,1679 1389,1679 1415,1678 1415,1644 1389,1645 1363,1645 1338,1646 1312,1647 1287,1648 1261,1649 1236,1649 1210,1650 1185,1651 1159,1652 1134,1652 1108,1653 1083,1654 1057,1655 1032,1656 1006,1656 981,1657 955,1658 930,1660"/>
                <Baseline points="930,1683 955,1681 981,1680 1006,1679 1032,1679 1057,1678 1083,1677 1108,1676 1134,1675 1159,1675 1185,1674 1210,1673 1236,1672 1261,1672 1287,1671 1312,1670 1338,1669 1363,1668 1389,1668 1415,1667"/>
                <TextEquiv>
                    <Unicode>sacarte de el te prometo.</Unicode>
                </TextEquiv>
            </TextLine>
            <TextLine id="r2l33" custom="readingOrder {index:31;}">
                <Coords points="936,1742 963,1741 990,1740 1017,1739 1044,1738 1071,1738 1098,1737 1126,1736 1153,1735 1180,1734 1207,1733 1234,1732 1261,1732 1288,1731 1316,1730 1343,1729 1370,1729 1397,1728 1424,1727 1451,1726 1479,1725 1479,1691 1451,1692 1424,1693 1397,1694 1370,1695 1343,1695 1316,1696 1288,1697 1261,1698 1234,1698 1207,1699 1180,1700 1153,1701 1126,1702 1098,1703 1071,1704 1044,1704 1017,1705 990,1706 963,1707 936,1708"/>
                <Baseline points="936,1731 963,1730 990,1729 1017,1728 1044,1727 1071,1727 1098,1726 1126,1725 1153,1724 1180,1723 1207,1722 1234,1721 1261,1721 1288,1720 1316,1719 1343,1718 1370,1718 1397,1717 1424,1716 1451,1715 1479,1714"/>
                <TextEquiv>
                    <Unicode>Yo el Rey. Estoy admirado</Unicode>
                </TextEquiv>
            </TextLine>
            <TextLine id="r2l34" custom="readingOrder {index:32;}">
                <Coords points="934,1789 959,1789 984,1788 1010,1787 1035,1787 1061,1786 1086,1785 1112,1784 1137,1783 1163,1782 1188,1782 1213,1781 1239,1780 1264,1779 1290,1778 1315,1778 1341,1777 1366,1776 1392,1776 1417,1776 1443,1775 1443,1741 1417,1742 1392,1742 1366,1742 1341,1743 1315,1744 1290,1744 1264,1745 1239,1746 1213,1747 1188,1748 1163,1748 1137,1749 1112,1750 1086,1751 1061,1752 1035,1753 1010,1753 984,1754 959,1755 934,1755"/>
                <Baseline points="934,1778 959,1778 984,1777 1010,1776 1035,1776 1061,1775 1086,1774 1112,1773 1137,1772 1163,1771 1188,1771 1213,1770 1239,1769 1264,1768 1290,1767 1315,1767 1341,1766 1366,1765 1392,1765 1417,1765 1443,1764"/>
                <TextEquiv>
                    <Unicode>de que tan bajo concepto</Unicode>
                </TextEquiv>
            </TextLine>
            <TextLine id="r2l35" custom="readingOrder {index:33;}">
                <Coords points="936,1837 963,1837 991,1836 1019,1835 1047,1835 1075,1834 1103,1833 1130,1832 1158,1831 1186,1830 1214,1829 1242,1828 1270,1827 1298,1827 1325,1826 1353,1826 1381,1825 1409,1825 1437,1825 1465,1826 1493,1826 1493,1792 1465,1792 1437,1791 1409,1791 1381,1791 1353,1792 1325,1792 1298,1793 1270,1793 1242,1794 1214,1795 1186,1796 1158,1797 1130,1798 1103,1799 1075,1800 1047,1801 1019,1801 991,1802 963,1803 936,1803"/>
                <Baseline points="936,1826 963,1826 991,1825 1019,1824 1047,1824 1075,1823 1103,1822 1130,1821 1158,1820 1186,1819 1214,1818 1242,1817 1270,1816 1298,1816 1325,1815 1353,1815 1381,1814 1409,1814 1437,1814 1465,1815 1493,1815"/>
                <TextEquiv>
                    <Unicode>tenga de mí vuestra alteza,</Unicode>
                </TextEquiv>
            </TextLine>
            <TextLine id="r2l36" custom="readingOrder {index:34;}">
                <Coords points="941,1884 966,1884 992,1884 1018,1883 1044,1883 1070,1882 1096,1882 1122,1881 1148,1880 1173,1880 1199,1879 1225,1879 1251,1878 1277,1878 1303,1877 1329,1877 1355,1876 1355,1842 1329,1843 1303,1843 1277,1844 1251,1844 1225,1845 1199,1845 1173,1846 1148,1846 1122,1847 1096,1848 1070,1848 1044,1849 1018,1849 992,1850 966,1850 941,1850"/>
                <Baseline points="941,1873 966,1873 992,1873 1018,1872 1044,1872 1070,1871 1096,1871 1122,1870 1148,1869 1173,1869 1199,1868 1225,1868 1251,1867 1277,1867 1303,1866 1329,1866 1355,1865"/>
                <TextEquiv>
                    <Unicode>Yó cédula, yó papel!</Unicode>
                </TextEquiv>
            </TextLine>
            <TextLine id="r2l37" custom="readingOrder {index:35;}">
                <Coords points="941,1934 966,1934 992,1933 1017,1933 1043,1932 1069,1931 1094,1930 1120,1929 1145,1928 1171,1927 1197,1926 1222,1926 1248,1925 1273,1925 1299,1925 1325,1925 1325,1891 1299,1891 1273,1891 1248,1891 1222,1892 1197,1892 1171,1893 1145,1894 1120,1895 1094,1896 1069,1897 1043,1898 1017,1899 992,1899 966,1900 941,1900"/>
                <Baseline points="941,1923 966,1923 992,1922 1017,1922 1043,1921 1069,1920 1094,1919 1120,1918 1145,1917 1171,1916 1197,1915 1222,1915 1248,1914 1273,1914 1299,1914 1325,1914"/>
                <TextEquiv>
                    <Unicode>Hé de confiar en él</Unicode>
                </TextEquiv>
            </TextLine>
            <TextLine id="r2l38" custom="readingOrder {index:36;}">
                <Coords points="939,1984 970,1983 1001,1983 1032,1981 1063,1981 1094,1979 1125,1978 1156,1977 1187,1976 1218,1975 1249,1974 1280,1973 1311,1973 1342,1972 1373,1971 1404,1970 1435,1969 1466,1969 1497,1968 1528,1968 1560,1967 1560,1934 1528,1935 1497,1935 1466,1936 1435,1936 1404,1937 1373,1938 1342,1939 1311,1940 1280,1940 1249,1941 1218,1942 1187,1943 1156,1944 1125,1945 1094,1946 1063,1948 1032,1948 1001,1950 970,1950 939,1951"/>
                <Baseline points="939,1973 970,1972 1001,1972 1032,1970 1063,1970 1094,1968 1125,1967 1156,1966 1187,1965 1218,1964 1249,1963 1280,1962 1311,1962 1342,1961 1373,1960 1404,1959 1435,1958 1466,1958 1497,1957 1528,1957 1560,1956"/>
                <TextEquiv>
                    <Unicode>mejor que en vuestra nobleza?</Unicode>
                </TextEquiv>
            </TextLine>
            <TextLine id="r2l39" custom="readingOrder {index:37;}">
                <Coords points="944,2031 970,2030 996,2029 1022,2028 1048,2028 1074,2027 1100,2026 1126,2025 1152,2025 1178,2024 1204,2023 1230,2023 1256,2022 1282,2022 1308,2021 1334,2021 1360,2020 1386,2020 1412,2019 1412,1986 1386,1987 1360,1987 1334,1988 1308,1988 1282,1989 1256,1989 1230,1990 1204,1990 1178,1991 1152,1992 1126,1992 1100,1993 1074,1994 1048,1995 1022,1995 996,1996 970,1997 944,1998"/>
                <Baseline points="944,2020 970,2019 996,2018 1022,2017 1048,2017 1074,2016 1100,2015 1126,2014 1152,2014 1178,2013 1204,2012 1230,2012 1256,2011 1282,2011 1308,2010 1334,2010 1360,2009 1386,2009 1412,2008"/>
                <TextEquiv>
                    <Unicode>será él acaso mas fiel?</Unicode>
                </TextEquiv>
            </TextLine>
            <TextLine id="r2l40" custom="readingOrder {index:38;}">
                <Coords points="939,2081 965,2081 992,2080 1018,2079 1045,2078 1071,2078 1098,2076 1124,2075 1151,2074 1177,2074 1204,2072 1231,2072 1257,2071 1284,2070 1310,2069 1337,2068 1363,2068 1390,2067 1416,2067 1443,2067 1470,2067 1470,2033 1443,2033 1416,2033 1390,2033 1363,2034 1337,2034 1310,2035 1284,2036 1257,2037 1231,2038 1204,2038 1177,2040 1151,2040 1124,2041 1098,2042 1071,2044 1045,2044 1018,2045 992,2046 965,2047 939,2047"/>
                <Baseline points="939,2070 965,2070 992,2069 1018,2068 1045,2067 1071,2067 1098,2065 1124,2064 1151,2063 1177,2063 1204,2061 1231,2061 1257,2060 1284,2059 1310,2058 1337,2057 1363,2057 1390,2056 1416,2056 1443,2056 1470,2056"/>
                <TextEquiv>
                    <Unicode>Las palabras reales obran</Unicode>
                </TextEquiv>
            </TextLine>
            <TextLine id="r2l41" custom="readingOrder {index:39;}">
                <Coords points="941,2129 966,2129 992,2128 1017,2127 1043,2127 1069,2126 1094,2125 1120,2124 1145,2123 1171,2122 1197,2121 1222,2120 1248,2119 1273,2119 1299,2118 1325,2117 1350,2117 1376,2116 1401,2116 1427,2116 1453,2116 1453,2082 1427,2082 1401,2082 1376,2082 1350,2083 1325,2083 1299,2084 1273,2085 1248,2085 1222,2086 1197,2087 1171,2088 1145,2089 1120,2090 1094,2091 1069,2092 1043,2093 1017,2093 992,2094 966,2095 941,2095"/>
                <Baseline points="941,2118 966,2118 992,2117 1017,2116 1043,2116 1069,2115 1094,2114 1120,2113 1145,2112 1171,2111 1197,2110 1222,2109 1248,2108 1273,2108 1299,2107 1325,2106 1350,2106 1376,2105 1401,2105 1427,2105 1453,2105"/>
                <TextEquiv>
                    <Unicode>sobre todo, entodo labra</Unicode>
                </TextEquiv>
            </TextLine>
            <TextLine id="r2l42" custom="readingOrder {index:40;}">
                <Coords points="951,2178 981,2177 1012,2176 1043,2175 1074,2174 1105,2173 1136,2171 1167,2170 1198,2170 1229,2169 1260,2168 1290,2167 1321,2166 1352,2165 1383,2164 1414,2164 1445,2163 1476,2162 1507,2161 1538,2161 1569,2160 1569,2126 1538,2127 1507,2127 1476,2128 1445,2129 1414,2130 1383,2130 1352,2131 1321,2132 1290,2133 1260,2134 1229,2135 1198,2136 1167,2136 1136,2137 1105,2139 1074,2140 1043,2141 1012,2142 981,2143 951,2144"/>
                <Baseline points="951,2167 981,2166 1012,2165 1043,2164 1074,2163 1105,2162 1136,2160 1167,2159 1198,2159 1229,2158 1260,2157 1290,2156 1321,2155 1352,2154 1383,2153 1414,2153 1445,2152 1476,2151 1507,2150 1538,2150 1569,2149"/>
                <TextEquiv>
                    <Unicode>el Real valor que ellas cobran</Unicode>
                </TextEquiv>
            </TextLine>
            <TextLine id="r2l43" custom="readingOrder {index:41;}">
                <Coords points="943,2225 971,2224 999,2224 1027,2223 1056,2222 1084,2221 1112,2221 1141,2220 1169,2219 1197,2218 1226,2218 1254,2216 1282,2216 1310,2215 1339,2215 1367,2214 1395,2213 1424,2213 1452,2212 1480,2212 1509,2212 1509,2178 1480,2178 1452,2178 1424,2179 1395,2179 1367,2180 1339,2181 1310,2181 1282,2182 1254,2182 1226,2184 1197,2184 1169,2185 1141,2186 1112,2187 1084,2187 1056,2188 1027,2189 999,2190 971,2190 943,2191"/>
                <Baseline points="943,2214 971,2213 999,2213 1027,2212 1056,2211 1084,2210 1112,2210 1141,2209 1169,2208 1197,2207 1226,2207 1254,2205 1282,2205 1310,2204 1339,2204 1367,2203 1395,2202 1424,2202 1452,2201 1480,2201 1509,2201"/>
                <TextEquiv>
                    <Unicode>donde está vuestra palabra.</Unicode>
                </TextEquiv>
            </TextLine>
            <TextLine id="r2l44" custom="readingOrder {index:42;}">
                <Coords points="952,2273 978,2273 1004,2272 1031,2271 1057,2271 1084,2270 1110,2269 1137,2268 1163,2268 1190,2267 1216,2266 1242,2266 1269,2265 1295,2264 1322,2264 1348,2263 1375,2262 1401,2262 1428,2261 1454,2260 1481,2260 1481,2226 1454,2226 1428,2227 1401,2228 1375,2228 1348,2229 1322,2230 1295,2230 1269,2231 1242,2232 1216,2232 1190,2233 1163,2234 1137,2234 1110,2235 1084,2236 1057,2237 1031,2237 1004,2238 978,2239 952,2239"/>
                <Baseline points="952,2262 978,2262 1004,2261 1031,2260 1057,2260 1084,2259 1110,2258 1137,2257 1163,2257 1190,2256 1216,2255 1242,2255 1269,2254 1295,2253 1322,2253 1348,2252 1375,2251 1401,2251 1428,2250 1454,2249 1481,2249"/>
                <TextEquiv>
                    <Unicode>Rompedle os ruego, sin él</Unicode>
                </TextEquiv>
            </TextLine>
            <TextLine id="r2l45" custom="readingOrder {index:43;}">
                <Coords points="891,2326 925,2326 959,2325 993,2324 1027,2324 1061,2323 1095,2322 1130,2321 1164,2320 1198,2319 1232,2318 1266,2317 1300,2316 1334,2315 1369,2314 1403,2313 1437,2312 1471,2312 1505,2311 1539,2310 1574,2309 1574,2275 1539,2276 1505,2277 1471,2278 1437,2278 1403,2279 1369,2280 1334,2281 1300,2282 1266,2283 1232,2284 1198,2285 1164,2286 1130,2287 1095,2288 1061,2289 1027,2290 993,2290 959,2291 925,2292 891,2292"/>
                <Baseline points="891,2315 925,2315 959,2314 993,2313 1027,2313 1061,2312 1095,2311 1130,2310 1164,2309 1198,2308 1232,2307 1266,2306 1300,2305 1334,2304 1369,2303 1403,2302 1437,2301 1471,2301 1505,2300 1539,2299 1574,2298"/>
                <TextEquiv>
                    <Unicode>Se lo vuelve y le rompe el Rey. </Unicode>
                </TextEquiv>
            </TextLine>
            <TextEquiv>
                <Unicode>Sancho. Y en ella el alma y la fé.
Rey. Cuando le halleis descuidado
podreis matarle.
Sancho. Señor,
siendo Roelas y soldado
me quereis hacer traidor?
Yo dar muerte á un desarmado?
Cuerpo á cuerpo he de matallo
donde Sevilla lo vea,
en la plaza, ó en la calle,
que el que mata y no peléa
nadie puede discurparle.
Vos decis está culpado,
y porque ese es su destino,
y vos me lo habeis mandado,
le mataré como honrado,
pero no como asesino.
Rey. Hacedlo como querais,
que este papel para abono
de mi firmado llevais,
la justicia no temais,
que él os libra de su encono
Ved qué dice. LEE.
Sancho. Dice asi;
Al que este papel te advierte,
Sancho Ortiz luego por mi
y en mi nombre dule muerte,
que yo por tí salgo aqui:
y si te vez en aprieto.
por este papel firmado
sacarte de el te prometo.
Yo el Rey. Estoy admirado
de que tan bajo concepto
tenga de mí vuestra alteza,
Yó cédula, yó papel!
Hé de confiar en él
mejor que en vuestra nobleza?
será él acaso mas fiel?
Las palabras reales obran
sobre todo, entodo labra
el Real valor que ellas cobran
donde está vuestra palabra.
Rompedle os ruego, sin él
Se lo vuelve y le rompe el Rey. </Unicode>
            </TextEquiv>
        </TextRegion>
    </Page>
</PcGts>
