1765 2512
214 222 705 266 ofenderle es ofendella:::
212 272 697 315 La espada sacasteis vos,
215 319 707 366 y al Rey quisisteis herir!
213 369 805 411 el Rey no pudo mentir? sobre si.
215 416 775 460 no, que es imágen de Dios.
221 464 694 506 Bustos habeis de morir.
219 512 867 556 No hay ley que tanto me obligue;
220 561 734 606 mi loco amor se mitigue:
220 611 747 653 no se si es injusto el Rey,
227 660 581 700 es obedecerle ley,
228 707 740 749 si lo es, Dios le castigue.
219 754 827 798 Perdoname, estrella hermosa,
233 803 761 849 que no es pequeño castigo,
223 852 697 897 por no poder otra cosa,
227 899 723 943 perderte, y ser enemigo
223 949 765 991 de mi mas querida esposa.
227 1042 895 1089 Al ir á entrar sale Bustos Tavera.
232 1140 914 1185 Bustos. Hermano, vine á buscaros
279 1191 731 1232 sabiendo estabais aquí,
279 1240 743 1280 cuando salir al Rey ví,
277 1287 821 1333 y tengo á fortuna hallaros,
227 1332 905 1380 Sancho. CHermano dijo,) ay de mi!
231 1384 875 1428 Bustos. Vuestros deseos lograis,
277 1432 729 1476 ya por escritura estaís
288 1481 803 1523 casado con doña Estrella.
221 1530 877 1574 Sancho. Casarme quise con ella,
277 1579 886 1620 mas ya no aunque me la dais.
235 1627 650 1668 Bustos. Me conoceis?
227 1676 655 1721 Sancho. Bustos, sí:::
996 205 1529 252 sé que sois Bustos Tavera.
948 256 1579 301 Bu stos. Y me hablais Ortiz, asi?
951 304 1626 350 Sancho. Os hablo de esta manera,
1003 353 1523 396 Bustos, porque os conocí.
951 401 1608 448 Bustos. Habreis en mi conocido
995 450 1487 495 sangre, nobleza y valor,
1002 499 1455 541 virtul que es el honor,
999 544 1627 590 que sin ella honor no ha habido
1010 595 1610 639 estoy, Sancho Ortiz, corrido.
951 645 1474 688 Sancho. Mas lo estoy yo.
959 693 1360 735 Bustos. Vos de qué?
957 742 1384 783 Sancho. De hablaros.
955 790 1365 832 Bustos, Si presumis
1004 837 1586 880 encontrar mancha en mi fé,
1009 886 1491 928 como un villano mentís,
999 934 1477 983 y aquí os lo sustentaré.
1012 1031 1581 1078 Echando mano á la Espada.
968 1128 1627 1173 Sancho. Tened, Tavera la espada,
1017 1176 1613 1222 que en casa del Rey estamos.
967 1224 1539 1270 Bustos. En cosa tan delicada
1014 1272 1501 1317 estarlo no importa nada
1007 1321 1549 1365 cuando tal punto tratamos.
957 1370 1611 1414 Sancho. Esa torpe lengua calle.
960 1425 1252 1463 Bustos. Torpe?
967 1466 1619 1511 Sancho. Si y es mucho honralle.
968 1517 1519 1560 Bustos. Yo os honro á vos.
971 1567 1359 1608 Sancho. Mentis vos.
967 1612 1603 1656 Bustos, A fuera voy á esperalle.
959 1661 1647 1708 Sancho, Salgamos juntos los dos.
820 1984 1062 2030 FIN.
717 2240 1171 2289 CARMONA:—1858.
289 2286 1603 2349 Imp. de D, José M, Moreno, calle Juan de la Cabra núm. 4.
