2480 3506
1299 211 1528 361 Núm. 350.
210 1308 1620 1378 DON PEDRO JUAN DE LA ROSA
323 1426 1510 1495 Y DONA MARIA DE BARCAS.
206 1543 1626 1599 Nueva relacion y curioso romance en que se dá
210 1614 1621 1671 cuenta y declara, como D. Pedro Juan de la
204 1687 1602 1745 Rosa se enamoró de doña María de Bargas, y
206 1759 1616 1812 despues la olvidó por doña Juana Violante: con
297 1829 1512 1884 todo lo demás que verá el curioso lector.
731 1920 1086 2073 PRIMERA PARTE.
258 2095 816 2131 Los que presumen de amantes
210 2144 696 2182 pido que me estén atentos,
217 2194 713 2233 oigan á mi voz que suena, -
935 2093 1396 2131 en los oidos de aquellos,
944 2143 1474 2180 que al mirar otra hermosura,
943 2193 1400 2229 olvidan su amor primero;
