<?xml version="1.0" encoding="UTF-8" standalone="yes"?>
<PcGts xmlns="http://schema.primaresearch.org/PAGE/gts/pagecontent/2013-07-15" xmlns:xsi="http://www.w3.org/2001/XMLSchema-instance" xsi:schemaLocation="http://schema.primaresearch.org/PAGE/gts/pagecontent/2013-07-15 http://schema.primaresearch.org/PAGE/gts/pagecontent/2013-07-15/pagecontent.xsd">
    <Metadata>
        <Creator>prov=University of Rostock/Institute of Mathematics/CITlab|PLANET AI GmbH/Gundram Leifert/gundram.leifert@planet-ai.de:name=Pliegos de Cordel (XIXe) - v4(htr_id=27283)::::v=2.6.7
prov=University of Rostock/Institute of Mathematics/CITlab|PLANET AI GmbH/Tobias Gruening/tobias.gruening@planet-ai.de:name=de.uros.citlab.module.baseline2polygon.B2PSeamMultiOriented:v=2.6.7
prov=University of Rostock/Institute of Mathematics/CITlab|PLANET AI GmbH/Tobias Gruening/tobias.gruening@planet-ai.de:name=/net_tf/LA73_249_0mod360.pb:de.uros.citlab.segmentation.CITlab_LA_ML:v=2.6.7
Transkribus</Creator>
        <Created>2020-10-27T11:55:24.129+01:00</Created>
        <LastChange>2020-11-06T18:02:32.293+01:00</LastChange>
        <TranskribusMetadata docId="525393" pageId="22319693" pageNr="114" tsid="47955184" status="DONE" userId="66244" imgUrl="https://files.transkribus.eu/Get?id=BLEGBVZXOSRNKWVNJCYSIRTP&amp;fileType=view" xmlUrl="https://files.transkribus.eu/Get?id=DNTKEQIYZGDMCDPIACAIJSAG" imageId="17389212"/>
    </Metadata>
    <Page imageFilename="Moreno_322_2.jpeg" imageWidth="1765" imageHeight="2512">
        <ReadingOrder>
            <OrderedGroup id="ro_1607002551554" caption="Regions reading order">
                <RegionRefIndexed index="0" regionRef="region_1604679823263_4192"/>
                <RegionRefIndexed index="1" regionRef="region_1604679827302_4196"/>
            </OrderedGroup>
        </ReadingOrder>
        <TextRegion orientation="0.0" id="region_1604679823263_4192" custom="readingOrder {index:0;}">
            <Coords points="284,203 965,203 965,2221 284,2221"/>
            <TextLine id="region_1604679823263_4192l1" custom="readingOrder {index:0;}">
                <Coords points="392,257 423,254 423,220 392,223"/>
                <Baseline points="392,246 423,243"/>
                <TextEquiv>
                    <Unicode>2</Unicode>
                </TextEquiv>
            </TextLine>
            <TextLine id="region_1604679823263_4192l2" custom="readingOrder {index:1;}">
                <Coords points="293,306 319,306 345,306 371,305 398,304 424,303 450,302 477,301 503,300 529,300 556,300 582,300 608,300 635,301 635,268 608,267 582,267 556,267 529,267 503,267 477,268 450,269 424,270 398,271 371,272 345,273 319,273 293,273"/>
                <Baseline points="293,295 319,295 345,295 371,294 398,293 424,292 450,291 477,290 503,289 529,289 556,289 582,289 608,289 635,290"/>
                <TextEquiv>
                    <Unicode>pero sucede en fin,</Unicode>
                </TextEquiv>
            </TextLine>
            <TextLine id="region_1604679823263_4192l3" custom="readingOrder {index:2;}">
                <Coords points="292,355 318,354 344,354 371,354 397,353 423,352 450,351 476,351 502,350 529,349 555,349 581,348 608,348 634,347 660,347 687,347 713,347 740,348 740,315 713,314 687,314 660,314 634,314 608,315 581,315 555,316 529,316 502,317 476,318 450,318 423,319 397,320 371,321 344,321 318,321 292,322"/>
                <Baseline points="292,344 318,343 344,343 371,343 397,342 423,341 450,340 476,340 502,339 529,338 555,338 581,337 608,337 634,336 660,336 687,336 713,336 740,337"/>
                <TextEquiv>
                    <Unicode>disgustos y sentimientos,</Unicode>
                </TextEquiv>
            </TextLine>
            <TextLine id="region_1604679823263_4192l4" custom="readingOrder {index:3;}">
                <Coords points="295,405 321,405 347,404 373,403 399,402 426,401 452,400 478,399 504,398 531,398 557,397 583,396 609,396 636,396 662,396 688,396 714,396 741,398 741,364 714,362 688,362 662,362 636,362 609,362 583,362 557,363 531,364 504,364 478,365 452,366 426,367 399,368 373,369 347,370 321,371 295,371"/>
                <Baseline points="295,394 321,394 347,393 373,392 399,391 426,390 452,389 478,388 504,387 531,387 557,386 583,385 609,385 636,385 662,385 688,385 714,385 741,387"/>
                <TextEquiv>
                    <Unicode>y muy apretados lances, </Unicode>
                </TextEquiv>
            </TextLine>
            <TextLine id="region_1604679823263_4192l5" custom="readingOrder {index:4;}">
                <Coords points="300,453 325,452 351,451 377,450 403,449 429,448 455,447 481,447 507,446 533,445 559,445 585,444 611,444 637,444 663,444 689,444 715,445 741,446 741,412 715,411 689,410 663,410 637,410 611,410 585,410 559,411 533,411 507,412 481,413 455,413 429,414 403,415 377,416 351,417 325,418 300,419"/>
                <Baseline points="300,442 325,441 351,440 377,439 403,438 429,437 455,436 481,436 507,435 533,434 559,434 585,433 611,433 637,433 663,433 689,433 715,434 741,435"/>
                <TextEquiv>
                    <Unicode>como lo verá el discreto;</Unicode>
                </TextEquiv>
            </TextLine>
            <TextLine id="region_1604679823263_4192l6" custom="readingOrder {index:5;}">
                <Coords points="303,500 329,499 355,499 381,498 407,497 433,496 459,495 485,494 511,494 537,493 563,493 589,493 615,494 641,496 641,465 615,463 589,462 563,462 537,462 511,463 485,463 459,464 433,465 407,466 381,467 355,468 329,468 303,469"/>
                <Baseline points="303,490 329,489 355,489 381,488 407,487 433,486 459,485 485,484 511,484 537,483 563,483 589,483 615,484 641,486"/>
                <TextEquiv>
                    <Unicode>y así para prosegir,</Unicode>
                </TextEquiv>
            </TextLine>
            <TextLine id="region_1604679823263_4192l7" custom="readingOrder {index:6;}">
                <Coords points="306,548 331,548 357,547 383,546 409,546 435,545 461,544 487,543 513,543 539,542 565,541 591,540 617,540 643,539 669,539 695,538 721,538 721,507 695,507 669,508 643,508 617,509 591,509 565,510 539,511 513,512 487,512 461,513 435,514 409,515 383,515 357,516 331,517 306,517"/>
                <Baseline points="306,538 331,538 357,537 383,536 409,536 435,535 461,534 487,533 513,533 539,532 565,531 591,530 617,530 643,529 669,529 695,528 721,528"/>
                <TextEquiv>
                    <Unicode>pido á todos el silencio.</Unicode>
                </TextEquiv>
            </TextLine>
            <TextLine id="region_1604679823263_4192l8" custom="readingOrder {index:7;}">
                <Coords points="307,596 332,597 358,596 384,596 410,595 435,594 461,594 487,593 513,592 538,591 564,590 590,590 616,589 641,589 667,589 693,589 719,590 719,556 693,555 667,555 641,555 616,555 590,556 564,556 538,557 513,558 487,559 461,560 435,560 410,561 384,562 358,562 332,563 307,562"/>
                <Baseline points="307,585 332,586 358,585 384,585 410,584 435,583 461,583 487,582 513,581 538,580 564,579 590,579 616,578 641,578 667,578 693,578 719,579"/>
                <TextEquiv>
                    <Unicode>En la insigne Zaragoza,</Unicode>
                </TextEquiv>
            </TextLine>
            <TextLine id="region_1604679823263_4192l9" custom="readingOrder {index:8;}">
                <Coords points="308,644 334,645 360,645 387,644 413,643 440,643 466,642 493,641 519,640 545,639 572,639 598,639 625,639 651,639 678,641 678,608 651,606 625,606 598,606 572,606 545,606 519,607 493,608 466,609 440,610 413,610 387,611 360,612 334,612 308,611"/>
                <Baseline points="308,633 334,634 360,634 387,633 413,632 440,632 466,631 493,630 519,629 545,628 572,628 598,628 625,628 651,628 678,630"/>
                <TextEquiv>
                    <Unicode>residia, un caballero,</Unicode>
                </TextEquiv>
            </TextLine>
            <TextLine id="region_1604679823263_4192l10" custom="readingOrder {index:9;}">
                <Coords points="300,693 325,693 351,693 376,693 402,693 427,692 453,692 479,691 504,690 530,690 555,689 581,688 606,687 632,687 658,686 683,686 709,686 734,686 760,687 786,687 786,654 760,654 734,653 709,653 683,653 658,653 632,654 606,654 581,655 555,656 530,657 504,657 479,658 453,659 427,659 402,660 376,660 351,660 325,660 300,660"/>
                <Baseline points="300,682 325,682 351,682 376,682 402,682 427,681 453,681 479,680 504,679 530,679 555,678 581,677 606,676 632,676 658,675 683,675 709,675 734,675 760,676 786,676"/>
                <TextEquiv>
                    <Unicode>D. Pedro Juan de la Rosa,</Unicode>
                </TextEquiv>
            </TextLine>
            <TextLine id="region_1604679823263_4192l11" custom="readingOrder {index:10;}">
                <Coords points="311,743 336,744 361,744 386,743 411,743 436,742 462,741 487,740 512,739 537,738 562,737 587,736 613,736 638,735 663,735 688,735 713,735 739,736 739,702 713,701 688,701 663,701 638,701 613,702 587,702 562,703 537,704 512,705 487,706 462,707 436,708 411,709 386,709 361,710 336,710 311,709"/>
                <Baseline points="311,732 336,733 361,733 386,732 411,732 436,731 462,730 487,729 512,728 537,727 562,726 587,725 613,725 638,724 663,724 688,724 713,724 739,725"/>
                <TextEquiv>
                    <Unicode>mozo, galan y discreto,</Unicode>
                </TextEquiv>
            </TextLine>
            <TextLine id="region_1604679823263_4192l12" custom="readingOrder {index:11;}">
                <Coords points="317,793 342,793 368,792 394,791 420,791 445,790 471,788 497,788 523,787 548,786 574,785 600,784 626,784 651,784 677,784 703,784 729,785 729,751 703,750 677,750 651,750 626,750 600,750 574,751 548,752 523,753 497,754 471,754 445,756 420,757 394,757 368,758 342,759 317,759"/>
                <Baseline points="317,782 342,782 368,781 394,780 420,780 445,779 471,777 497,777 523,776 548,775 574,774 600,773 626,773 651,773 677,773 703,773 729,774"/>
                <TextEquiv>
                    <Unicode>y sobre todo muy rico,</Unicode>
                </TextEquiv>
            </TextLine>
            <TextLine id="region_1604679823263_4192l13" custom="readingOrder {index:12;}">
                <Coords points="315,842 343,840 372,840 401,838 430,838 459,837 487,836 516,835 545,834 574,834 603,833 631,832 660,832 689,832 718,831 747,831 775,831 804,831 833,831 862,831 891,831 891,797 862,797 833,797 804,797 775,797 747,797 718,797 689,798 660,798 631,798 603,799 574,800 545,800 516,801 487,802 459,803 430,804 401,804 372,806 343,806 315,808"/>
                <Baseline points="315,831 343,829 372,829 401,827 430,827 459,826 487,825 516,824 545,823 574,823 603,822 631,821 660,821 689,821 718,820 747,820 775,820 804,820 833,820 862,820 891,820"/>
                <TextEquiv>
                    <Unicode>que es nobleza en estos tiempos.</Unicode>
                </TextEquiv>
            </TextLine>
            <TextLine id="region_1604679823263_4192l14" custom="readingOrder {index:13;}">
                <Coords points="314,889 339,888 365,888 390,887 416,887 441,886 467,885 493,885 518,884 544,883 569,883 595,882 620,882 646,882 672,881 672,847 646,848 620,848 595,848 569,849 544,849 518,850 493,851 467,851 441,852 416,853 390,853 365,854 339,854 314,855"/>
                <Baseline points="314,878 339,877 365,877 390,876 416,876 441,875 467,874 493,874 518,873 544,872 569,872 595,871 620,871 646,871 672,870"/>
                <TextEquiv>
                    <Unicode>Este tal se enamoró</Unicode>
                </TextEquiv>
            </TextLine>
            <TextLine id="region_1604679823263_4192l15" custom="readingOrder {index:14;}">
                <Coords points="309,937 335,937 362,937 388,937 415,937 441,936 468,936 494,936 521,935 547,934 574,933 600,933 627,932 653,931 680,930 706,929 733,929 759,928 786,927 812,926 839,926 839,892 812,892 786,893 759,894 733,895 706,895 680,896 653,897 627,898 600,899 574,899 547,900 521,901 494,902 468,902 441,902 415,903 388,903 362,903 335,903 309,903"/>
                <Baseline points="309,926 335,926 362,926 388,926 415,926 441,925 468,925 494,925 521,924 547,923 574,922 600,922 627,921 653,920 680,919 706,918 733,918 759,917 786,916 812,915 839,915"/>
                <TextEquiv>
                    <Unicode>de una dama, á quien el cielo</Unicode>
                </TextEquiv>
            </TextLine>
            <TextLine id="region_1604679823263_4192l16" custom="readingOrder {index:15;}">
                <Coords points="315,985 343,985 371,985 400,985 428,985 457,985 485,984 513,983 542,983 570,982 599,981 627,980 655,980 684,979 712,978 741,978 769,978 797,978 826,978 854,978 883,979 883,945 854,944 826,944 797,944 769,944 741,944 712,944 684,945 655,946 627,946 599,947 570,948 542,949 513,949 485,950 457,951 428,951 400,951 371,951 343,951 315,951"/>
                <Baseline points="315,974 343,974 371,974 400,974 428,974 457,974 485,973 513,972 542,972 570,971 599,970 627,969 655,969 684,968 712,967 741,967 769,967 797,967 826,967 854,967 883,968"/>
                <TextEquiv>
                    <Unicode>se esmeró en darle mil gracias,</Unicode>
                </TextEquiv>
            </TextLine>
            <TextLine id="region_1604679823263_4192l17" custom="readingOrder {index:16;}">
                <Coords points="315,1037 340,1037 365,1036 390,1035 416,1034 441,1033 466,1033 492,1032 517,1032 542,1031 568,1031 593,1031 618,1030 643,1030 669,1029 694,1029 719,1028 745,1028 770,1027 795,1027 821,1026 821,992 795,993 770,993 745,994 719,994 694,995 669,995 643,996 618,996 593,997 568,997 542,997 517,998 492,998 466,999 441,999 416,1000 390,1001 365,1002 340,1003 315,1003"/>
                <Baseline points="315,1026 340,1026 365,1025 390,1024 416,1023 441,1022 466,1022 492,1021 517,1021 542,1020 568,1020 593,1020 618,1019 643,1019 669,1018 694,1018 719,1017 745,1017 770,1016 795,1016 821,1015"/>
                <TextEquiv>
                    <Unicode>y perfecciones á un tiempo.</Unicode>
                </TextEquiv>
            </TextLine>
            <TextLine id="region_1604679823263_4192l18" custom="readingOrder {index:17;}">
                <Coords points="316,1085 341,1084 367,1084 393,1083 419,1082 444,1082 470,1081 496,1080 522,1080 548,1079 573,1079 599,1079 625,1079 651,1079 677,1079 677,1045 651,1045 625,1045 599,1045 573,1045 548,1045 522,1046 496,1046 470,1047 444,1048 419,1048 393,1049 367,1050 341,1050 316,1051"/>
                <Baseline points="316,1074 341,1073 367,1073 393,1072 419,1071 444,1071 470,1070 496,1069 522,1069 548,1068 573,1068 599,1068 625,1068 651,1068 677,1068"/>
                <TextEquiv>
                    <Unicode>Llámase doña María</Unicode>
                </TextEquiv>
            </TextLine>
            <TextLine id="region_1604679823263_4192l19" custom="readingOrder {index:18;}">
                <Coords points="315,1133 340,1133 366,1134 391,1133 417,1133 443,1132 468,1131 494,1130 520,1129 545,1128 571,1128 597,1127 622,1126 648,1126 674,1126 699,1126 725,1127 751,1128 751,1095 725,1094 699,1093 674,1093 648,1093 622,1093 597,1094 571,1095 545,1095 520,1096 494,1097 468,1098 443,1099 417,1100 391,1100 366,1101 340,1100 315,1100"/>
                <Baseline points="315,1122 340,1122 366,1123 391,1122 417,1122 443,1121 468,1120 494,1119 520,1118 545,1117 571,1117 597,1116 622,1115 648,1115 674,1115 699,1115 725,1116 751,1117"/>
                <TextEquiv>
                    <Unicode>de Bargas este portento,</Unicode>
                </TextEquiv>
            </TextLine>
            <TextLine id="region_1604679823263_4192l20" custom="readingOrder {index:19;}">
                <Coords points="321,1182 346,1182 371,1182 396,1182 421,1182 446,1181 471,1181 496,1180 521,1179 546,1178 571,1177 596,1176 621,1175 646,1175 671,1174 696,1174 721,1174 746,1174 771,1174 771,1141 746,1141 721,1141 696,1141 671,1141 646,1142 621,1142 596,1143 571,1144 546,1145 521,1146 496,1147 471,1148 446,1148 421,1149 396,1149 371,1149 346,1149 321,1149"/>
                <Baseline points="321,1171 346,1171 371,1171 396,1171 421,1171 446,1170 471,1170 496,1169 521,1168 546,1167 571,1166 596,1165 621,1164 646,1164 671,1163 696,1163 721,1163 746,1163 771,1163"/>
                <TextEquiv>
                    <Unicode>quisiéronse algunos dias,</Unicode>
                </TextEquiv>
            </TextLine>
            <TextLine id="region_1604679823263_4192l21" custom="readingOrder {index:20;}">
                <Coords points="317,1231 343,1231 370,1231 397,1231 424,1230 451,1230 478,1229 504,1228 531,1227 558,1226 585,1225 612,1224 639,1223 666,1222 692,1222 719,1221 746,1220 773,1220 800,1220 827,1220 854,1221 854,1188 827,1187 800,1187 773,1187 746,1187 719,1188 692,1189 666,1189 639,1190 612,1191 585,1192 558,1193 531,1194 504,1195 478,1196 451,1197 424,1197 397,1198 370,1198 343,1198 317,1198"/>
                <Baseline points="317,1220 343,1220 370,1220 397,1220 424,1219 451,1219 478,1218 504,1217 531,1216 558,1215 585,1214 612,1213 639,1212 666,1211 692,1211 719,1210 746,1209 773,1209 800,1209 827,1209 854,1210"/>
                <TextEquiv>
                    <Unicode>se escribieron muchos versos,</Unicode>
                </TextEquiv>
            </TextLine>
            <TextLine id="region_1604679823263_4192l22" custom="readingOrder {index:21;}">
                <Coords points="315,1280 340,1280 366,1280 392,1279 417,1278 443,1278 469,1277 494,1276 520,1276 546,1275 571,1274 597,1274 623,1273 648,1272 674,1272 700,1271 725,1271 751,1271 777,1271 777,1237 751,1237 725,1237 700,1237 674,1238 648,1238 623,1239 597,1240 571,1240 546,1241 520,1242 494,1242 469,1243 443,1244 417,1244 392,1245 366,1246 340,1246 315,1246"/>
                <Baseline points="315,1269 340,1269 366,1269 392,1268 417,1267 443,1267 469,1266 494,1265 520,1265 546,1264 571,1263 597,1263 623,1262 648,1261 674,1261 700,1260 725,1260 751,1260 777,1260"/>
                <TextEquiv>
                    <Unicode>fué D. Pedro á Barcelona</Unicode>
                </TextEquiv>
            </TextLine>
            <TextLine id="region_1604679823263_4192l23" custom="readingOrder {index:22;}">
                <Coords points="326,1330 352,1329 378,1328 404,1328 430,1327 457,1327 483,1326 509,1325 535,1324 561,1324 588,1323 614,1322 640,1321 666,1321 692,1320 719,1320 745,1319 771,1319 797,1319 824,1319 824,1285 797,1285 771,1285 745,1285 719,1286 692,1286 666,1287 640,1287 614,1288 588,1289 561,1290 535,1290 509,1291 483,1292 457,1293 430,1293 404,1294 378,1294 352,1295 326,1296"/>
                <Baseline points="326,1319 352,1318 378,1317 404,1317 430,1316 457,1316 483,1315 509,1314 535,1313 561,1313 588,1312 614,1311 640,1310 666,1310 692,1309 719,1309 745,1308 771,1308 797,1308 824,1308"/>
                <TextEquiv>
                    <Unicode>á un negocio que no quiero</Unicode>
                </TextEquiv>
            </TextLine>
            <TextLine id="region_1604679823263_4192l24" custom="readingOrder {index:23;}">
                <Coords points="323,1378 348,1378 373,1378 399,1377 424,1377 450,1376 475,1375 501,1374 526,1373 552,1373 577,1372 603,1372 628,1371 654,1371 679,1371 705,1372 705,1339 679,1338 654,1338 628,1338 603,1339 577,1339 552,1340 526,1340 501,1341 475,1342 450,1343 424,1344 399,1344 373,1345 348,1345 323,1345"/>
                <Baseline points="323,1367 348,1367 373,1367 399,1366 424,1366 450,1365 475,1364 501,1363 526,1362 552,1362 577,1361 603,1361 628,1360 654,1360 679,1360 705,1361"/>
                <TextEquiv>
                    <Unicode>cansaros en referirlo</Unicode>
                </TextEquiv>
            </TextLine>
            <TextLine id="region_1604679823263_4192l25" custom="readingOrder {index:24;}">
                <Coords points="321,1429 348,1428 375,1428 402,1427 429,1426 456,1425 483,1424 510,1424 537,1422 564,1422 591,1420 618,1420 645,1419 672,1418 699,1418 726,1417 753,1417 780,1417 807,1417 834,1417 861,1417 861,1384 834,1384 807,1384 780,1384 753,1384 726,1384 699,1385 672,1385 645,1386 618,1387 591,1387 564,1389 537,1389 510,1391 483,1391 456,1392 429,1393 402,1394 375,1395 348,1395 321,1396"/>
                <Baseline points="321,1418 348,1417 375,1417 402,1416 429,1415 456,1414 483,1413 510,1413 537,1411 564,1411 591,1409 618,1409 645,1408 672,1407 699,1407 726,1406 753,1406 780,1406 807,1406 834,1406 861,1406"/>
                <TextEquiv>
                    <Unicode>porque no importa el saberlo,</Unicode>
                </TextEquiv>
            </TextLine>
            <TextLine id="region_1604679823263_4192l26" custom="readingOrder {index:25;}">
                <Coords points="321,1477 346,1476 372,1476 398,1475 424,1475 450,1474 476,1473 502,1472 528,1471 553,1470 579,1470 605,1469 631,1469 657,1468 683,1468 709,1468 735,1468 761,1468 761,1434 735,1434 709,1434 683,1434 657,1434 631,1435 605,1435 579,1436 553,1436 528,1437 502,1438 476,1439 450,1440 424,1441 398,1441 372,1442 346,1442 321,1443"/>
                <Baseline points="321,1466 346,1465 372,1465 398,1464 424,1464 450,1463 476,1462 502,1461 528,1460 553,1459 579,1459 605,1458 631,1458 657,1457 683,1457 709,1457 735,1457 761,1457"/>
                <TextEquiv>
                    <Unicode>se despidió de su dama, </Unicode>
                </TextEquiv>
            </TextLine>
            <TextLine id="region_1604679823263_4192l27" custom="readingOrder {index:26;}">
                <Coords points="325,1523 351,1524 377,1524 403,1524 429,1523 455,1523 481,1522 507,1522 533,1521 559,1520 585,1519 611,1518 637,1517 663,1516 689,1515 715,1515 741,1514 767,1514 793,1514 793,1480 767,1480 741,1480 715,1481 689,1481 663,1482 637,1483 611,1484 585,1485 559,1486 533,1487 507,1488 481,1488 455,1489 429,1489 403,1490 377,1490 351,1490 325,1489"/>
                <Baseline points="325,1512 351,1513 377,1513 403,1513 429,1512 455,1512 481,1511 507,1511 533,1510 559,1509 585,1508 611,1507 637,1506 663,1505 689,1504 715,1504 741,1503 767,1503 793,1503"/>
                <TextEquiv>
                    <Unicode>y ella se quedó vertiendo</Unicode>
                </TextEquiv>
            </TextLine>
            <TextLine id="region_1604679823263_4192l28" custom="readingOrder {index:27;}">
                <Coords points="331,1572 356,1573 381,1573 406,1573 431,1572 456,1572 481,1571 506,1570 531,1569 556,1569 581,1568 606,1567 631,1566 656,1565 681,1564 706,1564 731,1563 756,1563 781,1563 807,1563 807,1529 781,1529 756,1529 731,1529 706,1530 681,1530 656,1531 631,1532 606,1533 581,1534 556,1535 531,1535 506,1536 481,1537 456,1538 431,1538 406,1539 381,1539 356,1539 331,1538"/>
                <Baseline points="331,1561 356,1562 381,1562 406,1562 431,1561 456,1561 481,1560 506,1559 531,1558 556,1558 581,1557 606,1556 631,1555 656,1554 681,1553 706,1553 731,1552 756,1552 781,1552 807,1552"/>
                <TextEquiv>
                    <Unicode>un mar de copiosas perlas</Unicode>
                </TextEquiv>
            </TextLine>
            <TextLine id="region_1604679823263_4192l29" custom="readingOrder {index:28;}">
                <Coords points="329,1622 354,1622 379,1622 404,1622 429,1621 454,1621 479,1620 504,1620 529,1619 554,1618 579,1617 604,1616 629,1615 654,1615 679,1614 704,1614 729,1614 755,1614 755,1580 729,1580 704,1580 679,1580 654,1581 629,1581 604,1582 579,1583 554,1584 529,1585 504,1586 479,1586 454,1587 429,1587 404,1588 379,1588 354,1588 329,1588"/>
                <Baseline points="329,1611 354,1611 379,1611 404,1611 429,1610 454,1610 479,1609 504,1609 529,1608 554,1607 579,1606 604,1605 629,1604 654,1604 679,1603 704,1603 729,1603 755,1603"/>
                <TextEquiv>
                    <Unicode>de dolor y sentimiento.</Unicode>
                </TextEquiv>
            </TextLine>
            <TextLine id="region_1604679823263_4192l30" custom="readingOrder {index:29;}">
                <Coords points="327,1672 353,1671 379,1671 406,1670 432,1670 458,1669 485,1668 511,1667 537,1666 564,1666 590,1665 616,1664 643,1664 669,1663 695,1662 722,1662 748,1662 775,1662 775,1629 748,1629 722,1629 695,1629 669,1630 643,1631 616,1631 590,1632 564,1633 537,1633 511,1634 485,1635 458,1636 432,1637 406,1637 379,1638 353,1638 327,1639"/>
                <Baseline points="327,1661 353,1660 379,1660 406,1659 432,1659 458,1658 485,1657 511,1656 537,1655 564,1655 590,1654 616,1653 643,1653 669,1652 695,1651 722,1651 748,1651 775,1651"/>
                <TextEquiv>
                    <Unicode>Llegó á la dicha ciudad,</Unicode>
                </TextEquiv>
            </TextLine>
            <TextLine id="region_1604679823263_4192l31" custom="readingOrder {index:30;}">
                <Coords points="330,1719 357,1719 384,1718 412,1718 439,1718 466,1717 494,1717 521,1716 548,1715 576,1714 603,1713 630,1713 658,1712 685,1711 712,1710 740,1709 767,1708 794,1708 822,1707 849,1706 877,1705 877,1672 849,1673 822,1674 794,1675 767,1675 740,1676 712,1677 685,1678 658,1679 630,1680 603,1680 576,1681 548,1682 521,1683 494,1684 466,1684 439,1685 412,1685 384,1685 357,1686 330,1686"/>
                <Baseline points="330,1708 357,1708 384,1707 412,1707 439,1707 466,1706 494,1706 521,1705 548,1704 576,1703 603,1702 630,1702 658,1701 685,1700 712,1699 740,1698 767,1697 794,1697 822,1696 849,1695 877,1694"/>
                <TextEquiv>
                    <Unicode>á donde en muy breve tiempo</Unicode>
                </TextEquiv>
            </TextLine>
            <TextLine id="region_1604679823263_4192l32" custom="readingOrder {index:31;}">
                <Coords points="333,1767 359,1768 385,1768 411,1768 437,1767 463,1767 489,1766 515,1765 541,1764 568,1763 594,1763 620,1762 646,1761 672,1760 698,1760 724,1760 750,1760 776,1760 803,1761 803,1727 776,1726 750,1726 724,1726 698,1726 672,1726 646,1727 620,1728 594,1729 568,1729 541,1730 515,1731 489,1732 463,1733 437,1733 411,1734 385,1734 359,1734 333,1733"/>
                <Baseline points="333,1756 359,1757 385,1757 411,1757 437,1756 463,1756 489,1755 515,1754 541,1753 568,1752 594,1752 620,1751 646,1750 672,1749 698,1749 724,1749 750,1749 776,1749 803,1750"/>
                <TextEquiv>
                    <Unicode>compuso su dependencia,</Unicode>
                </TextEquiv>
            </TextLine>
            <TextLine id="region_1604679823263_4192l33" custom="readingOrder {index:32;}">
                <Coords points="316,1816 341,1816 367,1816 393,1816 419,1816 444,1815 470,1815 496,1814 522,1813 548,1813 573,1812 599,1811 625,1810 651,1810 676,1809 702,1809 728,1809 754,1809 780,1809 780,1775 754,1775 728,1775 702,1775 676,1775 651,1776 625,1776 599,1777 573,1778 548,1779 522,1779 496,1780 470,1781 444,1781 419,1782 393,1782 367,1782 341,1782 316,1782"/>
                <Baseline points="316,1805 341,1805 367,1805 393,1805 419,1805 444,1804 470,1804 496,1803 522,1802 548,1802 573,1801 599,1800 625,1799 651,1799 676,1798 702,1798 728,1798 754,1798 780,1798"/>
                <TextEquiv>
                    <Unicode> y una tarde que saliendo</Unicode>
                </TextEquiv>
            </TextLine>
            <TextLine id="region_1604679823263_4192l34" custom="readingOrder {index:33;}">
                <Coords points="334,1865 359,1865 384,1864 409,1863 434,1863 459,1862 484,1862 509,1862 534,1861 560,1861 585,1860 610,1860 635,1859 660,1859 685,1859 710,1858 735,1858 761,1857 761,1823 735,1824 710,1824 685,1825 660,1825 635,1825 610,1826 585,1826 560,1827 534,1827 509,1828 484,1828 459,1828 434,1829 409,1829 384,1830 359,1831 334,1831"/>
                <Baseline points="334,1854 359,1854 384,1853 409,1852 434,1852 459,1851 484,1851 509,1851 534,1850 560,1850 585,1849 610,1849 635,1848 660,1848 685,1848 710,1847 735,1847 761,1846"/>
                <TextEquiv>
                    <Unicode>á divertirse á un jardin</Unicode>
                </TextEquiv>
            </TextLine>
            <TextLine id="region_1604679823263_4192l35" custom="readingOrder {index:34;}">
                <Coords points="339,1912 364,1913 389,1913 414,1912 440,1912 465,1912 490,1911 515,1911 541,1910 566,1910 591,1909 616,1909 642,1908 667,1907 692,1907 717,1907 743,1906 768,1906 793,1906 819,1906 819,1872 793,1872 768,1872 743,1872 717,1873 692,1873 667,1873 642,1874 616,1875 591,1875 566,1876 541,1876 515,1877 490,1877 465,1878 440,1878 414,1878 389,1879 364,1879 339,1878"/>
                <Baseline points="339,1901 364,1902 389,1902 414,1901 440,1901 465,1901 490,1900 515,1900 541,1899 566,1899 591,1898 616,1898 642,1897 667,1896 692,1896 717,1896 743,1895 768,1895 793,1895 819,1895"/>
                <TextEquiv>
                    <Unicode>vido un hermoso portento,</Unicode>
                </TextEquiv>
            </TextLine>
            <TextLine id="region_1604679823263_4192l36" custom="readingOrder {index:35;}">
                <Coords points="345,1962 370,1962 395,1962 421,1961 446,1961 472,1960 497,1960 522,1959 548,1959 573,1958 599,1958 624,1957 649,1956 675,1956 700,1955 726,1955 751,1955 776,1954 802,1954 827,1954 853,1953 853,1919 827,1920 802,1920 776,1920 751,1921 726,1921 700,1921 675,1922 649,1922 624,1923 599,1924 573,1924 548,1925 522,1925 497,1926 472,1926 446,1927 421,1927 395,1928 370,1928 345,1928"/>
                <Baseline points="345,1951 370,1951 395,1951 421,1950 446,1950 472,1949 497,1949 522,1948 548,1948 573,1947 599,1947 624,1946 649,1945 675,1945 700,1944 726,1944 751,1944 776,1943 802,1943 827,1943 853,1942"/>
                <TextEquiv>
                    <Unicode>que es doña Juana Violante,</Unicode>
                </TextEquiv>
            </TextLine>
            <TextLine id="region_1604679823263_4192l37" custom="readingOrder {index:36;}">
                <Coords points="347,2011 377,2011 407,2011 437,2010 467,2010 498,2009 528,2009 558,2008 588,2007 618,2006 649,2005 679,2005 709,2004 739,2003 769,2002 800,2002 830,2001 860,2000 890,1999 920,1999 951,1998 951,1964 920,1965 890,1965 860,1966 830,1967 800,1968 769,1968 739,1969 709,1970 679,1971 649,1971 618,1972 588,1973 558,1974 528,1975 498,1975 467,1976 437,1976 407,1977 377,1977 347,1977"/>
                <Baseline points="347,2000 377,2000 407,2000 437,1999 467,1999 498,1998 528,1998 558,1997 588,1996 618,1995 649,1994 679,1994 709,1993 739,1992 769,1991 800,1991 830,1990 860,1989 890,1988 920,1988 951,1987"/>
                <TextEquiv>
                    <Unicode>fué verla y quererla á un tiempo,</Unicode>
                </TextEquiv>
            </TextLine>
            <TextLine id="region_1604679823263_4192l38" custom="readingOrder {index:37;}">
                <Coords points="339,2061 364,2060 390,2060 416,2059 442,2058 467,2058 493,2057 519,2057 545,2056 570,2056 596,2055 622,2055 648,2054 673,2054 699,2053 725,2053 751,2052 776,2051 802,2051 828,2050 854,2049 854,2015 828,2016 802,2017 776,2017 751,2018 725,2019 699,2019 673,2020 648,2020 622,2021 596,2021 570,2022 545,2022 519,2023 493,2023 467,2024 442,2024 416,2025 390,2026 364,2026 339,2027"/>
                <Baseline points="339,2050 364,2049 390,2049 416,2048 442,2047 467,2047 493,2046 519,2046 545,2045 570,2045 596,2044 622,2044 648,2043 673,2043 699,2042 725,2042 751,2041 776,2040 802,2040 828,2039 854,2038"/>
                <TextEquiv>
                    <Unicode>y á un mismo tiempo olvidó</Unicode>
                </TextEquiv>
            </TextLine>
            <TextLine id="region_1604679823263_4192l39" custom="readingOrder {index:38;}">
                <Coords points="347,2108 372,2108 398,2108 424,2108 450,2108 476,2108 502,2107 528,2106 554,2105 579,2105 605,2104 631,2103 657,2102 683,2102 709,2101 735,2101 761,2101 761,2067 735,2067 709,2067 683,2068 657,2068 631,2069 605,2070 579,2071 554,2071 528,2072 502,2073 476,2074 450,2074 424,2074 398,2074 372,2074 347,2074"/>
                <Baseline points="347,2097 372,2097 398,2097 424,2097 450,2097 476,2097 502,2096 528,2095 554,2094 579,2094 605,2093 631,2092 657,2091 683,2091 709,2090 735,2090 761,2090"/>
                <TextEquiv>
                    <Unicode>á sus amores primeros.</Unicode>
                </TextEquiv>
            </TextLine>
            <TextLine id="region_1604679823263_4192l40" custom="readingOrder {index:39;}">
                <Coords points="343,2162 368,2161 394,2159 420,2158 445,2157 471,2156 497,2155 522,2154 548,2154 574,2153 599,2153 625,2152 651,2152 676,2151 702,2151 728,2150 753,2149 779,2149 805,2148 805,2114 779,2115 753,2115 728,2116 702,2117 676,2117 651,2118 625,2118 599,2119 574,2119 548,2120 522,2120 497,2121 471,2122 445,2123 420,2124 394,2125 368,2127 343,2128"/>
                <Baseline points="343,2151 368,2150 394,2148 420,2147 445,2146 471,2145 497,2144 522,2143 548,2143 574,2142 599,2142 625,2141 651,2141 676,2140 702,2140 728,2139 753,2138 779,2138 805,2137"/>
                <TextEquiv>
                    <Unicode>Quedó D. Pedro abrasado</Unicode>
                </TextEquiv>
            </TextLine>
            <TextLine id="region_1604679823263_4192l41" custom="readingOrder {index:40;}">
                <Coords points="352,2209 377,2208 403,2208 429,2207 455,2206 480,2206 506,2205 532,2204 558,2204 583,2203 609,2203 635,2202 661,2202 686,2201 712,2201 738,2201 764,2200 789,2200 815,2200 841,2200 867,2200 867,2166 841,2166 815,2166 789,2166 764,2166 738,2167 712,2167 686,2167 661,2168 635,2168 609,2169 583,2169 558,2170 532,2170 506,2171 480,2172 455,2172 429,2173 403,2174 377,2174 352,2175"/>
                <Baseline points="352,2198 377,2197 403,2197 429,2196 455,2195 480,2195 506,2194 532,2193 558,2193 583,2192 609,2192 635,2191 661,2191 686,2190 712,2190 738,2190 764,2189 789,2189 815,2189 841,2189 867,2189"/>
                <TextEquiv>
                    <Unicode>en flechas de ardiente fuego,</Unicode>
                </TextEquiv>
            </TextLine>
            <TextEquiv>
                <Unicode>2
pero sucede en fin,
disgustos y sentimientos,
y muy apretados lances, 
como lo verá el discreto;
y así para prosegir,
pido á todos el silencio.
En la insigne Zaragoza,
residia, un caballero,
D. Pedro Juan de la Rosa,
mozo, galan y discreto,
y sobre todo muy rico,
que es nobleza en estos tiempos.
Este tal se enamoró
de una dama, á quien el cielo
se esmeró en darle mil gracias,
y perfecciones á un tiempo.
Llámase doña María
de Bargas este portento,
quisiéronse algunos dias,
se escribieron muchos versos,
fué D. Pedro á Barcelona
á un negocio que no quiero
cansaros en referirlo
porque no importa el saberlo,
se despidió de su dama, 
y ella se quedó vertiendo
un mar de copiosas perlas
de dolor y sentimiento.
Llegó á la dicha ciudad,
á donde en muy breve tiempo
compuso su dependencia,
 y una tarde que saliendo
á divertirse á un jardin
vido un hermoso portento,
que es doña Juana Violante,
fué verla y quererla á un tiempo,
y á un mismo tiempo olvidó
á sus amores primeros.
Quedó D. Pedro abrasado
en flechas de ardiente fuego,</Unicode>
            </TextEquiv>
        </TextRegion>
        <TextRegion orientation="0.0" id="region_1604679827302_4196" custom="readingOrder {index:1;}">
            <Coords points="1001,234 1702,234 1702,2200 1001,2200"/>
            <TextLine id="region_1604679827302_4196l1" custom="readingOrder {index:0;}">
                <Coords points="1015,292 1041,291 1067,290 1093,289 1119,288 1145,287 1171,287 1197,286 1223,285 1250,284 1276,283 1302,282 1328,281 1354,280 1380,279 1406,278 1432,276 1459,275 1459,241 1432,242 1406,244 1380,245 1354,246 1328,247 1302,248 1276,249 1250,250 1223,251 1197,252 1171,253 1145,253 1119,254 1093,255 1067,256 1041,257 1015,258"/>
                <Baseline points="1015,281 1041,280 1067,279 1093,278 1119,277 1145,276 1171,276 1197,275 1223,274 1250,273 1276,272 1302,271 1328,270 1354,269 1380,268 1406,267 1432,265 1459,264"/>
                <TextEquiv>
                    <Unicode>y á un, amigo que tenia</Unicode>
                </TextEquiv>
            </TextLine>
            <TextLine id="region_1604679827302_4196l2" custom="readingOrder {index:1;}">
                <Coords points="1019,338 1044,338 1069,337 1094,337 1120,337 1145,336 1170,335 1196,335 1221,334 1246,334 1271,333 1297,332 1322,331 1347,330 1373,329 1398,329 1423,328 1449,328 1449,294 1423,294 1398,295 1373,295 1347,296 1322,297 1297,298 1271,299 1246,300 1221,300 1196,301 1170,301 1145,302 1120,303 1094,303 1069,303 1044,304 1019,304"/>
                <Baseline points="1019,327 1044,327 1069,326 1094,326 1120,326 1145,325 1170,324 1196,324 1221,323 1246,323 1271,322 1297,321 1322,320 1347,319 1373,318 1398,318 1423,317 1449,317"/>
                <TextEquiv>
                    <Unicode>le comunicó su intento,</Unicode>
                </TextEquiv>
            </TextLine>
            <TextLine id="region_1604679827302_4196l3" custom="readingOrder {index:2;}">
                <Coords points="1022,385 1047,385 1072,384 1097,384 1122,384 1147,383 1172,383 1197,382 1222,382 1247,381 1273,381 1298,380 1323,380 1348,379 1373,378 1398,377 1423,376 1448,375 1473,374 1499,373 1499,339 1473,340 1448,341 1423,342 1398,343 1373,344 1348,345 1323,346 1298,346 1273,347 1247,347 1222,348 1197,348 1172,349 1147,349 1122,350 1097,350 1072,350 1047,351 1022,351"/>
                <Baseline points="1022,374 1047,374 1072,373 1097,373 1122,373 1147,372 1172,372 1197,371 1222,371 1247,370 1273,370 1298,369 1323,369 1348,368 1373,367 1398,366 1423,365 1448,364 1473,363 1499,362"/>
                <TextEquiv>
                    <Unicode>le respondió: es imposible</Unicode>
                </TextEquiv>
            </TextLine>
            <TextLine id="region_1604679827302_4196l4" custom="readingOrder {index:3;}">
                <Coords points="1022,435 1047,435 1073,434 1098,433 1124,432 1149,431 1175,430 1200,430 1226,429 1251,429 1277,428 1302,428 1328,428 1353,428 1379,428 1379,394 1353,394 1328,394 1302,394 1277,394 1251,395 1226,395 1200,396 1175,396 1149,397 1124,398 1098,399 1073,400 1047,401 1022,401"/>
                <Baseline points="1022,424 1047,424 1073,423 1098,422 1124,421 1149,420 1175,419 1200,419 1226,418 1251,418 1277,417 1302,417 1328,417 1353,417 1379,417"/>
                <TextEquiv>
                    <Unicode>alcanzar ese sujeto,</Unicode>
                </TextEquiv>
            </TextLine>
            <TextLine id="region_1604679827302_4196l5" custom="readingOrder {index:4;}">
                <Coords points="1024,484 1049,483 1075,482 1101,481 1127,480 1153,479 1179,479 1204,478 1230,477 1256,477 1282,476 1308,475 1334,475 1360,474 1385,474 1411,473 1437,473 1463,473 1489,472 1515,472 1541,472 1541,438 1515,438 1489,438 1463,439 1437,439 1411,439 1385,440 1360,440 1334,441 1308,441 1282,442 1256,443 1230,443 1204,444 1179,445 1153,445 1127,446 1101,447 1075,448 1049,449 1024,450"/>
                <Baseline points="1024,473 1049,472 1075,471 1101,470 1127,469 1153,468 1179,468 1204,467 1230,466 1256,466 1282,465 1308,464 1334,464 1360,463 1385,463 1411,462 1437,462 1463,462 1489,461 1515,461 1541,461"/>
                <TextEquiv>
                    <Unicode>porque es de parte muy rica,</Unicode>
                </TextEquiv>
            </TextLine>
            <TextLine id="region_1604679827302_4196l6" custom="readingOrder {index:5;}">
                <Coords points="1035,532 1061,531 1088,531 1114,530 1141,529 1167,528 1194,527 1220,526 1247,525 1273,524 1300,523 1326,522 1353,521 1379,521 1406,521 1432,521 1459,521 1459,487 1432,487 1406,487 1379,487 1353,487 1326,488 1300,489 1273,490 1247,491 1220,492 1194,493 1167,494 1141,495 1114,496 1088,497 1061,497 1035,498"/>
                <Baseline points="1035,521 1061,520 1088,520 1114,519 1141,518 1167,517 1194,516 1220,515 1247,514 1273,513 1300,512 1326,511 1353,510 1379,510 1406,510 1432,510 1459,510"/>
                <TextEquiv>
                    <Unicode>y su padre es caballero;</Unicode>
                </TextEquiv>
            </TextLine>
            <TextLine id="region_1604679827302_4196l7" custom="readingOrder {index:6;}">
                <Coords points="1033,582 1058,582 1083,580 1108,580 1133,578 1158,577 1183,576 1208,575 1233,574 1258,572 1284,572 1309,571 1334,570 1359,569 1384,569 1409,568 1434,568 1459,568 1484,568 1509,569 1535,569 1535,535 1509,535 1484,534 1459,534 1434,534 1409,534 1384,535 1359,535 1334,536 1309,537 1284,538 1258,538 1233,540 1208,541 1183,542 1158,543 1133,544 1108,546 1083,546 1058,548 1033,548"/>
                <Baseline points="1033,571 1058,571 1083,569 1108,569 1133,567 1158,566 1183,565 1208,564 1233,563 1258,561 1284,561 1309,560 1334,559 1359,558 1384,558 1409,557 1434,557 1459,557 1484,557 1509,558 1535,558"/>
                <TextEquiv>
                    <Unicode>pero amor vence imposibles,</Unicode>
                </TextEquiv>
            </TextLine>
            <TextLine id="region_1604679827302_4196l8" custom="readingOrder {index:7;}">
                <Coords points="1033,630 1058,630 1083,629 1108,628 1134,628 1159,627 1184,626 1209,624 1235,624 1260,623 1285,622 1310,621 1336,620 1361,619 1386,619 1411,619 1437,619 1437,585 1411,585 1386,585 1361,585 1336,586 1310,587 1285,588 1260,589 1235,590 1209,590 1184,592 1159,593 1134,594 1108,594 1083,595 1058,596 1033,596"/>
                <Baseline points="1033,619 1058,619 1083,618 1108,617 1134,617 1159,616 1184,615 1209,613 1235,613 1260,612 1285,611 1310,610 1336,609 1361,608 1386,608 1411,608 1437,608"/>
                <TextEquiv>
                    <Unicode>comunícale tu intento.</Unicode>
                </TextEquiv>
            </TextLine>
            <TextLine id="region_1604679827302_4196l9" custom="readingOrder {index:8;}">
                <Coords points="1031,678 1057,678 1083,678 1109,678 1135,677 1161,676 1187,675 1213,674 1239,672 1265,671 1291,671 1317,669 1343,669 1369,668 1395,668 1421,669 1447,670 1447,636 1421,635 1395,634 1369,634 1343,635 1317,635 1291,637 1265,637 1239,638 1213,640 1187,641 1161,642 1135,643 1109,644 1083,644 1057,644 1031,644"/>
                <Baseline points="1031,667 1057,667 1083,667 1109,667 1135,666 1161,665 1187,664 1213,663 1239,661 1265,660 1291,660 1317,658 1343,658 1369,657 1395,657 1421,658 1447,659"/>
                <TextEquiv>
                    <Unicode>D. Pedro determinado,</Unicode>
                </TextEquiv>
            </TextLine>
            <TextLine id="region_1604679827302_4196l10" custom="readingOrder {index:9;}">
                <Coords points="1031,727 1056,727 1081,727 1106,726 1132,726 1157,725 1182,724 1207,723 1233,723 1258,722 1283,721 1308,720 1334,719 1359,718 1384,718 1409,718 1435,718 1435,685 1409,685 1384,685 1359,685 1334,686 1308,687 1283,688 1258,689 1233,690 1207,690 1182,691 1157,692 1132,693 1106,693 1081,694 1056,694 1031,694"/>
                <Baseline points="1031,716 1056,716 1081,716 1106,715 1132,715 1157,714 1182,713 1207,712 1233,712 1258,711 1283,710 1308,709 1334,708 1359,707 1384,707 1409,707 1435,707"/>
                <TextEquiv>
                    <Unicode>y sobre todo resuelto,</Unicode>
                </TextEquiv>
            </TextLine>
            <TextLine id="region_1604679827302_4196l11" custom="readingOrder {index:10;}">
                <Coords points="1039,776 1065,776 1091,775 1118,775 1144,775 1170,774 1197,773 1223,772 1250,771 1276,770 1302,769 1329,768 1355,767 1381,766 1408,765 1434,764 1461,764 1461,731 1434,731 1408,732 1381,733 1355,734 1329,735 1302,736 1276,737 1250,738 1223,739 1197,740 1170,741 1144,742 1118,742 1091,742 1065,743 1039,743"/>
                <Baseline points="1039,765 1065,765 1091,764 1118,764 1144,764 1170,763 1197,762 1223,761 1250,760 1276,759 1302,758 1329,757 1355,756 1381,755 1408,754 1434,753 1461,753"/>
                <TextEquiv>
                    <Unicode>con un papel á la dama </Unicode>
                </TextEquiv>
            </TextLine>
            <TextLine id="region_1604679827302_4196l12" custom="readingOrder {index:11;}">
                <Coords points="1039,823 1066,823 1094,822 1121,822 1149,821 1177,820 1204,819 1232,818 1259,817 1287,816 1315,815 1342,814 1370,813 1397,812 1425,811 1453,811 1480,811 1508,810 1535,810 1563,811 1591,811 1591,778 1563,778 1535,777 1508,777 1480,778 1453,778 1425,778 1397,779 1370,780 1342,781 1315,782 1287,783 1259,784 1232,785 1204,786 1177,787 1149,788 1121,789 1094,789 1066,790 1039,790"/>
                <Baseline points="1039,812 1066,812 1094,811 1121,811 1149,810 1177,809 1204,808 1232,807 1259,806 1287,805 1315,804 1342,803 1370,802 1397,801 1425,800 1453,800 1480,800 1508,799 1535,799 1563,800 1591,800"/>
                <TextEquiv>
                    <Unicode>le dió á entender sus secretos, </Unicode>
                </TextEquiv>
            </TextLine>
            <TextLine id="region_1604679827302_4196l13" custom="readingOrder {index:12;}">
                <Coords points="1037,868 1062,869 1088,870 1113,870 1139,870 1165,869 1190,868 1216,867 1242,866 1267,865 1293,863 1318,863 1344,861 1370,861 1395,860 1421,860 1447,861 1447,828 1421,827 1395,827 1370,828 1344,828 1318,830 1293,830 1267,832 1242,833 1216,834 1190,835 1165,836 1139,837 1113,837 1088,837 1062,836 1037,835"/>
                <Baseline points="1037,857 1062,858 1088,859 1113,859 1139,859 1165,858 1190,857 1216,856 1242,855 1267,854 1293,852 1318,852 1344,850 1370,850 1395,849 1421,849 1447,850"/>
                <TextEquiv>
                    <Unicode>y doña Juana Violante</Unicode>
                </TextEquiv>
            </TextLine>
            <TextLine id="region_1604679827302_4196l14" custom="readingOrder {index:13;}">
                <Coords points="1032,922 1057,921 1082,921 1107,920 1133,919 1158,918 1183,918 1209,916 1234,915 1259,914 1285,913 1310,912 1335,911 1360,910 1386,910 1411,909 1436,908 1462,908 1487,907 1512,907 1538,907 1538,873 1512,873 1487,873 1462,874 1436,874 1411,875 1386,876 1360,876 1335,877 1310,878 1285,879 1259,880 1234,881 1209,882 1183,884 1158,884 1133,885 1107,886 1082,887 1057,887 1032,888"/>
                <Baseline points="1032,911 1057,910 1082,910 1107,909 1133,908 1158,907 1183,907 1209,905 1234,904 1259,903 1285,902 1310,901 1335,900 1360,899 1386,899 1411,898 1436,897 1462,897 1487,896 1512,896 1538,896"/>
                <TextEquiv>
                    <Unicode>le responde en estos versos:</Unicode>
                </TextEquiv>
            </TextLine>
            <TextLine id="region_1604679827302_4196l15" custom="readingOrder {index:14;}">
                <Coords points="1035,970 1060,970 1086,970 1112,969 1138,968 1164,968 1190,966 1216,965 1242,965 1267,963 1293,962 1319,961 1345,960 1371,959 1397,959 1423,958 1449,958 1475,959 1475,925 1449,924 1423,924 1397,925 1371,925 1345,926 1319,927 1293,928 1267,929 1242,931 1216,931 1190,932 1164,934 1138,934 1112,935 1086,936 1060,936 1035,936"/>
                <Baseline points="1035,959 1060,959 1086,959 1112,958 1138,957 1164,957 1190,955 1216,954 1242,954 1267,952 1293,951 1319,950 1345,949 1371,948 1397,948 1423,947 1449,947 1475,948"/>
                <TextEquiv>
                    <Unicode>no pretendas imposibles,</Unicode>
                </TextEquiv>
            </TextLine>
            <TextLine id="region_1604679827302_4196l16" custom="readingOrder {index:15;}">
                <Coords points="1041,1023 1067,1022 1093,1020 1120,1019 1146,1017 1172,1017 1199,1015 1225,1014 1251,1013 1278,1012 1304,1011 1330,1010 1357,1009 1383,1008 1409,1007 1436,1007 1462,1006 1488,1006 1515,1005 1515,971 1488,972 1462,972 1436,973 1409,973 1383,974 1357,975 1330,976 1304,977 1278,978 1251,979 1225,980 1199,981 1172,983 1146,983 1120,985 1093,986 1067,988 1041,989"/>
                <Baseline points="1041,1012 1067,1011 1093,1009 1120,1008 1146,1006 1172,1006 1199,1004 1225,1003 1251,1002 1278,1001 1304,1000 1330,999 1357,998 1383,997 1409,996 1436,996 1462,995 1488,995 1515,994"/>
                <TextEquiv>
                    <Unicode>pon tu amor en un sugeto</Unicode>
                </TextEquiv>
            </TextLine>
            <TextLine id="region_1604679827302_4196l17" custom="readingOrder {index:16;}">
                <Coords points="1047,1071 1072,1070 1097,1069 1123,1068 1148,1067 1174,1066 1199,1065 1225,1063 1250,1062 1276,1061 1301,1060 1326,1060 1352,1058 1377,1058 1403,1057 1428,1056 1454,1056 1479,1055 1505,1055 1505,1021 1479,1021 1454,1022 1428,1022 1403,1023 1377,1024 1352,1024 1326,1026 1301,1026 1276,1027 1250,1028 1225,1029 1199,1031 1174,1032 1148,1033 1123,1034 1097,1035 1072,1036 1047,1037"/>
                <Baseline points="1047,1060 1072,1059 1097,1058 1123,1057 1148,1056 1174,1055 1199,1054 1225,1052 1250,1051 1276,1050 1301,1049 1326,1049 1352,1047 1377,1047 1403,1046 1428,1045 1454,1045 1479,1044 1505,1044"/>
                <TextEquiv>
                    <Unicode>que te pague con finezas,</Unicode>
                </TextEquiv>
            </TextLine>
            <TextLine id="region_1604679827302_4196l18" custom="readingOrder {index:17;}">
                <Coords points="1045,1118 1075,1118 1105,1117 1135,1116 1165,1115 1195,1114 1225,1113 1255,1112 1285,1111 1315,1109 1345,1108 1375,1107 1405,1106 1435,1105 1465,1104 1495,1103 1525,1102 1555,1102 1585,1101 1615,1101 1645,1100 1645,1066 1615,1067 1585,1067 1555,1068 1525,1068 1495,1069 1465,1070 1435,1071 1405,1072 1375,1073 1345,1074 1315,1075 1285,1077 1255,1078 1225,1079 1195,1080 1165,1081 1135,1082 1105,1083 1075,1084 1045,1084"/>
                <Baseline points="1045,1107 1075,1107 1105,1106 1135,1105 1165,1104 1195,1103 1225,1102 1255,1101 1285,1100 1315,1098 1345,1097 1375,1096 1405,1095 1435,1094 1465,1093 1495,1092 1525,1091 1555,1091 1585,1090 1615,1090 1645,1089"/>
                <TextEquiv>
                    <Unicode>que yo aunque quiera no puedo,</Unicode>
                </TextEquiv>
            </TextLine>
            <TextLine id="region_1604679827302_4196l19" custom="readingOrder {index:18;}">
                <Coords points="1041,1167 1067,1166 1094,1165 1121,1164 1147,1163 1174,1162 1201,1161 1227,1161 1254,1160 1281,1159 1308,1158 1334,1157 1361,1156 1388,1155 1414,1155 1441,1154 1468,1153 1494,1152 1521,1152 1548,1151 1575,1150 1575,1116 1548,1117 1521,1118 1494,1118 1468,1119 1441,1120 1414,1121 1388,1121 1361,1122 1334,1123 1308,1124 1281,1125 1254,1126 1227,1127 1201,1127 1174,1128 1147,1129 1121,1130 1094,1131 1067,1132 1041,1133"/>
                <Baseline points="1041,1156 1067,1155 1094,1154 1121,1153 1147,1152 1174,1151 1201,1150 1227,1150 1254,1149 1281,1148 1308,1147 1334,1146 1361,1145 1388,1144 1414,1144 1441,1143 1468,1142 1494,1141 1521,1141 1548,1140 1575,1139"/>
                <TextEquiv>
                    <Unicode>porque mis padres me tienen</Unicode>
                </TextEquiv>
            </TextLine>
            <TextLine id="region_1604679827302_4196l20" custom="readingOrder {index:19;}">
                <Coords points="1047,1216 1072,1215 1098,1214 1124,1213 1150,1212 1176,1211 1202,1210 1228,1208 1254,1208 1280,1207 1305,1206 1331,1205 1357,1205 1383,1204 1409,1204 1435,1204 1461,1204 1487,1205 1513,1206 1513,1173 1487,1172 1461,1171 1435,1171 1409,1171 1383,1171 1357,1172 1331,1172 1305,1173 1280,1174 1254,1175 1228,1175 1202,1177 1176,1178 1150,1179 1124,1180 1098,1181 1072,1182 1047,1183"/>
                <Baseline points="1047,1205 1072,1204 1098,1203 1124,1202 1150,1201 1176,1200 1202,1199 1228,1197 1254,1197 1280,1196 1305,1195 1331,1194 1357,1194 1383,1193 1409,1193 1435,1193 1461,1193 1487,1194 1513,1195"/>
                <TextEquiv>
                    <Unicode>prometida á un caballero, </Unicode>
                </TextEquiv>
            </TextLine>
            <TextLine id="region_1604679827302_4196l21" custom="readingOrder {index:20;}">
                <Coords points="1045,1262 1070,1262 1096,1261 1122,1260 1148,1259 1173,1258 1199,1257 1225,1257 1251,1256 1276,1255 1302,1254 1328,1254 1354,1253 1379,1253 1405,1252 1431,1252 1457,1252 1483,1251 1483,1218 1457,1219 1431,1219 1405,1219 1379,1220 1354,1220 1328,1221 1302,1221 1276,1222 1251,1223 1225,1224 1199,1224 1173,1225 1148,1226 1122,1227 1096,1228 1070,1229 1045,1229"/>
                <Baseline points="1045,1251 1070,1251 1096,1250 1122,1249 1148,1248 1173,1247 1199,1246 1225,1246 1251,1245 1276,1244 1302,1243 1328,1243 1354,1242 1379,1242 1405,1241 1431,1241 1457,1241 1483,1240"/>
                <TextEquiv>
                    <Unicode>no te descubras á nadie</Unicode>
                </TextEquiv>
            </TextLine>
            <TextLine id="region_1604679827302_4196l22" custom="readingOrder {index:21;}">
                <Coords points="1043,1310 1068,1310 1094,1310 1119,1309 1145,1308 1171,1308 1196,1307 1222,1306 1247,1305 1273,1304 1299,1304 1324,1303 1350,1302 1375,1302 1401,1301 1427,1301 1452,1301 1478,1301 1503,1301 1529,1301 1555,1302 1555,1268 1529,1267 1503,1267 1478,1267 1452,1267 1427,1267 1401,1267 1375,1268 1350,1268 1324,1269 1299,1270 1273,1270 1247,1271 1222,1272 1196,1273 1171,1274 1145,1274 1119,1275 1094,1276 1068,1276 1043,1276"/>
                <Baseline points="1043,1299 1068,1299 1094,1299 1119,1298 1145,1297 1171,1297 1196,1296 1222,1295 1247,1294 1273,1293 1299,1293 1324,1292 1350,1291 1375,1291 1401,1290 1427,1290 1452,1290 1478,1290 1503,1290 1529,1290 1555,1291"/>
                <TextEquiv>
                    <Unicode>ahora ni en ningun tiempo,</Unicode>
                </TextEquiv>
            </TextLine>
            <TextLine id="region_1604679827302_4196l23" custom="readingOrder {index:22;}">
                <Coords points="1046,1359 1071,1359 1096,1359 1121,1358 1146,1358 1171,1357 1196,1356 1221,1355 1246,1355 1271,1354 1297,1353 1322,1352 1347,1351 1372,1351 1397,1350 1422,1349 1447,1349 1472,1349 1497,1348 1522,1348 1548,1349 1548,1315 1522,1314 1497,1314 1472,1315 1447,1315 1422,1315 1397,1316 1372,1317 1347,1317 1322,1318 1297,1319 1271,1320 1246,1321 1221,1321 1196,1322 1171,1323 1146,1324 1121,1324 1096,1325 1071,1325 1046,1325"/>
                <Baseline points="1046,1348 1071,1348 1096,1348 1121,1347 1146,1347 1171,1346 1196,1345 1221,1344 1246,1344 1271,1343 1297,1342 1322,1341 1347,1340 1372,1340 1397,1339 1422,1338 1447,1338 1472,1338 1497,1337 1522,1337 1548,1338"/>
                <TextEquiv>
                    <Unicode>porque tengo tres hermanos</Unicode>
                </TextEquiv>
            </TextLine>
            <TextLine id="region_1604679827302_4196l24" custom="readingOrder {index:23;}">
                <Coords points="1055,1409 1080,1409 1106,1408 1132,1408 1157,1407 1183,1406 1209,1405 1234,1404 1260,1403 1286,1402 1311,1401 1337,1400 1363,1400 1388,1399 1414,1398 1440,1398 1465,1398 1491,1398 1517,1399 1543,1400 1543,1366 1517,1365 1491,1364 1465,1364 1440,1364 1414,1364 1388,1365 1363,1366 1337,1366 1311,1367 1286,1368 1260,1369 1234,1370 1209,1371 1183,1372 1157,1373 1132,1374 1106,1374 1080,1375 1055,1375"/>
                <Baseline points="1055,1398 1080,1398 1106,1397 1132,1397 1157,1396 1183,1395 1209,1394 1234,1393 1260,1392 1286,1391 1311,1390 1337,1389 1363,1389 1388,1388 1414,1387 1440,1387 1465,1387 1491,1387 1517,1388 1543,1389"/>
                <TextEquiv>
                    <Unicode>que son centellas de fuego:</Unicode>
                </TextEquiv>
            </TextLine>
            <TextLine id="region_1604679827302_4196l25" custom="readingOrder {index:24;}">
                <Coords points="1043,1457 1069,1457 1095,1456 1121,1456 1147,1455 1174,1455 1200,1454 1226,1453 1252,1452 1278,1451 1305,1450 1331,1449 1357,1448 1383,1448 1409,1447 1436,1446 1462,1446 1488,1446 1514,1446 1541,1446 1541,1413 1514,1413 1488,1413 1462,1413 1436,1413 1409,1414 1383,1415 1357,1415 1331,1416 1305,1417 1278,1418 1252,1419 1226,1420 1200,1421 1174,1422 1147,1422 1121,1423 1095,1423 1069,1424 1043,1424"/>
                <Baseline points="1043,1446 1069,1446 1095,1445 1121,1445 1147,1444 1174,1444 1200,1443 1226,1442 1252,1441 1278,1440 1305,1439 1331,1438 1357,1437 1383,1437 1409,1436 1436,1435 1462,1435 1488,1435 1514,1435 1541,1435"/>
                <TextEquiv>
                    <Unicode>hay hombres en Barcelona</Unicode>
                </TextEquiv>
            </TextLine>
            <TextLine id="region_1604679827302_4196l26" custom="readingOrder {index:25;}">
                <Coords points="1055,1507 1081,1506 1107,1506 1134,1505 1160,1504 1186,1503 1213,1502 1239,1500 1266,1499 1292,1498 1318,1498 1345,1497 1371,1496 1397,1496 1424,1495 1450,1495 1477,1495 1477,1461 1450,1461 1424,1461 1397,1462 1371,1462 1345,1463 1318,1464 1292,1464 1266,1465 1239,1466 1213,1468 1186,1469 1160,1470 1134,1471 1107,1472 1081,1472 1055,1473"/>
                <Baseline points="1055,1496 1081,1495 1107,1495 1134,1494 1160,1493 1186,1492 1213,1491 1239,1489 1266,1488 1292,1487 1318,1487 1345,1486 1371,1485 1397,1485 1424,1484 1450,1484 1477,1484"/>
                <TextEquiv>
                    <Unicode>que si llegan á saberlo, </Unicode>
                </TextEquiv>
            </TextLine>
            <TextLine id="region_1604679827302_4196l27" custom="readingOrder {index:26;}">
                <Coords points="1051,1554 1077,1554 1104,1553 1130,1553 1157,1552 1184,1551 1210,1550 1237,1549 1263,1548 1290,1547 1317,1546 1343,1545 1370,1544 1396,1543 1423,1543 1450,1542 1476,1542 1503,1542 1529,1542 1556,1542 1583,1543 1583,1509 1556,1508 1529,1508 1503,1508 1476,1508 1450,1508 1423,1509 1396,1509 1370,1510 1343,1511 1317,1512 1290,1513 1263,1514 1237,1515 1210,1516 1184,1517 1157,1518 1130,1519 1104,1519 1077,1520 1051,1520"/>
                <Baseline points="1051,1543 1077,1543 1104,1542 1130,1542 1157,1541 1184,1540 1210,1539 1237,1538 1263,1537 1290,1536 1317,1535 1343,1534 1370,1533 1396,1532 1423,1532 1450,1531 1476,1531 1503,1531 1529,1531 1556,1531 1583,1532"/>
                <TextEquiv>
                    <Unicode>se arriesgarán nuestras vidas,</Unicode>
                </TextEquiv>
            </TextLine>
            <TextLine id="region_1604679827302_4196l28" custom="readingOrder {index:27;}">
                <Coords points="1050,1602 1075,1602 1101,1602 1126,1602 1152,1602 1178,1601 1203,1600 1229,1599 1255,1598 1280,1597 1306,1596 1331,1595 1357,1594 1383,1593 1408,1592 1434,1592 1460,1592 1485,1592 1511,1592 1537,1593 1537,1559 1511,1558 1485,1558 1460,1558 1434,1558 1408,1558 1383,1559 1357,1560 1331,1561 1306,1562 1280,1563 1255,1564 1229,1565 1203,1566 1178,1567 1152,1568 1126,1568 1101,1568 1075,1568 1050,1568"/>
                <Baseline points="1050,1591 1075,1591 1101,1591 1126,1591 1152,1591 1178,1590 1203,1589 1229,1588 1255,1587 1280,1586 1306,1585 1331,1584 1357,1583 1383,1582 1408,1581 1434,1581 1460,1581 1485,1581 1511,1581 1537,1582"/>
                <TextEquiv>
                    <Unicode>y ahora por Dios te ruego,</Unicode>
                </TextEquiv>
            </TextLine>
            <TextLine id="region_1604679827302_4196l29" custom="readingOrder {index:28;}">
                <Coords points="1057,1652 1083,1651 1109,1651 1135,1650 1161,1649 1188,1648 1214,1647 1240,1647 1266,1646 1292,1645 1319,1644 1345,1643 1371,1643 1397,1642 1423,1642 1450,1641 1476,1641 1502,1641 1528,1642 1555,1642 1555,1608 1528,1608 1502,1607 1476,1607 1450,1607 1423,1608 1397,1608 1371,1609 1345,1609 1319,1610 1292,1611 1266,1612 1240,1613 1214,1613 1188,1614 1161,1615 1135,1616 1109,1617 1083,1617 1057,1618"/>
                <Baseline points="1057,1641 1083,1640 1109,1640 1135,1639 1161,1638 1188,1637 1214,1636 1240,1636 1266,1635 1292,1634 1319,1633 1345,1632 1371,1632 1397,1631 1423,1631 1450,1630 1476,1630 1502,1630 1528,1631 1555,1631"/>
                <TextEquiv>
                    <Unicode>no me escribas mas papeles, </Unicode>
                </TextEquiv>
            </TextLine>
            <TextLine id="region_1604679827302_4196l30" custom="readingOrder {index:29;}">
                <Coords points="1060,1701 1085,1700 1110,1699 1135,1698 1160,1698 1185,1697 1210,1696 1235,1696 1260,1695 1286,1694 1311,1693 1336,1692 1361,1692 1386,1691 1411,1691 1436,1690 1461,1690 1487,1690 1487,1656 1461,1656 1436,1656 1411,1657 1386,1657 1361,1658 1336,1658 1311,1659 1286,1660 1260,1661 1235,1662 1210,1662 1185,1663 1160,1664 1135,1664 1110,1665 1085,1666 1060,1667"/>
                <Baseline points="1060,1690 1085,1689 1110,1688 1135,1687 1160,1687 1185,1686 1210,1685 1235,1685 1260,1684 1286,1683 1311,1682 1336,1681 1361,1681 1386,1680 1411,1680 1436,1679 1461,1679 1487,1679"/>
                <TextEquiv>
                    <Unicode>no seamos descubiertos:</Unicode>
                </TextEquiv>
            </TextLine>
            <TextLine id="region_1604679827302_4196l31" custom="readingOrder {index:30;}">
                <Coords points="1056,1749 1081,1749 1107,1748 1133,1748 1159,1747 1185,1746 1211,1745 1236,1744 1262,1744 1288,1742 1314,1742 1340,1741 1366,1741 1391,1740 1417,1739 1443,1739 1469,1739 1495,1739 1521,1740 1521,1706 1495,1705 1469,1705 1443,1705 1417,1705 1391,1706 1366,1707 1340,1707 1314,1708 1288,1708 1262,1710 1236,1710 1211,1711 1185,1712 1159,1713 1133,1714 1107,1714 1081,1715 1056,1715"/>
                <Baseline points="1056,1738 1081,1738 1107,1737 1133,1737 1159,1736 1185,1735 1211,1734 1236,1733 1262,1733 1288,1731 1314,1731 1340,1730 1366,1730 1391,1729 1417,1728 1443,1728 1469,1728 1495,1728 1521,1729"/>
                <TextEquiv>
                    <Unicode>Si quieres verte conmigo, </Unicode>
                </TextEquiv>
            </TextLine>
            <TextLine id="region_1604679827302_4196l32" custom="readingOrder {index:31;}">
                <Coords points="1060,1799 1086,1798 1112,1797 1138,1796 1165,1795 1191,1795 1217,1794 1243,1793 1270,1792 1296,1791 1322,1791 1349,1790 1375,1789 1401,1788 1427,1788 1454,1787 1480,1787 1506,1786 1533,1786 1533,1752 1506,1752 1480,1753 1454,1753 1427,1754 1401,1754 1375,1755 1349,1756 1322,1757 1296,1757 1270,1758 1243,1759 1217,1760 1191,1761 1165,1761 1138,1762 1112,1763 1086,1764 1060,1765"/>
                <Baseline points="1060,1788 1086,1787 1112,1786 1138,1785 1165,1784 1191,1784 1217,1783 1243,1782 1270,1781 1296,1780 1322,1780 1349,1779 1375,1778 1401,1777 1427,1777 1454,1776 1480,1776 1506,1775 1533,1775"/>
                <TextEquiv>
                    <Unicode>te has de valer del secreto</Unicode>
                </TextEquiv>
            </TextLine>
            <TextLine id="region_1604679827302_4196l33" custom="readingOrder {index:32;}">
                <Coords points="1065,1846 1091,1846 1117,1846 1143,1845 1169,1844 1195,1844 1221,1843 1247,1842 1273,1841 1299,1840 1325,1839 1351,1839 1377,1838 1403,1837 1429,1837 1455,1837 1481,1837 1507,1837 1507,1803 1481,1803 1455,1803 1429,1803 1403,1803 1377,1804 1351,1805 1325,1805 1299,1806 1273,1807 1247,1808 1221,1809 1195,1810 1169,1810 1143,1811 1117,1812 1091,1812 1065,1812"/>
                <Baseline points="1065,1835 1091,1835 1117,1835 1143,1834 1169,1833 1195,1833 1221,1832 1247,1831 1273,1830 1299,1829 1325,1828 1351,1828 1377,1827 1403,1826 1429,1826 1455,1826 1481,1826 1507,1826"/>
                <TextEquiv>
                    <Unicode>de una tenebrosa noche,</Unicode>
                </TextEquiv>
            </TextLine>
            <TextLine id="region_1604679827302_4196l34" custom="readingOrder {index:33;}">
                <Coords points="1066,1902 1091,1900 1116,1897 1142,1895 1167,1894 1192,1892 1218,1891 1243,1890 1269,1889 1294,1888 1319,1888 1345,1887 1370,1887 1396,1886 1421,1886 1446,1885 1472,1884 1497,1883 1523,1882 1523,1851 1497,1852 1472,1853 1446,1854 1421,1855 1396,1855 1370,1856 1345,1856 1319,1857 1294,1857 1269,1858 1243,1859 1218,1860 1192,1861 1167,1863 1142,1864 1116,1866 1091,1869 1066,1871"/>
                <Baseline points="1066,1892 1091,1890 1116,1887 1142,1885 1167,1884 1192,1882 1218,1881 1243,1880 1269,1879 1294,1878 1319,1878 1345,1877 1370,1877 1396,1876 1421,1876 1446,1875 1472,1874 1497,1873 1523,1872"/>
                <TextEquiv>
                    <Unicode>y por un balcon pequeño</Unicode>
                </TextEquiv>
            </TextLine>
            <TextLine id="region_1604679827302_4196l35" custom="readingOrder {index:34;}">
                <Coords points="1066,1946 1091,1945 1116,1944 1141,1943 1166,1942 1191,1941 1216,1940 1241,1939 1266,1938 1291,1937 1316,1936 1341,1935 1366,1935 1391,1934 1416,1933 1441,1933 1466,1933 1491,1932 1516,1933 1541,1933 1541,1902 1516,1902 1491,1901 1466,1902 1441,1902 1416,1902 1391,1903 1366,1904 1341,1904 1316,1905 1291,1906 1266,1907 1241,1908 1216,1909 1191,1910 1166,1911 1141,1912 1116,1913 1091,1914 1066,1915"/>
                <Baseline points="1066,1936 1091,1935 1116,1934 1141,1933 1166,1932 1191,1931 1216,1930 1241,1929 1266,1928 1291,1927 1316,1926 1341,1925 1366,1925 1391,1924 1416,1923 1441,1923 1466,1923 1491,1922 1516,1923 1541,1923"/>
                <TextEquiv>
                    <Unicode>que cae al jardin vendrás, </Unicode>
                </TextEquiv>
            </TextLine>
            <TextLine id="region_1604679827302_4196l36" custom="readingOrder {index:35;}">
                <Coords points="1063,1997 1088,1996 1114,1995 1140,1993 1166,1992 1192,1991 1218,1990 1244,1989 1270,1988 1296,1987 1321,1986 1347,1985 1373,1984 1399,1984 1425,1983 1451,1983 1477,1982 1503,1982 1529,1981 1529,1947 1503,1948 1477,1948 1451,1949 1425,1949 1399,1950 1373,1950 1347,1951 1321,1952 1296,1953 1270,1954 1244,1955 1218,1956 1192,1957 1166,1958 1140,1959 1114,1961 1088,1962 1063,1963"/>
                <Baseline points="1063,1986 1088,1985 1114,1984 1140,1982 1166,1981 1192,1980 1218,1979 1244,1978 1270,1977 1296,1976 1321,1975 1347,1974 1373,1973 1399,1973 1425,1972 1451,1972 1477,1971 1503,1971 1529,1970"/>
                <TextEquiv>
                    <Unicode>y allí los dos hablaremos, </Unicode>
                </TextEquiv>
            </TextLine>
            <TextLine id="region_1604679827302_4196l37" custom="readingOrder {index:36;}">
                <Coords points="1066,2044 1093,2043 1120,2042 1148,2041 1175,2040 1203,2039 1230,2038 1258,2037 1285,2036 1313,2035 1340,2034 1367,2034 1395,2033 1422,2032 1450,2031 1477,2030 1505,2030 1532,2029 1560,2028 1587,2028 1615,2027 1615,1993 1587,1994 1560,1994 1532,1995 1505,1996 1477,1996 1450,1997 1422,1998 1395,1999 1367,2000 1340,2000 1313,2001 1285,2002 1258,2003 1230,2004 1203,2005 1175,2006 1148,2007 1120,2008 1093,2009 1066,2010"/>
                <Baseline points="1066,2033 1093,2032 1120,2031 1148,2030 1175,2029 1203,2028 1230,2027 1258,2026 1285,2025 1313,2024 1340,2023 1367,2023 1395,2022 1422,2021 1450,2020 1477,2019 1505,2019 1532,2018 1560,2017 1587,2017 1615,2016"/>
                <TextEquiv>
                    <Unicode>puede ser que á un imposible,</Unicode>
                </TextEquiv>
            </TextLine>
            <TextLine id="region_1604679827302_4196l38" custom="readingOrder {index:37;}">
                <Coords points="1064,2093 1089,2092 1114,2091 1139,2090 1164,2089 1189,2088 1215,2087 1240,2087 1265,2085 1290,2085 1315,2084 1340,2083 1366,2082 1391,2081 1416,2080 1441,2080 1466,2079 1491,2078 1517,2078 1517,2044 1491,2044 1466,2045 1441,2046 1416,2046 1391,2047 1366,2048 1340,2049 1315,2050 1290,2051 1265,2051 1240,2053 1215,2053 1189,2054 1164,2055 1139,2056 1114,2057 1089,2058 1064,2059"/>
                <Baseline points="1064,2082 1089,2081 1114,2080 1139,2079 1164,2078 1189,2077 1215,2076 1240,2076 1265,2074 1290,2074 1315,2073 1340,2072 1366,2071 1391,2070 1416,2069 1441,2069 1466,2068 1491,2067 1517,2067"/>
                <TextEquiv>
                    <Unicode>le demos algun remedio.</Unicode>
                </TextEquiv>
            </TextLine>
            <TextLine id="region_1604679827302_4196l39" custom="readingOrder {index:38;}">
                <Coords points="1069,2145 1094,2143 1119,2142 1144,2140 1169,2139 1194,2138 1219,2137 1244,2136 1269,2134 1294,2134 1319,2132 1344,2132 1369,2131 1394,2130 1419,2130 1444,2130 1469,2129 1494,2129 1519,2129 1519,2095 1494,2095 1469,2095 1444,2096 1419,2096 1394,2096 1369,2097 1344,2098 1319,2098 1294,2100 1269,2100 1244,2102 1219,2103 1194,2104 1169,2105 1144,2106 1119,2108 1094,2109 1069,2111"/>
                <Baseline points="1069,2134 1094,2132 1119,2131 1144,2129 1169,2128 1194,2127 1219,2126 1244,2125 1269,2123 1294,2123 1319,2121 1344,2121 1369,2120 1394,2119 1419,2119 1444,2119 1469,2118 1494,2118 1519,2118"/>
                <TextEquiv>
                    <Unicode>Quedó D. Pedro confuso, </Unicode>
                </TextEquiv>
            </TextLine>
            <TextLine id="region_1604679827302_4196l40" custom="readingOrder {index:39;}">
                <Coords points="1069,2194 1098,2192 1128,2191 1157,2189 1187,2188 1217,2187 1246,2186 1276,2185 1306,2184 1335,2183 1365,2182 1395,2181 1424,2180 1454,2179 1484,2179 1513,2177 1543,2177 1573,2175 1602,2174 1632,2173 1662,2171 1662,2137 1632,2139 1602,2140 1573,2141 1543,2143 1513,2143 1484,2145 1454,2145 1424,2146 1395,2147 1365,2148 1335,2149 1306,2150 1276,2151 1246,2152 1217,2153 1187,2154 1157,2155 1128,2157 1098,2158 1069,2160"/>
                <Baseline points="1069,2183 1098,2181 1128,2180 1157,2178 1187,2177 1217,2176 1246,2175 1276,2174 1306,2173 1335,2172 1365,2171 1395,2170 1424,2169 1454,2168 1484,2168 1513,2166 1543,2166 1573,2164 1602,2163 1632,2162 1662,2160"/>
                <TextEquiv>
                    <Unicode>por ver que en un mismo tiempo</Unicode>
                </TextEquiv>
            </TextLine>
            <TextEquiv>
                <Unicode>y á un, amigo que tenia
le comunicó su intento,
le respondió: es imposible
alcanzar ese sujeto,
porque es de parte muy rica,
y su padre es caballero;
pero amor vence imposibles,
comunícale tu intento.
D. Pedro determinado,
y sobre todo resuelto,
con un papel á la dama 
le dió á entender sus secretos, 
y doña Juana Violante
le responde en estos versos:
no pretendas imposibles,
pon tu amor en un sugeto
que te pague con finezas,
que yo aunque quiera no puedo,
porque mis padres me tienen
prometida á un caballero, 
no te descubras á nadie
ahora ni en ningun tiempo,
porque tengo tres hermanos
que son centellas de fuego:
hay hombres en Barcelona
que si llegan á saberlo, 
se arriesgarán nuestras vidas,
y ahora por Dios te ruego,
no me escribas mas papeles, 
no seamos descubiertos:
Si quieres verte conmigo, 
te has de valer del secreto
de una tenebrosa noche,
y por un balcon pequeño
que cae al jardin vendrás, 
y allí los dos hablaremos, 
puede ser que á un imposible,
le demos algun remedio.
Quedó D. Pedro confuso, 
por ver que en un mismo tiempo</Unicode>
            </TextEquiv>
        </TextRegion>
    </Page>
</PcGts>
