1737 2508
568 1150 1276 1206 SEGUNDA PARTE.
218 1334 1593 1391 DE DON PEDRO JUAN DE LA ROSA
428 1533 1574 1573 Y DOÑA MARIA UDE BARGAS.
247 1932 600 1969 Ya dije como quedó
191 1982 613 2019 la desgraciada doncella
191 2030 656 2067 en poder de aquel tirano,
197 2079 651 2115 y cual la fortuna adversa
197 2128 650 2164 en breve tiempo dispuso,
193 2178 787 2213 que el gusto se vuelva en penas.
916 1929 1404 1964 El turco que á doña Juana
913 1978 1436 2014 compró, hecho una centella,
919 2026 1316 2064 enamorado y rendido
922 2076 1383 2111 de la cautiva, con tiernas
923 2124 1359 2160 palabras, le dijo un dia:
919 2175 1398 2211 cristiana, si tú cumplieras
