1737 2508
196 237 660 279 le despide, quiere y ama,
184 282 606 327 y valeroso y dispuesto,
188 336 601 377 se previno de pistolas,
191 386 642 428 y una noche con silencio,
187 437 552 476 asaltó por el jardin,
191 485 651 524 hizo una seña, mas luego
185 532 499 571 así como conoció
187 579 668 621 la dama que era D. Pedro,
195 629 601 669 salen los dos al jardin,
191 679 599 715 donde tomaron asiento
189 730 622 764 entre fragantes macetas,
189 774 636 817 y hermosos ramilleteros.
186 825 632 862 Doña Juana sin turbarse
196 873 642 912 le dijo á su amado dueño,
192 922 678 960 si te has de casar conmigo,
191 973 720 1009 no ha de ser en estos Reinos.
190 1021 642 1059 Buscando modos y trazas
187 1069 656 1108 toda la noche estuvieron,
189 1120 682 1158 hasta que viniendo el alba,
188 1168 656 1207 sus luces iban rompiendo,
195 1217 612 1252 se despidieron gustosos
199 1265 623 1303 los amantes que refiero.
195 1313 702 1352 Se fué D. Pedro á su tierra,
183 1362 646 1399 donde con mucho secreto
195 1411 559 1447 sin ver á doña María
192 1460 643 1499 hizo su hacienda dinero,
189 1506 589 1549 y solo con un criado,
193 1555 586 1596 y dos caballos ligeros
190 1606 622 1644 de su patria se ausentó,
188 1655 600 1691 su viaje prosiguiendo:
198 1704 687 1741 Llegó, en fin, á Barcelona,
197 1753 646 1787 donde con mucho secreto
199 1800 682 1840 puso tienda en dicha calle;
185 1843 619 1886 y de noche con silencio
191 1898 568 1934 iba, y se comunicaba
195 1948 634 1984 con la dama que refiero.
194 1997 577 2033 Dejémoslo por ahora,
191 2041 615 2081 y vamos á que sabiendo
195 2094 585 2133 doña María de Bargas,
189 2143 766 2179 no está en la ciudad su dueño,
1466 189 1496 223 3
916 237 1330 273 yo no sé de que páraje
915 287 1346 324 tuvo aviso y le dijeron,
911 336 1403 373 que en la noble Barcelona.
915 384 1316 421 ha tratado casamiento.
911 434 1428 468 Se vistió en traje de hombre
915 483 1425 519 fué á Barceloná, y sabiendo
922 530 1318 569 donde D. Pedro vivia,
912 579 1410 619 fué allá, porque le dijeron,
912 628 1342 664 que el criado que tenia
911 675 1466 716 vuesa merced se habia muerto,
916 726 1342 763 si gusta de que le sirva,
918 776 1410 814 ló haré por su justo precio.
923 826 1301 861 A D. Pedro parecióle
915 873 1354 911 en su persona dispuesto,
916 922 1387 960 en fin, luego se ajustaron,
918 966 1388 1009 y entró la dama sirviendo,
923 1017 1350 1056 esto le obligó al honor:
916 1070 1404 1106 mirad que lances son estos!
919 1119 1366 1156 de noche le acompañaba,
921 1166 1353 1203 para que fuese D. Pedro
924 1214 1282 1252 á visitar á su dama;
921 1264 1346 1304 pero con rabiosos celos,
916 1314 1314 1351 sufria al fin y callaba,
917 1360 1385 1400 y aguardó lugar y tiempo.
913 1411 1362 1449 Cumpliósele su designio,
912 1460 1453 1497 fué que una tarde escribiendo
926 1510 1378 1546 doña Juana á su querido,
922 1556 1370 1595 le dijo: sabrás D. Pedro,
926 1606 1468 1644 que aquesta noche te aguardo,
919 1656 1440 1692 porque mis hermanos fueron
916 1705 1270 1742 á un dilatado viaje,
917 1750 1341 1791 y así sin falta te espero,
918 1799 1380 1838 te vendrás bien prevenido,
919 1850 1352 1887 que con joyas y dineros,
920 1901 1368 1937 para las doce te aguardo,
922 1949 1433 1985 no hagas falta, dulce dueño.
920 1996 1358 2033 Leyó D. Pedro el papel,
916 2042 1322 2081 y valeroso y dispuesto
909 2094 1302 2130 se previno de pistolas,
911 2141 1370 2180 y á la noche con silencio
