1765 2512
356 170 386 204 6
248 219 734 272 mi gusto siendo mi esposa,
262 265 763 319 verás presto á tu obediencia
256 316 700 368 joyas, dineros, cautivos,
252 368 670 412 y doña Juana resuelta,
256 412 715 462 le respondió: no te canses
252 460 698 508 en eso, porque esa sécta
256 508 710 560 que profesas de Mahoma,
246 557 783 612 no la quiero, aunque perdiera
241 605 708 656 mas riquezas y mas vidas
244 655 696 707 que tiene la mar arenas.
245 703 762 754 Se quedó el tureo suspenso,
245 751 676 802 y viéndola tan resuelta,
250 800 626 847 para gozar la cautiva,
244 847 663 898 modos y trazas ordena.
244 898 782 953 Tiene el turco unos jardines,
239 947 650 999 y frondosas arboledas,
241 997 696 1050 con intencion de gozarla,
242 1044 714 1098 entró doña Juana en ellas,
236 1097 610 1138 y le dijo: es posible
235 1144 697 1189 mujer que no te sugetes
237 1191 719 1241 á mi voluntad? Y al punto
236 1240 628 1290 abrazándose con ella,
240 1290 672 1337 doña Juana que llevaba
236 1337 670 1390 oculto en la faltriquera,
232 1387 656 1437 un puñal de fino acero,
234 1436 644 1483 lo sacó, y con ligereza
229 1485 758 1536 le ha dado muerte al alarbe,
228 1535 776 1587 con cinco heridas sangrientas,
226 1589 652 1629 y quitándole el vestido,
230 1634 648 1676 se lo puso con presteza
224 1681 646 1729 del turco toda la ropa,
228 1731 636 1774 montando con ligereza
226 1777 650 1827 en un sobervio caballo,
232 1827 726 1876 que el turco tenia: y entra
226 1876 625 1923 lijera por la espesura;
224 1926 689 1971 á tiempo que las tinieblas
221 1973 698 2022 del Sol venian rompiendo,
226 2026 654 2070 y dando luz á la tierra,
220 2072 732 2120 descubrió aunque dilatadas,
224 2121 648 2170 las fortalezas de Ceuta,
977 234 1620 282 y aunque encontró muchos turcos,
982 283 1387 329 como sabia la lengua,
984 329 1414 377 é iba vestida en su traje
980 378 1458 428 fué imposible el conocerla.
976 429 1472 480 Al cerrar la obscura noche,
976 476 1474 526 llegó á la puertas de Ceuta,
984 527 1448 570 diciendo que era cristiano
982 574 1551 621 cautivo, y mandó que abrieran:
975 622 1395 667 el centinela que habia
976 672 1440 719 al gobernador dió cuenta,
972 725 1438 766 y sin detenerse un punto,
971 769 1548 818 mandó al instante que abrieran,
972 814 1376 861 y ejecutando lo dicho,
980 864 1478 910 entró doña Juana en Ceuta,
968 914 1505 959 sentó plaza, y luego al punto
964 963 1376 1006 le dieron una bandera.
967 1013 1358 1057 Ella contra Mequinéz,
968 1063 1354 1106 hizo salidas diversas,
971 1111 1424 1154 donde condujo á la plaza
962 1158 1442 1204 muy considerables presas:
970 1205 1368 1252 en un año de servicio,
967 1257 1400 1302 alcanzó por su destreza
960 1305 1364 1351 de capitan la vengala,
965 1353 1426 1398 y estuvo segun su cuenta
964 1405 1386 1445 tres años en el servicio
966 1450 1402 1494 de nuestra corona regia.
965 1497 1488 1548 Y estando un dia en la plaza,
965 1550 1446 1595 jugando á la espada negra,
960 1598 1426 1643 habiendo mucho concurso,
960 1646 1411 1689 tomó la espada y con ella
964 1694 1352 1739 peleó con su querido,
966 1745 1419 1789 y ella se quedó suspensa,
966 1793 1404 1836 jugaron los dos corteses.
968 1842 1351 1881 y luego con una seña
968 1890 1527 1935 o llamó á parte, y le ha dicho:
959 1938 1372 1980 señor soldado, quisiera
962 1986 1384 2029 solo el saber quien sois?
965 2036 1443 2079 porque sin tener vergüenza
968 2084 1409 2130 e puso á jugar conmigo,
966 2134 1411 2177 abiendo que me veneran
