1737 2508
193 221 622 259 por capitan en la plaza:
199 268 613 307 y otra vez no le suceda
200 319 640 356 ponerse á jugar, y ahora
193 365 657 402 ha de decir de que tierra
200 417 640 451 sois natural, y D. Pedro
196 463 664 502 respondió de esta manera:
189 510 665 550 Señor, su merced perdone
200 560 632 599 lo descortés, y mi tierra
192 610 596 649 es Zaragoza mi pátria,
189 657 669 698 y entonces respondió ella:
199 708 750 747 pues por qué causa has venido,
197 757 617 795 debajo de las banderas
196 806 711 845 de nuestro invícto Monarca?
195 853 611 891 Y dijo: fué tan adversa
191 903 651 942 mi fortuna, que fué causa
193 952 645 991 el verme de esta manera,
201 1001 626 1038 como me sacó el criado
200 1050 580 1086 una noche á la rivera
196 1098 679 1136 del mar, donde se dircurre
200 1146 726 1187 que hicieran los moros presa.
195 1197 587 1233 Finalmente, le contó
195 1244 612 1285 á su dama su tragedia,
200 1295 578 1331 como faltó mi criado,
197 1339 586 1380 y vieron en la rivera,
192 1392 608 1432 andar solo mi caballo,
197 1440 650 1479 hubo quien lo conociera:
198 1490 652 1527 dieron parte á la justicia
191 1533 657 1577 y tres hermanos que ella
199 1586 563 1623 tenia, para matarme
192 1636 625 1673 hicieron las diligencias.
192 1685 630 1722 Me precisó sentar plaza,
191 1730 696 1771 y ahora me hallo en Ceuta,
201 1781 621 1818 todo perdido y perdida
203 1827 788 1868 que es lo que siento, mi prenda;
195 1878 782 1917 no hay que perder la esperanza,
197 1925 793 1965 que el mundo dá muchas vueltas
199 1975 645 2013 si quieres ser mi criado,
199 2023 756 2064 puede ser que aquestas penas,
203 2072 642 2110 lleguen á tener remedio.
204 2122 706 2162 El respondió: así cumpliera,
1474 169 1508 203 7
922 216 1342 255 y fuera tal mi fortuna
924 265 1382 301 señor, de que te sirviera!
923 314 1392 351 en fin se quedó, D. Pedro,
919 361 1360 398 siendo criado de aquella
919 411 1472 451 que en algun tiempo adoraba,
921 459 1321 495 y ahora sin conocerla
923 508 1361 545 un año estuvo D. Pedro
920 557 1456 597 sirviendo á su amada prenda,
919 606 1434 645 y al cabo de aqueste tiempo,
920 656 1310 691 le vino órden espresa,
930 704 1386 744 de que pase á Barcelona,
921 753 1392 795 dándole por conveniencia,
928 802 1334 838 de gobernador la vara,
915 852 1488 888 que así nuestro Rey lo ordena.
923 902 1488 938 Llamó al criado y le ha dicho:
924 950 1460 987 Pedro, sabrás que á la tierra,
920 998 1410 1036 donde me cuentas y dices,
919 1048 1410 1086 que era tu querida prenda,
921 1100 1362 1132 me voy por gobernador,
925 1142 1329 1182 y ya tengo la licencia,
936 1194 1378 1231 para que conmigo vayas.
932 1242 1404 1282 El respondió: así pudiera,
923 1291 1338 1328 yo no voy á Barcelona,
927 1340 1468 1379 porque al punto que me vean
920 1388 1318 1425 solicitarán mi muerte;
931 1438 1380 1475 ella respondió: qué pena
921 1488 1430 1525 te dá, pues no vas conmigo?
923 1536 1346 1573 por eso no te detengas,
927 1584 1369 1621 en fin, en una Balandra
927 1634 1442 1672 se embarcaron, donde llegan
928 1683 1336 1719 al Puerto de Barcelona,
921 1728 1394 1771 y así que saltan en tierra,
923 1780 1267 1815 recibió la posesion
932 1828 1498 1868 con mucha pompa y grandeza,
923 1874 1385 1917 y al siguiente dia fueron,
928 1926 1391 1965 con muy repetidas quejas,
928 1975 1396 2015 los padres de doña Juana,
920 2024 1412 2062 diciendo: si usted quisiera,
921 2072 1351 2110 señor, obrar en justicia,
923 2121 1450 2160 el que viene en su asistencia,
