2480 3506
223 161 285 200 8
159 217 586 253 es el que sacó á mi hija,
159 260 607 301 y es preciso que perezca.
160 312 602 350 Haremos la informacion,
160 358 720 396 le respondió al punto, es hecha,
166 408 684 445 llamó al criado y le ha dicho:
161 456 619 494 Pedro, por ser la primera
162 505 654 543 justicia que me han pedido,
165 556 606 591 no puedo negarme á ella;
164 603 562 639 sino parece esta dama
161 653 594 689 será preciso que mueras.
166 703 600 737 Lo metió en un calabozo,
160 747 684 820 y al instante lo sentencian
163 800 590 835 sin que tenga apelacion,
164 837 681 883 que arcabuseado muera.
164 897 561 931 Doña Juana se previno
166 945 640 983 e un gran vestido de seda,
161 978 652 1030 y vestida de mujer, :
168 1043 656 1082 e cubrió todas sus prendas,
162 1092 582 1135 salen todos á la plaza
162 1134 674 1175 y mandó que lo pusieran! :
162 1191 606 1228 amarrado á una cólumna;
160 1239 565 1276 y ejecuten la sentencia,
162 1284 556 1326 y estando para tirarle,
158 1338 606 1374 dijo Doña Juana; téngán,
170 1382 692 1421 qjue está dentro en Barcelona!:
162 1419 681 1469 la dama por cosa cierta,; 1:..
164 1483 617 1519 ha dicho un sugeto ahora:
164 1532 614 1569 Dijenon los padres de élla:
879 211 1430 249 no puede ser, que en seis años
880 262 1336 299 no habido noticia de ella,
883 311 1312 347 dentro de la plaza está,
886 359 1326 395 esto dijo, y con presteza;
880 409 1339 446 tiró la capa y sombrero,
877 455 1366 493 dijo: miren bien si es esta.
882 504 1256 540 Fué tanta la griteria
877 552 1366 589 y alboroto, que no acierta
880 602 1384 640 hoy mi pluma á ponderarlo,
875 651 1441 689 porque aquí los padres de ella,
878 701 1359 737 todo eran gritos y abrazos,
879 748 1350 784 viendo su querida prenda.
866 797 1296 834 Llegó la noticia al Rey,
870 847 1267 884 y su Magestad ordena,
878 896 1360 934 que se haga el casamiento,
877 942 1337 982 con muy repetidas fiestás,
873 991 1283 1030 y se le entregó la vara
874 1038 1287 1079 á D. Pedro, y con ella
865 1089 1382 1127 los dos viven muy gustosos,
873 1136 1437 1174 sirviendo á Dios muy de veras.
878 1186 1288 1223 Doña María de Bargas,
873 1236 1330 1274 que fué la dama primera,
878 1286 1342 1321 se casó ayá con un turco,
871 1333 1312 1368 y vive en su mala sécta.
875 1382 1366 1419 Y aquí el autor les suplica,
871 1429 1356 1469 le perdonen con prudencia
874 1480 1348 1517 de esta historia peregrina,
875 1528 1425 1567 las faltas que hubiere en ella.
692 1757 965 1910 FIN.
570 2055 1022 2108 CARMONA.—1866.
177 2114 1519 2158 Imprenta y librería de D. Jose María Moreno, Madre de Dios, número 1.
