1765 2512
344 236 386 277 4
240 301 709 341 llamó al criado, y le dijo:
244 349 767 390 para un muy preciso empeño
243 399 767 438 me has de asistir esta noche,
246 445 735 487 para que los dos saquemos
248 495 661 535 á doña Juana Violante,
251 543 760 584 vendrás con grande silencio,
248 593 772 633 y en ejecutando el lance
252 643 757 681 serás hombre, y te prometo
255 692 699 732 que te será bién pagado.
254 739 786 779 Y ella al punto respondiendo,
247 786 745 828 me tendrás á tu obediencia,
253 835 738 876 y á ponerme á todo riesgo.
252 884 729 925 Dijo D. Pedro: un caballo
255 933 766 974 has de llevar, y en subiendo
253 984 733 1023 la dama, montarás pronto,
254 1030 671 1072 y en el sotillo pequeño
255 1081 703 1120 de la marina te aguardo,
254 1129 637 1169 y registraré primero,
253 1178 689 1218 si está ocupada la calle.
254 1226 771 1267 Dieron las doce, y de presto
255 1275 714 1316 doña María y doña Juana,
251 1326 615 1365 apercibidas salieron,
256 1373 721 1415 montan las dos á caballo,
258 1422 646 1462 doña María diciendo:
264 1471 665 1512 como su amo quedaba
259 1521 728 1560 esperándola en el puesto,
266 1568 663 1609 con el caballo cargado
265 1620 662 1658 de las galas y dinero;
972 291 1416 327 en fin, picóle al caballo,
976 339 1382 376 retirándole del puesto,
977 386 1476 424 dónde D. Pedro aguardaba.
975 433 1454 473 La sacó al mar con intento
980 481 1394 524 de quitarle allí la vida,
969 531 1434 569 y dentro de poco tiempo,
980 580 1454 615 se vieron las dos cercadas
983 627 1469 666 enmedio de unos sobervios
979 678 1483 716 turcos, que con dos fragatas,
978 727 1448 764 surcaban el mar sobervio.
984 778 1454 812 Con gran grito y algazara
987 824 1493 859 llegan á Argél, donde fueron
976 871 1405 907 en una pública plaza,
981 918 1481 954 y á pregones las vendieron:
987 966 1539 1005 las compró un turco muy rico,
979 1015 1463 1054 en mil y quinientos pesos.
983 1065 1393 1104 Doña María de Bargas,
991 1113 1464 1153 que iba como ya sabemos,
987 1161 1490 1199 vestida en traje de hombre,
983 1209 1423 1249 la pusieron á que luego
991 1259 1420 1298 cultivase unos jardines,
983 1309 1435 1346 y al cabo de poco tiempc
983 1358 1422 1397 renegó de la Ley Santa,
986 1407 1376 1445 adonde la dejaremos,
991 1453 1547 1494 que el que deja á Dios es justo
981 1502 1439 1541 de que todos le dejemos:
983 1551 1418 1589 y en otra segunda parte
986 1601 1389 1639 daré fin á este suceso.
587 1863 1351 2027 Fin de la primera parte.
