1765 2512
318 215 815 259 A los que escuches decir
272 265 869 308 que esta mi cancion les carga,
272 314 779 357 son de la cáscara amarga
275 356 847 413 ¡que la traguen!... y á vivir.
327 406 889 456 Que poco le importa ab Pillo
987 198 1483 240 de tirana y necia gente;
992 241 1539 289 siempre dice lo que siente:
991 296 1511 338 la verdad es su estrivillo,
995 345 1503 392 y con esto me las guillo.
288 482 1683 664 LA SAL DE LA CANELA.
332 852 741 893 Con eze cabeyo rojo
285 900 865 946 que al mármol roba la calma
287 951 814 992 y ez el iman de mi antojo,
283 998 821 1041 haz puesto, niña del alma,
287 1047 750 1089 mi corazon en remojo.
332 1091 941 1137 Zi argun mandria lo murmura
297 1144 875 1192 que ze lo cuente á zu abuela,
461 1195 634 1231 criatura!
284 1241 751 1282 ay! benaya eza cintura
291 1289 819 1332 que ez la zal de la canela.
339 1336 793 1378 Tu zabes y yo bien zé
297 1384 814 1429 que en el punto que te vi
292 1434 781 1477 mi corazon te entregué.
288 1481 784 1525 Zi yo te digo alto aqui!
285 1528 877 1574 no digas, que no hay de qué.
342 1576 936 1622 Porque ez tanta tu hermozura
300 1632 764 1674 que perderé la cautela,
465 1667 848 1715 criatura!
292 1711 871 1769 en guipando eza cintura
293 1773 815 1817 que ez la zal de la canela.
341 1820 857 1864 Ay, zi un galan turuleque
300 1869 841 1915 la paz á mi pecho inquieta
299 1921 789 1960 dile niña que no peque,
301 1968 779 2009 ó en la punta de la teja
299 2016 853 2059 le he de pintar un jabeque.
351 2067 804 2103 Naide goce tu ternura
297 2115 755 2158 ó le arrimaré candela,
471 2164 648 2202 criatura!
301 2209 887 2257 pues me encanta eza cintura
308 2260 823 2303 que ez la zal de la canela.
1043 827 1693 875 No envidio al hombre que brilla
999 885 1407 926 con fajaz y solideoz,
1001 929 1637 975 que ezo no entra en mi cartiya,
1007 979 1449 1023 ni me petan los jaleoz
1012 1028 1433 1073 de la gente de goliya.
1055 1074 1529 1119 Mas enzalza mi ventura
1017 1126 1469 1169 que roar en carretela,
1089 1177 1353 1220 criatura!
1015 1222 1437 1266 eza gachona cintura
1019 1269 1519 1315 que ez la zal de la canela.
1060 1318 1481 1363 Ay! es tal mi frenesí,
1022 1353 1693 1413 que zi tu no erez ingrata
1010 1405 1695 1459 no me importa que por tí
1018 1457 1700 1505 me dé la ley por corbata
1018 1508 1481 1557 los calzones del buchí.
1067 1552 1697 1602 Yo quiero la zepultura
1008 1602 1701 1654 zi allí con amor me vela
1188 1658 1364 1697 criatura!
1018 1707 1398 1751 eza divina cintura
1020 1745 1697 1800 que ez la zal de la canela
1067 1801 1503 1844 He de zacar mi churí
1019 1849 1563 1895 zi Dios lo contrario manda,
1033 1897 1465 1944 para romper la chichí
1015 1946 1505 1994 al desventurado randa.
1075 1991 1630 2043 Quien pienze darme pavura
1027 2043 1603 2091 yo le haré ver que no cuela,
1021 2093 1493 2147 que camela á mi rumí,
1183 2143 1370 2182 criatura!
1020 2187 1489 2235 dizputando eza cintura
1026 2236 1559 2285 que ez la zal de la canela.
