1668 2424
1092 153 1340 304 Número 303.
140 1050 1412 1162 COLECCION DE CANCIONES,
282 1197 1264 1301 EL PILLUELO DE MADRID.
128 1348 640 1385 Hüerfano soy en la tierra,
100 1399 625 1438 y por esomno suspiro,
88 1447 760 1488 que independiente respiro,
98 1493 751 1536 y el mundo á mi no me aterra.
126 1541 656 1579 Libre soy, y mis hermaños
81 1591 683 1628 han de ser todos los hombres:
83 1640 758 1681 nada me importan los nombres
84 1688 586 1725 de marqueses ni villanos.
128 1737 650 1775 Yó nací del pueblo bajo;
81 1786 511 1825 y de la gente vasalla,
93 1834 712 1877 y aunque soy de la canalla
87 1883 761 1927 vivo á costa del trabajo.
126 1933 749 1979 Soy de la gente perdida,
90 1980 566 2018 como dicen los señores,
84 2028 709 2071 á los que á fuer de sudores:
82 2078 681 2116 se ganá la honrada vida.
128 2126 748 2161 Cuando el Pilluelo va al Prado,
88 2174 536 2212 al ver tanto monigote,
87 2223 510 2259 se le eriza su bigote,
81 2274 591 2312 y le dá angustia y enfado.
838 1346 1364 1384 Yo entre las turbas paseo
809 1396 1479 1440 del barrio de la Paloma,
809 1445 1477 1494 tras un belen otra broma
808 1495 1364 1532 tras un baile otro jaleo.
845 1543 1365 1575 Yo me voy á la pradera
809 1590 1443 1640 entre perfumadas flores.
807 1638 1473 1692 á gozar de los amores.
810 1685 1316 1722 de una muger hechicera,
850 1735 1476 1772 Que es de Madrid la Esmeralda
810 1783 1472 1838 con su airosa mantelina,
809 1832 1431 1884 con su cintura divina
804 1883 1323 1922 zapatito y corta falda.
844 1930 1474 1972 Mas que el palacio de Oriente
804 1977 1479 2027 me gusta á mi una merienda
806 2026 1471 2076 en el canal con mi prenda
804 2075 1433 2123 de Madrid sol refulgente...
843 2123 1473 2172 Alli se baila y se goza
805 2171 1299 2211 y olvidan sustos aciagos,
805 2219 1480 2269 y calientes con los tragos
808 2271 1218 2306 se juguetea y retoza.
