1765 2512
112 236 499 273 á señora mas querida,
117 279 617 322 que en toda esta tierra haya.
111 329 553 368 Doña Francisca responde,
111 376 543 418 resuelta, y determinada:
111 423 573 464 renegar de Dios no quiero,
116 470 583 513 que Mahoma es un canalla.
111 517 573 560 que metido en los infiernos
115 566 529 608 tiene millones de almas,
112 615 523 662 y yo creo en Jesucristo.
113 662 505 703 en su Madre soberana,
111 707 521 753 y en el Divino Misterio
113 756 531 798 de la Trinidad Sagrada,
118 803 646 844 un Dios solo, y tres personas,
115 849 578 893 que asi la Iglesia lo canta.
119 898 583 939 no mas de una vida tengo,
115 947 533 988 y la doy de buena gana,
114 994 511 1031 solo por no quebrantar
119 1039 601 1081 lo que la Iglesia me manda.
127 1085 525 1127 Y el renegado soberbio
121 1134 539 1178 á sus criados les manda,
127 1182 637 1222 que á una mazmorra la lleven
127 1229 567 1271 y que allí la aprisionáran.
131 1280 513 1316 Obedecen el mandato,
121 1325 587 1366 y á doña Francisca agarran
131 1374 529 1412 dándoles crueles golpes,
120 1420 605 1459 en la mazmorra la entraban
127 1467 569 1507 con el niño mas pequeño,
127 1516 605 1554 que á diez meses no llegaba
123 1563 511 1601 le echaron á la cintura
129 1614 456 1649 una cadena pesada,
125 1661 535 1700 y á cada pie su grillete,
123 1709 592 1746 y una argolla á la garganta,
127 1755 501 1791 dábanle por alimento
121 1803 579 1839 seis onzas de pan tasadas,
127 1853 479 1890 y cuando le parecia,
127 1900 483 1933 el infame perro baja
135 1945 529 1986 y con un grueso cordél
138 1996 516 2029 cruelmente le azotaba,
133 2041 525 2078 y despues á el angelito
133 2090 541 2125 sus ropas le desnudaba,
131 2138 515 2177 y con unas disciplinas
129 2187 540 2220 soberbio le descargaba,
135 2233 565 2268 hasta qne la sangre brota
133 2281 555 2317 por sus venas delicadas.
129 2330 581 2366 Aquí fueron los lamentos
835 222 1344 260 del niño, y su madre amada,
841 270 1279 308 del gran dolor que recibe,
831 317 1281 357 cayó en tierra desmayada,
834 365 1308 403 y despues que volvió en sí,
837 412 1269 450 en tierno llanto anegada,
840 460 1259 497 se abrazaba con su hijo,
838 506 1283 547 y al pecho se lo arrimaba.
838 553 1279 593 De allí se fué el renegado
840 603 1228 640 lleno de furor, y saña,
839 648 1269 687 solo de ver que no puede
844 696 1221 735 lograr lo que deseaba.
835 742 1303 781 Mas no desiste; á otro dia
839 791 1314 830 vuelta á la mazmorra daba,
847 838 1231 878 le predica de Mahoma
839 886 1297 924 mil embustes, y trapazas,
849 933 1247 971 diciéndole: si reniegas,
840 981 1274 1020 yo te daré muchas galas,
838 1028 1199 1069 y costosísimas joyas,
850 1075 1269 1115 para que estés adornada.
850 1123 1298 1161 Doña Francisca prudente,
847 1168 1283 1208 de aquesta suerte notaba:
849 1217 1251 1258 esas joyas, gran señor,
843 1264 1341 1304 usted bien puede guardarlas,
851 1311 1363 1351 que ese es un poco de tierra,
848 1356 1277 1401 y á quien el alma me dió
853 1406 1281 1448 por lo que no vale nada,
855 1454 1227 1495 no le costó tan barata.
851 1499 1365 1542 Mas viendo los menosprecios,
855 1549 1253 1589 que le hace la cristiana,
847 1598 1229 1638 soberbio se desespera,
857 1645 1157 1685 de coraje pateaba.
853 1691 1257 1734 De la mazmorra se sale,
847 1741 1277 1786 y á los dos niños agarra;
857 1786 1245 1829 asidos por los cabellos
858 1834 1253 1877 los arrastró por la casa,
849 1883 1301 1928 y á la mazmorra los lleva,
851 1930 1301 1972 á donde su madre estaba,
862 1979 1293 2021 los despoja de sus ropas,
859 2026 1276 2067 y de prisiones los carga.
859 2070 1343 2114 Tomó una vara, y con furia
867 2124 1189 2162 los niños apaleaba,
854 2167 1293 2214 y juntamente á la madre
865 2216 1258 2258 le decia estas palabras:
866 2265 1301 2305 Dime, cristiana enemiga,
859 2315 1291 2356 si la ley de Dios dejáras,
