1737 2508
1403 218 1648 257 Número 51.
364 1207 1648 1264 DONA FRANCISCA LA CAUTIVA.
334 1294 1692 1352 ROMANGE EN QUE SE REFIERE COMO ESTA SENORA NAVEGANDO
525 1346 1506 1394 á Roma con tres hijos pequeños , la cautivaron Turcos.
816 1436 1216 1481 PRIMERA PARTE.
339 1574 895 1613 Oh gran Reina de los Cielos,
351 1626 786 1663 madre de Dios soberana,
352 1674 731 1711 cefugio de pecadores,
351 1718 823 1758 amparo de nuestras almas!
353 1767 808 1804 Dadme tu gracia, Señora,
354 1815 763 1853 para escribir esta plana
355 1862 785 1900 la historia mas lastimosa
356 1910 879 1947 que se ha escrito, ni se canta;
351 1958 794 1996 atencion, noble auditorio,
358 2006 776 2043 que ya voy á declararla.
358 2053 770 2089 De Nápoles para Roma
354 2099 802 2139 salió una nave marchanta
359 2147 748 2186 con una noble señora
368 2195 700 2232 de sangre calificada,
359 2242 767 2279 lleva tres hijos consigo,
361 2290 836 2327 Angeles en forma humana,
361 2339 796 2377 el uno es de cinco años,
1063 1560 1538 1605 y el otro á tres no llegaba,
1065 1609 1537 1650 el otro es de cuatro meses,
1070 1656 1543 1699 que á sus pechos lo criaba,
1066 1705 1493 1746 y en medio de la marina
1075 1753 1495 1793 los turcos la cautiváran;
1069 1800 1517 1840 desembárcanlos en tierra,
1066 1847 1525 1888 y los tres niños compraba,
1079 1894 1549 1936 con la madre un renegado,
1078 1944 1485 1985 para el servicio de casa;
1082 1986 1576 2031 y al fin, le servió seis meses
1079 2034 1559 2078 con paciencia muy sobrada:
1078 2082 1550 2125 pero al cabo de esté tiempo
1085 2132 1501 2174 un dia el perro la llama,
1088 2179 1519 2221 diciendo : doña Francisca,
1081 2227 1595 2270 sabrás qué tu amor me mata.
1084 2276 1541 2317 Reniega de Dios, reniega,
1082 2328 1479 2366 y serás muy estimada,
