1765 2512
200 289 674 327 los tres hermosos infantes,
199 339 627 377 y dejando á la cristiana
207 386 584 421 fortalecida de suerte,
208 433 679 471 que ya no le teme á nada,
208 481 552 518 solo desea el morir
205 528 658 565 por defender la ley santa
201 576 633 612 Prevenido ya el martirio
201 624 570 660 el vil renegado baja,
207 670 593 709 y asi que la vido sola
203 718 697 756 con descompuestas palabras
207 765 742 804 dice: á dónde están tus hijos?
206 813 701 851 Dónde se han ido, malvada;
203 859 672 900 infame, no me respondes?
207 908 602 947 pero la noble cristiana
211 956 617 996 le dió relacion de todo,
212 1003 613 1041 diciéndole lo que pasa:
208 1050 715 1090 señor, la Virgen del Cármen
199 1099 694 1137 se los llevó en su compaña,
203 1146 661 1186 y al niño que usted mató,
212 1195 609 1232 de nuevo vida le daba.
210 1241 601 1279 A el oir estas razones
207 1289 613 1328 se enciende en cólera y saña,
206 1337 624 1377 y alzando cruel la mano
208 1385 578 1423 le pegó tal bofetada,
209 1433 660 1472 que la derribó en el suelo
201 1481 665 1517 sin sentido, y desmayada;
201 1527 618 1565 luego que volvió por si
210 1576 530 1613 afligida se levanta,
208 1625 618 1660 diciéndole: gran señor,
201 1671 713 1708 dime, por qué me maltratas?
207 1717 694 1755 No preguntas por mis hijos
205 1767 669 1806 y te he dicho lo que pasa?
211 1815 585 1849 segunda vez le repite.
212 1860 648 1897 diciendo : calla, malvada,
212 1907 708 1945 que pues no has hecho caso
207 1956 613 1992 de mí, serás castigada;
214 2003 630 2041 de la mazmorra se sale,
211 2051 605 2091 y recias voces gritaba:
203 2099 581 2138 acudid, criados mios,
211 2148 719 2186 pues ya teneis puerta franca,
207 2194 608 2231 esto no tiene remedio:
204 2242 630 2280 quitadla ya de mi casa,
208 2291 720 2327 porque es cosa que me irrita
211 2339 622 2377 mujer tan desesperada,
211 2388 725 2426 pues no le teme á la muerte;
936 288 1342 326 ea, al castigo llevadla.
935 336 1294 372 Al oir estas razones
936 383 1348 423 á la mazmorra bajaban,
938 431 1364 470 como unos leones fieros
932 479 1338 518 su ropa le desnudaban,
930 527 1351 564 y dándole recios golpes
934 576 1364 612 á la vergüenza la sacan,
934 622 1364 660 pero ella mas encendida
932 669 1318 706 la santa ley predicaba
932 715 1348 754 de mi Señor Jesucristo,
929 762 1439 801 Redentor de nuestras almas.
936 811 1348 847 Llegaron al sitio donde
932 858 1374 896 el incendio le aguardaba,
931 905 1323 944 y crueles la arrojaron
940 954 1365 988 entre las voraces llamas,
938 1002 1288 1038 Apenas hubo caido,
938 1048 1371 1084 el fuego altivo se apaga:
937 1094 1398 1132 perdió sus flamantes luces
937 1143 1446 1178 sin que al pelo le agraviaran.
935 1191 1440 1228 Mas viendo que queda viva,
938 1238 1316 1274 aquel alevoso manda,
935 1286 1378 1321 que de la trenza del pelo
938 1332 1360 1369 de una reja la colgarán;
936 1381 1336 1415 al instante lo ejecutan
937 1428 1355 1463 llenos de furor, y saña.
932 1475 1364 1511 De una reja la colgaron,
934 1523 1360 1559 y en ella se la dejaban,
939 1571 1375 1606 á donde estuvo tres dias
942 1619 1388 1653 publicando en voces altas
942 1666 1452 1703 de Dios sus sacros misterios,
929 1714 1353 1747 y de la Iglesia Romana.
940 1761 1396 1796 Mas viendo que no moria,
931 1807 1347 1846 anda ideando mil trazas
937 1855 1352 1892 por donde poder quitar
931 1903 1401 1940 la vida á aquesta cristiana.
938 1949 1418 1986 Mandó trajesen dos potros,
939 1997 1409 2037 y á sus colas la amarrarán,
939 2044 1381 2083 y por las calles la saquen
936 2093 1423 2131 hasta que pedazos la hagan,
931 2139 1371 2184 y por si acaso no muere,
943 2186 1377 2223 que la maten á pedradas.
941 2235 1333 2270 Obedecen el mandato,
939 2282 1413 2322 aunque de muy mala gana,
947 2328 1465 2369 que ya algunos de los turcos
946 2379 1329 2417 solo de oirla lloraban:
