1737 2508
310 224 820 265 y en fin, trajeron los potros,
309 275 756 312 y por las calles la sacan.
312 323 688 360 Los animales feroces
307 371 750 405 humildes se arrodillaban,
307 417 778 453 y entre tan grande tumulto
303 465 705 501 todos á tirarle amagan,
307 512 760 549 mas cuando á tirarle iban,
310 560 714 596 inmóviles se quedaban,
314 607 704 643 y entre tanta confusion
310 656 700 691 volvieron á la cristiana
311 703 650 739 á casa del renegado
309 751 707 787 diciéndole lo que pasa.
301 799 707 835 El renegado se admira,
309 846 756 882 un golpe ei corazon daba,
309 892 741 931 y conociendo sus yerros,
304 942 658 977 arrepentido lloraba,
299 988 740 1024 ficiendo: divina Aurora,
297 1036 789 1074 del Cármen Vírgen sagrada
300 1082 762 1120 si de aquí salgo con bien,
307 1129 740 1166 yo te empeño mi palabra
308 1177 724 1213 de hscer vida penitente
311 1226 733 1261 en una áspera montaña.
303 1272 722 1308 Y ina noche de secreto
308 1319 756 1355 en una nave se embarcan
303 1369 787 1403 los dos con cuarenta turcos
299 1415 776 1450 que á voces piden el agua
310 1463 819 1500 del bautismo, porque quieren
1038 218 1506 257 morir en la ley de gracia;
1034 265 1509 302 y ochenta y siete cristianos
1036 312 1461 351 trajeron de retaguardia.
1036 361 1508 398 Les fué el viento tan feliz,
1032 407 1569 447 que en breve tiempo llegaban
1027 457 1520 493 á la gran ciudad de Roma,
1036 506 1508 540 á que les absuelva el papa.
1032 552 1504 588 Los turcos se cristianaron
1036 600 1571 635 rindiéndole á Dios las gracias
1032 648 1476 683 Don Juan Alonso se fué
1034 697 1435 731 á cumplirle la palabra,
1035 742 1611 779 que dió á la Vírgen del Cármen
1031 792 1508 826 nuestra madre, y abogada,
1029 839 1504 874 y despues Doña Francisca
1033 885 1537 921 se fué á casa de su hermana,
1035 932 1529 969 y en ella halló los tres hijos
1034 980 1510 1016 prendas queridas del alma.
1036 1028 1504 1067 Ya dieron fin los pesares,
1038 1077 1502 1116 ya las tristezas se acaban,
1035 1123 1418 1159 ya todos se regocijan
1029 1170 1453 1207 por maravillas tan altas.
1027 1217 1480 1254 A la Vírgen del Carmelo
1025 1265 1472 1302 démosle infinitas gracias.
1035 1312 1522 1349 Y ahora Pedro de Fuentes,
1029 1360 1552 1401 que es el autor de esta plana
1032 1409 1377 1446 al auditorio suplica
1025 1457 1534 1498 perdonen sus muchas faltas.
896 1790 1125 1834 FIN.
807 2241 1189 2281 CARMONA:—1859.
432 2292 1544 2338 Imprenta de D. José M.a Moreno, Juan de la Cabra, 4.
