1737 2508
353 278 829 322 nuy mucho mejor te fuera,
359 326 712 372 y la vida reserváras,
363 368 865 416 tambien las de tus tres hijos,
367 418 884 461 que en gran peligro se hallan.
364 465 835 509 Pero viendo los tormentos,
368 513 788 557 que el bárbaro ejecutaba
362 562 819 604 en sus tres queridos hijos,
365 610 744 651 á renegar la obligaba.
369 658 811 698 Renegó de cumplimiento,
363 705 786 745 solo porque se aquietára
369 752 763 792 la furia de aquel cruél,
370 801 771 840 que con rigor castigaba
367 847 783 888 aquellas tres inocencias,
373 894 776 934 sin haberle dado causa.
372 942 772 981 Doña Francisca le dijo:
376 990 752 1030 desata, señor, desata
371 1038 760 1078 á mis hijós de prision,
366 1082 953 1124 que ya me humillo á tus plantas,
370 1132 776 1172 Reniego de Jesucristo,
378 1178 855 1221 tambien de la Vírgen santa,
372 1225 748 1269 y del Divino Misterio
382 1272 791 1315 de la Trinidad Sagrada.
373 1319 824 1362 Pero nuestro Dios piadoso
380 1367 835 1409 no quiso que aquesta alma
380 1414 831 1455 se perdiese, y dió licencia
377 1461 877 1502 al niño, que al pecho estaba,
381 1508 824 1550 para que á su madre avise
380 1557 841 1597 del peligro en que se halla,
378 1603 752 1644 y entonces el angelito
382 1649 875 1693 pronunció aquestas palabras:
379 1699 877 1740 madre, qué es eso que dices?
379 1746 855 1786 Mira bien lo que te hablas,
384 1790 948 1835 que aunque sea de cumplimiento
385 1843 817 1881 mucho le daña á tu alma,
383 1892 815 1928 que para morir por Dios,
383 1939 849 1975 no se han de tapar la cara.
391 1985 849 2023 Vivan los santos Misterios
383 2035 852 2069 de nuestra Iglesia Romana,
388 2081 792 2117 que mis hermanos y yo
379 2130 801 2167 morimos de buena gana,
1075 257 1531 300 solo porque nos defiendas
1079 304 1547 349 con la vida y con el alma.
1089 355 1515 396 Absorta quedó la madre,
1086 404 1466 442 y de rodillas postrada,
1088 450 1451 491 pidiendo misericordia
1094 498 1469 539 al Cielo los ojos alza.
1091 544 1507 586 El renegado que ha oido
1087 593 1527 634 al niño aquestas palabras,
1093 640 1515 680 en vez de compadecerse,
1096 688 1537 728 mas el perro se encizaña,
1091 737 1483 779 y cogiendo al inocente
1095 783 1567 824 contra un cimiento le daba,
1099 833 1496 872 hasta que de su cabeza
1091 879 1503 920 los sesos se le saltaban.
1095 927 1503 966 Murió el inocente niño,
1092 974 1540 1012 y volviendo á la cristiana,
1099 1022 1501 1062 con una gruesa cadena,
1099 1071 1539 1110 tan recios golpes le daba,
1102 1117 1539 1155 que yá por los ojos brota
1107 1163 1573 1204 la púrpura en vez de agua,
1099 1211 1491 1251 y con soberbia le dice:
1102 1259 1584 1299 dime, qué tienes, cristiana?
1108 1307 1537 1345 Ves aquí tu hijo muerto,
1102 1354 1473 1393 es eso lo que te falta?
1112 1402 1538 1441 Yo os lo freiré en aceite,
1104 1449 1538 1488 y os lo comereis mañana.
1111 1499 1516 1536 De la mazmorra se sale,
1107 1545 1532 1584 á sus mayordomos llama,
1106 1593 1566 1631 diciéndoles: qué os parece,
1112 1640 1603 1679 que se haga con la cristiana?
1112 1688 1627 1727 Mi intento es darle la muerte,
1103 1736 1566 1773 antes hoy que no mañana.
1107 1782 1480 1821 Todos á una díjeron:
1110 1830 1534 1869 es justo de que se haga.
1110 1877 1564 1916 Dijo el renegado eñtonces
1108 1926 1523 1965 pues idead nneva traza,
1111 1973 1533 2014 qué castigo se ha de dar
1116 2020 1544 2061 á esta homicida cristiana?
1111 2069 1530 2112 y en otra segunda parte
1114 2118 1546 2159 se dirá lo que aquí falta.
591 2317 1530 2359 FIN DE LA PRIMERA PARTE.
