1737 2508
289 259 769 310 Y á vos, aurora impecable,
284 307 767 358 María, llena de gracia;
292 355 753 405 estos hijos te encomiendo,
300 402 770 451 que ya sin madre se hallan.
303 448 769 498 Los infantes se enternecen,
298 498 729 545 y amargamente lloraban,
306 546 710 592 y á su madre le decian:
306 593 709 639 Madre mia de mi alma,
298 640 696 687 no desconfies, señora,
307 687 768 734 que la Vírgen hos ampara.
317 736 706 779 Y postrada de rodillas,
318 782 740 827 puesta en oracion estaba
314 828 774 876 hechos dos mares sus ojos
319 876 761 924 las fuertes prisiones báña,
324 925 697 969 y acabada la oracion
319 970 754 1017 de aquesta suerte notaba:
331 1019 773 1064 Vos, oh celestial princesa,
326 1066 801 1111 que sois la luz de la gracia,
327 1112 819 1159 fuente hermosa de piedades,
329 1161 773 1206 que misericordias manas,
337 1208 719 1253 intercede con tu Hijo,
338 1257 748 1301 se adolezca de mi alma,
335 1304 789 1348 y que perdone mis culpas,
338 1350 813 1398 ya conozco que son tantas,
340 1400 724 1443 que las arenas del mar
342 1448 763 1491 será poco al numerarlas,
348 1495 703 1539 pero tu misericordia
351 1543 738 1585 jamás á nadie le falta.
349 1590 759 1632 Y dichas estas razones,
357 1637 755 1680 la mazmorra se llenaba
350 1685 803 1727 de un resplandor celestial,
353 1732 777 1774 á los niños se arrimaba,
353 1779 830 1822 quebrantando las prisiones,
354 1826 853 1869 sueltos los dos se quedaban,
366 1873 868 1918 y hácia su madre se arriman;
363 1921 767 1964 con halagüeñas palabras
366 1969 729 2011 le decia : madre mia,
372 2014 816 2059 conoces á quien te habla?
374 2062 844 2104 quedó la cristiana entonces
376 2111 733 2151 del caso maravillada,
368 2159 769 2201 y postrada de rodillas,
371 2205 850 2248 así ha dicho en voces altas:
378 2252 856 2293 Dime , quién eres, Señora,
383 2300 826 2342 que tanta alegría causas?
383 2348 911 2392 Yo soy la Vírgen del Cámmen,
1023 237 1375 282 devota mia, levanta,
1022 281 1422 332 que vengo por tus tres hijos,
1026 332 1380 377 para cuando á Roma vayas;
1030 381 1350 425 ves aquí el infante bueno,
1023 425 1445 472 todas sus heridas sanas.
1031 472 1481 518 En los brazos se lo pone,
1031 523 1435 568 el pecho luego destapa,
1030 569 1419 614 y dándole el alimento,
1037 615 1403 661 de puro gozo lloraba.
1036 666 1411 708 Mirábale á su cabeza,
1032 712 1491 752 y viendo que estaba sana,
1041 758 1526 804 como vió tan gran prodigio,
1044 807 1443 851 llena de alegría estraña
1044 854 1461 899 á la Reina de los cielos
1046 898 1510 947 de aquesta suerte le habla:
1052 946 1505 993 de dónde á mi tanto bien,
1048 989 1582 1042 siendo yo tu indigna esclava?
1057 1044 1477 1090 Cuándo merecí, Señora,
1058 1088 1546 1136 que esta visita se me haga?
1067 1137 1497 1184 Y le respondió la Vírgen
1056 1186 1494 1233 aquestas dulces palabras:
1064 1233 1462 1279 hija, tu gran devocion
1064 1280 1558 1327 me hizo á mi de que bajára
1068 1326 1575 1373 desde el Cielo hasta la tierra,
1067 1375 1566 1422 que amor con amor se paga.
1063 1421 1647 1470 Has de saber, que este hombre,
1072 1471 1518 1517 que tanto á ti te maltrata
1070 1519 1439 1563 era muy devoto mio,
1072 1564 1515 1609 y no quiero, que su alma
1079 1609 1528 1656 se pierda, y de su rescate
1078 1659 1543 1705 tú sola has de ser la causa,
1079 1708 1507 1752 Con esto se despidieron,
1079 1755 1489 1800 con amorosas palabras;
1088 1801 1509 1847 muy alegres los infantes
1083 1851 1569 1896 con su madre se abrazaban;
1091 1897 1565 1942 quédate en paz, y no tema
1095 1944 1557 1990 el castigo que te aguarda,
1096 1993 1606 2037 que has de salir con victoria,
1099 2041 1576 2085 libre, sin dolencia, y sana,
1100 2090 1406 2133 y asi predica la fé
1101 2135 1571 2180 de nuestra Iglesia Romana.
1091 2182 1531 2230 Remontóse y tomó vuelo
1099 2230 1495 2276 aquella preciosa garza,
1097 2279 1541 2324 la mas cándida Azucena,
1104 2327 1549 2374 llevándose en su compaña
