1765 2512
180 1469 1465 1562 DOÑA FRANCISCA LA CAUTIVA.
156 1556 1517 1646 ROMANCE EN OUE SE DA CUENTA DE UN PRODIGIOSO MILAGRO
162 1600 1522 1696 que hizo la Virgen Santísima del Cármen con esta Señora y sus hijos, librán-
578 1664 1109 1713 dolos del poder de los Turcos.
648 1752 1045 1802 SEGUNDA PARTE.
208 2421 727 2473 eque n medio de la real Plaza
197 2375 715 2425 Mandó el renegado al punto,
203 2327 639 2376 de que muriese quemada.
195 2281 595 2332 pero todos convinieron
195 2235 613 2284 en consulta esta canalla;
195 2189 579 2236 Ya dije, como quedó
190 2137 621 2189 dé finiquito á esta plana.
197 2090 641 2140 por que mi turbada pluma
186 2042 698 2095 que me ayudes con tu gracia,
182 1999 587 2047 hoy, Señora, necesito,
174 1951 601 1999 hija de Joaquin, y Ana,
169 1902 613 1948 Sagrada Vírgen María,
897 1869 1335 1922 encendiesen una hoguera
897 1917 1341 1968 con presteza y vigilancia.
903 1962 1347 2016 Lo cual breve ejecutaron
905 2010 1351 2062 lo que su amo les manda.
905 2058 1321 2110 Dejemos en su alboroto
908 2107 1327 2157 á estos bárbaros piratas,
907 2159 1287 2208 y vamos á la cautiva,
915 2201 1375 2252 que entre prisiones estaba,
914 2246 1371 2301 mirando á sus hijos, dice:
918 2297 1395 2347 Ay, hijos de mis entrañas,
922 2344 1329 2395 si no os hubiera parido
922 2392 1331 2443 mi pena no fuera tanta.
