1737 2508
108 257 551 296 el secretario mayor;
109 308 613 344 y por no hacer dilatada
106 355 603 393 la historia, digo, quedó
111 403 638 444 don Cárlos en dicha casa,
112 452 727 494 á que comutando su nombre,
115 499 681 541 por tal Cárlos se nombraba.
116 548 610 585 Tenia el principe invicto
115 597 591 634 una hija, que era Palas
113 645 698 687 por la hermosura y donaire,
116 693 583 733 en su córte celebrada,
125 742 602 781 rima de la tal señora,
116 790 674 829 con quien Cárlos habitaba;
112 836 615 877 y viendo como se porta
116 887 662 926 en lo que su amo manda,
119 935 651 974 que era esperto en todas cosas
116 981 647 1023 le prodigaban mil gracias.
117 1032 526 1070 Iba Cárlos, page ya,
118 1080 609 1119 acompañando á su ama
117 1130 616 1168 en todas cuantas visitas
126 1177 608 1214 van y vienen á su casa.
124 1226 643 1265 Cayó la princesa enferma,
116 1274 658 1313 fué su prima á visitarla,
124 1322 605 1361 Cárlos en su compañía;
114 1370 598 1408 no refiero las estrañas
124 1418 582 1460 cortesías competentes,
120 1468 593 1505 que hizo Cárlos á las damas
121 1515 692 1554 Hechas distintas preguntas,
123 1565 802 1602 que achaques son los que agravan
119 1612 566 1651 y molestan su salud?
124 1662 582 1699 así la princesa habla:
123 1711 649 1749 es tristeza la que tengo,
126 1760 679 1797 aunque ignorada su causa;
121 1809 665 1845 yo padezco, y no se cual
123 1857 749 1893 remedio aplique á mis ansias.
124 1904 723 1942 Prima, dame tú el remedio;
119 1951 653 1989 y esta respuesta la daba:
124 2002 670 2038 siendo gusto de su alteza
121 2050 698 2088 el que mi page aquí haga
124 2099 540 2136 algunas habilidades,
128 2148 742 2184 lo hará; y á Cárlos le manda
127 2195 671 2233 que alegrase á la princesa.
128 2245 696 2284 Obedeció, y que le traigan
1394 196 1428 238 3
835 253 1379 295 instrumentos ha mandado:
836 306 1351 343 trageron guitarra y arpa,
834 353 1336 390 con que Cárlos se portó
841 401 1419 439 de manera, que la infanta.
839 449 1371 487 si enferma se considera,
839 495 1349 535 mas enferma ya se haya
840 545 1350 584 de ver el arte y donaire,
840 596 1374 631 el brio, el garvo, la gala,
836 642 1294 683 y grandes habilidades
842 691 1407 729 que á Cárlos acompañaban;
844 739 1353 778 y con víctores le ofrece
839 789 1253 825 repetidas alabanzas.
840 836 1288 874 Rematada la funcion,
847 887 1300 922 finalizadas las danzas
846 933 1412 969 dió órden la hermosa niña
839 981 1516 1018 que luego á Cárlos le traigan.
834 1030 1325 1067 y á la demas comitiva
848 1078 1442 1115 un resfrezco de importancia.
843 1127 1397 1164 Tocando el reloj las ocho
844 1177 1292 1211 se retiran á su casa,
847 1224 1315 1260 quedándose la doliente
842 1272 1349 1308 herida en toda su alma.
846 1320 1340 1356 Viendo el padre que su hija
844 1370 1346 1407 se miraba tan postrada,
844 1419 1354 1454 mandó, como poderoso,
844 1466 1380 1502 que una junta se ordenára
845 1513 1376 1550 de médicos, y entre todos
851 1562 1296 1599 el mas sábio adivinára
850 1611 1376 1647 la enfermedad tan oculta,
850 1659 1360 1696 Hacen diligencias varias;
843 1708 1328 1743 mas como era de amor
841 1756 1304 1791 no congeturaron nada.
843 1804 1384 1839 En estos grandes enigmas
843 1853 1414 1889 dieron forma y dieron traza,
856 1902 1396 1938 por acuerdo de un anciano,
854 1950 1350 1986 el que una lista se haga
846 1999 1376 2038 de los criados que sirven,
844 2048 1300 2085 y que cada dia vayan
849 2096 1310 2133 por su turno cada uno
851 2145 1357 2181 á presentarle á su ama
855 2194 1414 2230 un ramo de hermosas flores
849 2244 1430 2282 por ver si alguno le agrada;
