1737 2508
1225 176 1433 219 (Núm. 65.)
250 275 1374 340 CASAMIENTO ENTRE DOS DAMAS.
140 1312 1553 1377 NUEVA RELACION EN QUE SE REFIEREN LOS RAROS SUCESOS DE UNA
146 1356 1553 1422 Señora natural de la córte de Viena; y la fortuna que tuvo, habiéndose
298 1405 1404 1461 salido de su patria disfrazada en busca de un amante.
664 1496 1049 1542 PRIMERA PARTE.
195 1600 723 1647 En la córte mas suprema,
150 1648 688 1695 en la mas luciente alcázar
161 1696 716 1742 que guarnece el claro Febo
159 1745 628 1792 con sus taréas diarias:
165 1792 667 1840 en esta hermosa palestra,
167 1839 783 1888 que hacen flores sus campañas,
163 1888 683 1936 formando cuadros amenos
169 1938 687 1984 con diversidad de plantas,
174 1983 664 2033 conjunto de varias flores
167 2033 760 2080 que hacen tegidas guirnaldas:
167 2082 659 2129 en este referido asiento,
173 2131 685 2177 en este non plus ó mapa,
175 2178 719 2225 que es la ciudad de Viena,
177 2226 727 2274 capital insigne de Austria.
871 1588 1452 1629 donde el grande emperador,
879 1636 1377 1676 columna de la fe santa,
879 1683 1383 1724 tiene su solio y asiento
883 1732 1389 1774 con magestad soberana:
892 1781 1367 1823 en la mensionada córte,
896 1829 1320 1870 de sangre calificada,
891 1874 1443 1920 nació una hermosa doncella
894 1923 1413 1967 con la cual la mano sacrá
896 1970 1493 2015 se esmeró en dar pefecciones
900 2021 1475 2063 desde el cabello á la planta,
898 2068 1360 2112 pues parecia á la vista
908 2116 1487 2161 una beldad mas que humana.
898 2166 1451 2207 Fuese criando este hechizo
901 2216 1359 2257 con politica enseñanza,
