1765 2512
188 205 212 239 6
87 251 617 298 señora, advierte y repára
84 297 582 345 lo fúnebre de este caso.
80 345 616 398 Yo soy muger, como ves,
82 396 547 441 que mi riguroso astro
76 443 624 492 á este punto me ha traido:
76 492 574 541 dejé mis padres amados,
76 545 574 585 por buscar un caballero
80 590 685 639 que me amaba en sumo grado
76 636 621 687 He andado diversas tierras,
80 684 516 729 visité reinos estraños
71 733 571 781 en hábito de estudiante;
70 784 624 828 y no habiéndole encontrado
66 829 585 877 buscando mi conveniencia
72 877 572 926 á este parage he llegado,
71 931 516 969 y con trage de varon
64 976 574 1019 hasta este dia he pasado
71 1023 634 1072 Y pues su alteza me estima,
66 1072 576 1118 haga este mismo reparo
64 1122 542 1164 que si me descubre soy
56 1172 580 1214 perdida, y así la encargo,
66 1217 656 1264 busque modo que me ausente.
57 1265 616 1314 La princesa oyendo el caso,
55 1313 498 1359 la dice: querida mia,
54 1362 586 1407 lo que me has participado
60 1410 612 1454 será muy grande misterio
60 1457 473 1501 y con sigilo y recato
50 1506 530 1552 haremos vida gustosas;
54 1556 628 1601 pues es tanto lo que té amo
58 1606 594 1647 que teniéndote á mi vista
47 1652 616 1698 no quiero mayor descanso.
52 1701 536 1742 Amaneció el dia alegre
44 1751 602 1795 y entró el aya de contado,
44 1802 562 1840 preguntando á su señora
50 1848 502 1887 cómo lo habia pasado.
51 1894 618 1940 Con que la hermosa princesa
37 1941 506 1987 le refirió todo el caso,
42 1992 579 2035 y lo que habian dispuesto
43 2039 579 2085 haciéndola estrecho cargo
39 2091 598 2135 que guardase este seereto,
40 2142 532 2182 y pusiese espías varios,
40 2189 512 2228 por cualquera novedad
44 2238 580 2279 que ocurriese en palacio.
816 269 1307 315 Con el título de esposos
814 317 1296 363 hasta dos años pasaron;
804 369 1298 413 y viendo toda la córte,
808 418 1222 455 y los leales vasallos,
812 465 1326 508 que pasado dicho tiempo
810 509 1266 552 no se veian coronados
805 558 1404 606 con el sucesor que aguardan,
800 611 1364 651 y que tampoco á don Cárlos
800 656 1292 700 barba ni bozo apuntaba,
800 702 1327 749 se hacian discurso varios.
804 749 1232 793 Determinaron un dia;
800 799 1294 842 llevar al príncipe Cárlos
796 846 1294 895 á un jardin á divertirse,
796 897 1349 941 por si le agradan los ramos
801 944 1371 989 de flores, que es de mugeres
800 991 1252 1036 colocarlas de contadó.
794 1041 1320 1087 en el pecho ó en el pelo,
796 1088 1202 1131 para dejar aclarado,
794 1136 1346 1183 si era varon ó era hembra;
792 1187 1252 1227 y el aya le ha contado
854 1235 1300 1276 el enigma que procuran
800 1281 1274 1324 ver disuelto; y avisado
795 1330 1302 1375 Cárlos, prudente y sagaz
780 1385 1326 1422 y propuesto á sus vasallos,
784 1429 1310 1471 dentro del mismo jardin,
788 1474 1382 1521 que esto no era de su agrado;
782 1528 1256 1564 y que mejor diversion
788 1572 1220 1611 seria volver al campo
784 1619 1281 1663 á cazar con la escopeta:
784 1667 1343 1712 con que confusos quedaron.
780 1714 1350 1763 En fin, por no ser molesto,
779 1764 1264 1809 otros dos años pasaron,
778 1813 1349 1857 y al fin de ellos determinan
777 1860 1238 1906 hacer un covite vario,
774 1909 1232 1953 donde pensaban poner
775 1958 1228 2002 asientos altos y bajos;
774 2013 1186 2048 y si bajo lo elegía,
774 2057 1282 2097 era muger; y alcanzando
766 2103 1270 2148 á saber lo que dispone,
772 2153 1302 2197 cuenta el aya le ha dado.
772 2203 1280 2246 Al príncipe lo convidan,
765 2255 1256 2293 y como iba ya avisado,
