1652 2436
232 248 880 286 donde halló un par de pistolas:
231 298 792 336 pasmado quedó al mirarlas,
234 346 740 383 porque al instante pensó,
233 393 878 433 qué su amo en aprieto se halla.
233 442 666 480 Salió á la calle ligero
229 491 724 530 cargado de todas armas;
234 540 746 579 encontró con un soldado,
229 587 765 627 que era grande camarada
231 638 767 675 de su amo y le dió cuenta
234 686 694 724 de todo lo que le pasa.
236 734 774 772 Se partieron los dos juntos
231 782 897 821 donde está el cuerpo de guardia.
233 831 764 870 Dieron cuenta á su oficial,
230 880 750 919 el cual al instante manda,
227 929 778 967 que vayan diez granaderos
235 976 654 1016 con bayoneta calada.
227 1025 688 1064 Todos á la casa llegan,
238 1072 778 1117 el criado á la puertá llama,
228 1124 702 1162 bajó la criada á abrirle,
229 1170 762 1213 y asi que abre, la agarran,
231 1222 650 1260 diciéndo: calla, sino,
228 1272 738 1308 la muerte tienes cercana;
233 1318 696 1358 y asi con grande sigilo,
227 1367 659 1405 todos suben á la sala,
236 1416 770 1454 si no dos que se quedaron
228 1464 660 1501 abajo de retaguardia.
227 1513 710 1550 Entran á tiempo que ya
234 1562 690 1598 aquella infame canalla,
233 1611 676 1647 al pobre del caballero
234 1660 702 1695 las manos atrás atadas,
232 1708 724 1744 tendido en el duro suelo
231 1758 669 1792 lo tenian y esperaban
234 1804 704 1842 á que el criado viniese,
233 1855 714 1890 para que le acompañara
234 1902 762 1940 en la muerte, y al instante
233 1951 632 1987 con valentia bizarra,
236 2000 744 2038 se arrojan los granaderos,
228 2048 732 2087 sin darles pie de ventaja.
228 2098 722 2137 A todos tres aprisionan,
235 2145 726 2184 tambien á la falsa dama:
229 2195 655 2234 soltaron al caballero,
953 248 1598 288 que á todos les dió las gracias.
955 297 1456 334 Empiensan luego á mirar
955 346 1460 383 todos los cuartos y salas,
957 394 1508 435 por ver si habia mas gente;
964 443 1484 480 pero no encontraron nada.
959 491 1513 529 Solo encuentran una puerta
957 540 1498 578 con dos candados cerrada;
951 589 1532 628 les piden que den las llaves,
955 639 1507 673 y ellos por repuesta daban
957 686 1572 727 que no se manda aquel cuarto;
959 735 1466 772 que es de la vecina casa.
956 784 1472 822 Los candados arrancaron,
949 833 1506 873 y al suelo la puerta echada,
954 881 1476 918 todos se quedan confusos,
957 929 1538 968 viendo lo que dentro hallan:
957 979 1494 1016 pues es cosa que horroriza
954 1027 1414 1063 solamente de contarla.
953 1075 1406 1110 En tres artesas tenian
954 1124 1430 1159 cubiertos de sal y agua
951 1173 1473 1211 á seis racionales cuerpos:
950 1223 1464 1259 y mirando bien la cuadra,
956 1270 1474 1308 encontraron de otros seis
950 1319 1414 1355 solamente las estatuas
953 1366 1389 1403 arrimadas á un rinco
950 1417 1438 1454 con una estera tapadas.
954 1464 1412 1501 A la justicia le avisan,
956 1512 1440 1552 y acuden con vigilancia,
954 1562 1432 1599 llevan á los reos presos,
951 1612 1481 1647 luego los señores mandan,
952 1660 1593 1698 que á aquellos difuntos cuerpos
952 1708 1432 1745 se les dé tierra sagrada,
951 1758 1510 1794 y que á los reos los cargen
956 1806 1479 1845 de prisiones muy pesadas,
955 1855 1514 1892 donde esperen por instantes
953 1901 1491 1941 que se sustancie la causa.
952 1952 1422 1988 Con esto Muñoz ofrece,
954 2000 1504 2039 luego que esté sustanciada,
957 2048 1411 2086 y se ejecute el castigo,
951 2098 1420 2134 de daros relacion larga
958 2148 1414 2183 en otra segunda parte,
955 2197 1532 2234 perdonando á este las faltas.
608 2219 1247 2372 FIN DE LA PRIMERA PARTE.
