1632 2452
271 224 312 260 8
229 273 711 312 los religiosos los llevan
228 320 685 361 en el aire suspendidos,
232 369 806 408 con grande acompañamiento
223 418 775 457 de guardas y de ministros;
233 469 704 506 pasean todas las calles,
229 516 698 554 y asi llegan al suplicio.
223 563 734 603 Los sacan de los serones
226 610 715 651 y agarrando un Crucifijo
226 659 728 700 Leonarda con gran valor
224 709 703 749 con el corazon contrito
228 759 714 796 le dice: dueño del alma,
225 809 646 845 Criador y padre mio,
227 854 785 893 me pesa por ser quien sois.
225 904 732 942 Y con esto la han subido
227 954 714 990 á lo alto de la escalera;
223 999 748 1040 luego atencion ha pedido
229 1051 742 1088 á todos los circunstantes,
227 1099 767 1136 y de esta manera á dicho;
229 1145 829 1185 mugeres las que en el mundo
225 1197 674 1234 estais con sano juicio,
232 1246 676 1282 amad de veras á Dios,
227 1291 728 1330 no divertais los sentidos
228 1343 729 1381 en las cosas de la tierra,
223 1389 791 1429 mirad el fin que han tenido,
231 1439 880 1475 y el pago que á mí me han dado
231 1488 660 1524 mis lascivos apetitos.
223 1536 796 1573 Hombres que mirais atentos
223 1585 766 1622 á estos compañeros mios,
229 1634 813 1671 escarmentad, pues, en ellos.
221 1684 802 1720 Hermanas y hermanos mios,
227 1734 652 1770 á todos pido perdon,
219 1783 805 1826 y volviendo al Santo Cristo,
947 267 1394 305 le dice; rey poderoso,
955 316 1521 355 ¡quién nunca hubiera nacido
954 365 1409 403 para ofenderte, Señor!
949 414 1447 449 pero yó apelo al abismo
953 461 1445 498 de vuestra misericordia.
951 510 1488 547 y en vuestra clemencia fio,
949 558 1502 596 que me habeis de perdonar
954 609 1557 645 lo mucho que os he ofendido:
953 656 1428 694 y los santos religiosos,
956 706 1426 743 con fervorosos auxilios,
950 754 1442 791 la encienden el corazon,
958 802 1536 839 que mueve á llanto el oirlos.
951 851 1466 888 Empezó á decir el Credo,
956 899 1444 937 y llegando á ánico hijo,
960 948 1460 987 de la escalera le arrojan,
953 996 1377 1034 y quedó cadáver frio,
959 1044 1487 1082 dando muestra de que fué
947 1094 1350 1131 á gozar del paraiso;
955 1142 1532 1179 y el mismo arrepentimiento
953 1192 1550 1228 los tres hombres han tenido.
952 1240 1456 1277 Cinco horas los tuvieron
955 1288 1458 1325 en la horca suspendidos,
949 1335 1543 1374 despues los hicieron cuartos
956 1385 1436 1423 y en los reales caminos,
947 1433 1507 1471 con duros clavos de hierro
947 1483 1438 1519 los fueron dejando fijos,
957 1530 1503 1568 para escarmiento de todos,
947 1579 1363 1617 forasteros y vecinos;
951 1630 1344 1667 y la criada azotada,
952 1676 1463 1715 con sus plumas ha salido
960 1723 1402 1763 desterrada de la corte
948 1775 1478 1814 del Rey de España Filipo.
836 1990 996 2141 FIN
729 2309 1127 2350 CARMONA:—1858.
259 2355 1595 2401 Imprenta de D. José M. Moreno, calle Juan de la Cabra número 4,
