1737 2508
1350 144 1585 300 (Núm. 199.)
384 1146 1551 1223 EL MALTES DE MADRID.
265 1268 1679 1339 Romance. en que se declara una prision que ha sido hecha en la
275 1318 1676 1388 córte de Madrid de tres hombres y dos mugeres, por haber dado
323 1367 1639 1435 muerte á veinte y siete personas; y cómo se descubrió por un
352 1418 1603 1485 caballero maltés con quien querian ejecutar lo mismo con él.
749 1509 1201 1668 PRIMERA PARTE.
330 1700 839 1744 Emperatriz de los cielos,
289 1749 793 1794 Madre de Dios Soberana,
281 1795 863 1844 concede á mi entendimiento
289 1847 911 1891 vuestro auxilio, vuestra gracia,
291 1896 779 1940 para que pueda esplicar
285 1945 847 1990 la crueldad mas inhumana;
296 1996 700 2038 y para no dilatarme,
299 2045 767 2087 pasemos á la sustancia.
297 2093 767 2134 En la córte de Madrid,
289 2141 764 2183 y silla régia de España
294 2190 793 2231 aqui asiste un caballero,
292 2236 950 2279 que aunque es natural de Malta,
304 2287 816 2328 por unos ciertos negocios
292 2340 761 2380 en esta còrte se halla;
1007 1682 1501 1726 y por el pleito ser largo,
1011 1730 1515 1776 ha tomado asiento y casa.
1006 1779 1541 1824 Jueves Santo por la tarde,
1011 1826 1543 1872 con un criado en compaña
1015 1875 1428 1922 á visitar las Iglesias
1013 1925 1493 1970 salió y á poca distancia,
1011 1974 1505 2019 al revolver una esquina,
1017 2023 1499 2067 encontró con una dama,
1013 2071 1547 2117 hermosa, cuanto discreta,
1015 2119 1575 2165 muy compuesta y adornada,
1023 2169 1426 2216 y una criada detrás,
1020 2216 1601 2264 que á esta señora acompaña;
1019 2266 1497 2314 llegándose al caballero,
1027 2314 1553 2364 le dice aquestas palabras:
