<?xml version="1.0" encoding="UTF-8" standalone="yes"?>
<PcGts xmlns="http://schema.primaresearch.org/PAGE/gts/pagecontent/2013-07-15" xmlns:xsi="http://www.w3.org/2001/XMLSchema-instance" xsi:schemaLocation="http://schema.primaresearch.org/PAGE/gts/pagecontent/2013-07-15 http://schema.primaresearch.org/PAGE/gts/pagecontent/2013-07-15/pagecontent.xsd">
    <Metadata>
        <Creator>prov=University of Rostock/Institute of Mathematics/CITlab|PLANET AI GmbH/Gundram Leifert/gundram.leifert@planet-ai.de:name=Pliegos de Cordel (XIXe) - v4(htr_id=27283)::::v=2.6.7
prov=University of Rostock/Institute of Mathematics/CITlab|PLANET AI GmbH/Tobias Gruening/tobias.gruening@planet-ai.de:name=de.uros.citlab.module.baseline2polygon.B2PSeamMultiOriented:v=2.6.7
prov=University of Rostock/Institute of Mathematics/CITlab|PLANET AI GmbH/Tobias Gruening/tobias.gruening@planet-ai.de:name=/net_tf/LA73_249_0mod360.pb:de.uros.citlab.segmentation.CITlab_LA_ML:v=2.6.7
Transkribus</Creator>
        <Created>2020-12-01T16:27:44.292+01:00</Created>
        <LastChange>2020-12-14T16:00:54.745+01:00</LastChange>
        <Comments>
                Measurement unit: pixel
                PrimaryLanguage: 
                Producer: Transkribus
            </Comments>
        <TranskribusMetadata docId="525386" pageId="22318537" pageNr="67" tsid="50306396" status="DONE" userId="66244" imgUrl="https://files.transkribus.eu/Get?id=OPCXPYLUPXGYTPKXIEVQAMJM&amp;fileType=view" xmlUrl="https://files.transkribus.eu/Get?id=CZFBHRFZKGQKNMJTJHINBFUZ" imageId="17388052"/>
    </Metadata>
    <Page imageFilename="Moreno_191_3.jpg" imageWidth="1737" imageHeight="2508">
        <PrintSpace>
            <Coords points="0,0 1737,0 1737,2508 0,2508"/>
        </PrintSpace>
        <ReadingOrder>
            <OrderedGroup id="ro_1607963860753" caption="Regions reading order">
                <RegionRefIndexed index="0" regionRef="r_1_1"/>
                <RegionRefIndexed index="1" regionRef="r_2_1"/>
                <RegionRefIndexed index="2" regionRef="r_3_1"/>
            </OrderedGroup>
        </ReadingOrder>
        <TextRegion orientation="0.0" type="paragraph" id="r_1_1" custom="readingOrder {index:0;}">
            <Coords points="1505,180 1547,180 1547,235 1505,235"/>
            <TextLine id="r_1_1l1" custom="readingOrder {index:0;}">
                <Coords points="1520,272 1539,270 1539,120 1520,122"/>
                <Baseline points="1520,222 1539,220"/>
                <TextEquiv>
                    <Unicode>3</Unicode>
                </TextEquiv>
            </TextLine>
            <TextEquiv>
                <Unicode>3</Unicode>
            </TextEquiv>
        </TextRegion>
        <TextRegion orientation="0.0" type="paragraph" id="r_2_1" custom="readingOrder {index:1;}">
            <Coords points="174,230 864,230 864,2390 174,2390"/>
            <TextLine id="r_2_1l1" custom="readingOrder {index:0;}">
                <Coords points="189,286 214,286 239,285 264,285 289,285 315,285 340,285 365,285 390,285 415,285 441,285 466,285 491,286 516,286 541,286 567,286 592,287 617,287 642,287 667,287 693,288 693,254 667,253 642,253 617,253 592,253 567,252 541,252 516,252 491,252 466,251 441,251 415,251 390,251 365,251 340,251 315,251 289,251 264,251 239,251 214,252 189,252"/>
                <Baseline points="189,275 214,275 239,274 264,274 289,274 315,274 340,274 365,274 390,274 415,274 441,274 466,274 491,275 516,275 541,275 567,275 592,276 617,276 642,276 667,276 693,277"/>
                <TextEquiv>
                    <Unicode>Alargó el reloj, diciendo:</Unicode>
                </TextEquiv>
            </TextLine>
            <TextLine id="r_2_1l2" custom="readingOrder {index:1;}">
                <Coords points="186,334 211,334 237,334 262,334 288,334 313,334 339,334 364,334 390,334 415,334 441,334 466,334 492,335 517,335 543,335 568,336 594,336 619,337 645,337 671,338 671,304 645,303 619,303 594,302 568,302 543,301 517,301 492,301 466,300 441,300 415,300 390,300 364,300 339,300 313,300 288,300 262,300 237,300 211,300 186,300"/>
                <Baseline points="186,323 211,323 237,323 262,323 288,323 313,323 339,323 364,323 390,323 415,323 441,323 466,323 492,324 517,324 543,324 568,325 594,325 619,326 645,326 671,327"/>
                <TextEquiv>
                    <Unicode>reloj, persona y espada,</Unicode>
                </TextEquiv>
            </TextLine>
            <TextLine id="r_2_1l3" custom="readingOrder {index:2;}">
                <Coords points="189,382 217,381 246,381 274,381 303,381 331,382 360,382 388,382 417,383 445,383 474,383 502,384 531,384 559,385 588,385 616,386 645,386 673,386 702,386 730,387 759,387 759,353 730,353 702,352 673,352 645,352 616,352 588,351 559,351 531,350 502,350 474,349 445,349 417,349 388,348 360,348 331,348 303,347 274,347 246,347 217,347 189,348"/>
                <Baseline points="189,371 217,370 246,370 274,370 303,370 331,371 360,371 388,371 417,372 445,372 474,372 502,373 531,373 559,374 588,374 616,375 645,375 673,375 702,375 730,376 759,376"/>
                <TextEquiv>
                    <Unicode>está aquí á vuestro servicio;</Unicode>
                </TextEquiv>
            </TextLine>
            <TextLine id="r_2_1l4" custom="readingOrder {index:3;}">
                <Coords points="193,428 219,429 245,430 271,431 297,431 323,432 350,432 376,432 402,432 428,432 454,432 480,432 507,433 533,433 559,433 585,433 611,434 638,434 638,401 611,401 585,400 559,400 533,400 507,400 480,399 454,399 428,399 402,399 376,399 350,399 323,399 297,398 271,398 245,397 219,396 193,395"/>
                <Baseline points="193,417 219,418 245,419 271,420 297,420 323,421 350,421 376,421 402,421 428,421 454,421 480,421 507,422 533,422 559,422 585,422 611,423 638,423"/>
                <TextEquiv>
                    <Unicode>y sin replicar en nada</Unicode>
                </TextEquiv>
            </TextLine>
            <TextLine id="r_2_1l5" custom="readingOrder {index:4;}">
                <Coords points="185,476 210,476 235,477 261,477 286,477 311,477 337,478 362,478 388,478 413,478 438,478 464,479 489,479 515,480 540,480 565,481 591,482 616,483 642,485 642,454 616,452 591,451 565,450 540,449 515,449 489,448 464,448 438,447 413,447 388,447 362,447 337,447 311,446 286,446 261,446 235,446 210,445 185,445"/>
                <Baseline points="185,466 210,466 235,467 261,467 286,467 311,467 337,468 362,468 388,468 413,468 438,468 464,469 489,469 515,470 540,470 565,471 591,472 616,473 642,475"/>
                <TextEquiv>
                    <Unicode>se quedó con el reloj,</Unicode>
                </TextEquiv>
            </TextLine>
            <TextLine id="r_2_1l6" custom="readingOrder {index:5;}">
                <Coords points="185,520 211,522 237,524 263,525 290,526 316,526 342,527 368,527 395,527 421,527 447,527 474,527 500,527 526,528 552,528 579,529 605,530 631,532 658,533 658,502 631,501 605,499 579,498 552,497 526,497 500,496 474,496 447,496 421,496 395,496 368,496 342,496 316,495 290,495 263,494 237,493 211,491 185,489"/>
                <Baseline points="185,510 211,512 237,514 263,515 290,516 316,516 342,517 368,517 395,517 421,517 447,517 474,517 500,517 526,518 552,518 579,519 605,520 631,522 658,523"/>
                <TextEquiv>
                    <Unicode>y dándoselo á la dama,</Unicode>
                </TextEquiv>
            </TextLine>
            <TextLine id="r_2_1l7" custom="readingOrder {index:6;}">
                <Coords points="188,574 213,574 239,575 264,575 290,576 316,576 341,577 367,577 393,577 418,577 444,578 470,578 495,578 521,578 547,579 572,579 598,580 624,580 624,546 598,546 572,545 547,545 521,544 495,544 470,544 444,544 418,543 393,543 367,543 341,543 316,542 290,542 264,541 239,541 213,540 188,540"/>
                <Baseline points="188,563 213,563 239,564 264,564 290,565 316,565 341,566 367,566 393,566 418,566 444,567 470,567 495,567 521,567 547,568 572,568 598,569 624,569"/>
                <TextEquiv>
                    <Unicode>dice: recibe, Señora,</Unicode>
                </TextEquiv>
            </TextLine>
            <TextLine id="r_2_1l8" custom="readingOrder {index:7;}">
                <Coords points="194,624 219,624 244,625 269,625 294,625 319,626 344,626 369,626 394,626 419,626 444,626 469,626 494,627 519,627 544,627 569,627 594,627 619,627 644,627 669,627 669,593 644,593 619,593 594,593 569,593 544,593 519,593 494,593 469,592 444,592 419,592 394,592 369,592 344,592 319,592 294,591 269,591 244,591 219,590 194,590"/>
                <Baseline points="194,613 219,613 244,614 269,614 294,614 319,615 344,615 369,615 394,615 419,615 444,615 469,615 494,616 519,616 544,616 569,616 594,616 619,616 644,616 669,616"/>
                <TextEquiv>
                    <Unicode>aquesta pequeña alhaja</Unicode>
                </TextEquiv>
            </TextLine>
            <TextLine id="r_2_1l9" custom="readingOrder {index:8;}">
                <Coords points="196,672 222,672 248,673 275,674 301,674 328,675 354,675 380,675 407,675 433,675 460,675 486,675 512,675 539,675 565,675 592,675 618,676 644,676 671,677 697,678 724,678 724,644 697,644 671,643 644,642 618,642 592,641 565,641 539,641 512,641 486,641 460,641 433,641 407,641 380,641 354,641 328,641 301,640 275,640 248,639 222,638 196,638"/>
                <Baseline points="196,661 222,661 248,662 275,663 301,663 328,664 354,664 380,664 407,664 433,664 460,664 486,664 512,664 539,664 565,664 592,664 618,665 644,665 671,666 697,667 724,667"/>
                <TextEquiv>
                    <Unicode>de un criado de los tuyos.</Unicode>
                </TextEquiv>
            </TextLine>
            <TextLine id="r_2_1l10" custom="readingOrder {index:9;}">
                <Coords points="192,721 218,721 244,721 270,721 296,722 322,722 348,722 374,722 400,723 426,723 452,723 478,724 504,724 530,724 556,724 582,725 608,725 634,725 660,725 686,726 713,726 713,692 686,692 660,691 634,691 608,691 582,691 556,690 530,690 504,690 478,690 452,689 426,689 400,689 374,688 348,688 322,688 296,688 270,687 244,687 218,687 192,687"/>
                <Baseline points="192,710 218,710 244,710 270,710 296,711 322,711 348,711 374,711 400,712 426,712 452,712 478,713 504,713 530,713 556,713 582,714 608,714 634,714 660,714 686,715 713,715"/>
                <TextEquiv>
                    <Unicode>Llegó otro diciendo: saca</Unicode>
                </TextEquiv>
            </TextLine>
            <TextLine id="r_2_1l11" custom="readingOrder {index:10;}">
                <Coords points="191,770 217,770 243,770 269,770 295,771 322,771 348,772 374,772 400,772 426,772 453,773 479,773 505,773 531,773 557,772 584,772 584,738 557,738 531,739 505,739 479,739 453,739 426,738 400,738 374,738 348,738 322,737 295,737 269,736 243,736 217,736 191,736"/>
                <Baseline points="191,759 217,759 243,759 269,759 295,760 322,760 348,761 374,761 400,761 426,761 453,762 479,762 505,762 531,762 557,761 584,761"/>
                <TextEquiv>
                    <Unicode>caballero, si traeis</Unicode>
                </TextEquiv>
            </TextLine>
            <TextLine id="r_2_1l12" custom="readingOrder {index:11;}">
                <Coords points="193,817 219,818 245,819 272,819 298,819 324,820 351,820 377,820 403,820 430,820 456,820 482,820 509,820 535,820 561,821 588,821 614,822 641,823 641,789 614,788 588,787 561,787 535,786 509,786 482,786 456,786 430,786 403,786 377,786 351,786 324,786 298,785 272,785 245,785 219,784 193,783"/>
                <Baseline points="193,806 219,807 245,808 272,808 298,808 324,809 351,809 377,809 403,809 430,809 456,809 482,809 509,809 535,809 561,810 588,810 614,811 641,812"/>
                <TextEquiv>
                    <Unicode>de tabaco alguna caja</Unicode>
                </TextEquiv>
            </TextLine>
            <TextLine id="r_2_1l13" custom="readingOrder {index:12;}">
                <Coords points="190,864 215,865 241,866 267,867 293,867 319,867 345,867 371,868 397,868 423,868 449,868 475,868 501,868 527,868 553,869 579,870 605,870 631,871 657,873 657,839 631,837 605,836 579,836 553,835 527,834 501,834 475,834 449,834 423,834 397,834 371,834 345,833 319,833 293,833 267,833 241,832 215,831 190,830"/>
                <Baseline points="190,853 215,854 241,855 267,856 293,856 319,856 345,856 371,857 397,857 423,857 449,857 475,857 501,857 527,857 553,858 579,859 605,859 631,860 657,862"/>
                <TextEquiv>
                    <Unicode>y tomarémos un polvo.</Unicode>
                </TextEquiv>
            </TextLine>
            <TextLine id="r_2_1l14" custom="readingOrder {index:13;}">
                <Coords points="188,914 213,915 238,915 263,916 289,916 314,916 339,916 364,916 390,916 415,917 440,917 465,917 491,917 516,917 541,918 566,918 592,919 617,920 642,921 668,922 668,888 642,887 617,886 592,885 566,884 541,884 516,883 491,883 465,883 440,883 415,883 390,882 364,882 339,882 314,882 289,882 263,882 238,881 213,881 188,880"/>
                <Baseline points="188,903 213,904 238,904 263,905 289,905 314,905 339,905 364,905 390,905 415,906 440,906 465,906 491,906 516,906 541,907 566,907 592,908 617,909 642,910 668,911"/>
                <TextEquiv>
                    <Unicode>Sacó una caja de plata,</Unicode>
                </TextEquiv>
            </TextLine>
            <TextLine id="r_2_1l15" custom="readingOrder {index:14;}">
                <Coords points="191,963 216,964 241,964 266,964 291,965 316,965 341,965 366,965 391,965 417,965 442,965 467,965 492,965 517,965 542,966 567,966 592,967 617,968 643,969 643,935 617,934 592,933 567,932 542,932 517,931 492,931 467,931 442,931 417,931 391,931 366,931 341,931 316,931 291,931 266,930 241,930 216,930 191,929"/>
                <Baseline points="191,952 216,953 241,953 266,953 291,954 316,954 341,954 366,954 391,954 417,954 442,954 467,954 492,954 517,954 542,955 567,955 592,956 617,957 643,958"/>
                <TextEquiv>
                    <Unicode>tomaron todos tabaco:</Unicode>
                </TextEquiv>
            </TextLine>
            <TextLine id="r_2_1l16" custom="readingOrder {index:15;}">
                <Coords points="197,1011 222,1012 248,1013 274,1013 300,1014 325,1014 351,1014 377,1014 403,1014 429,1014 454,1014 480,1014 506,1014 532,1014 558,1014 583,1015 609,1015 635,1015 661,1016 687,1017 687,983 661,982 635,981 609,981 583,981 558,980 532,980 506,980 480,980 454,980 429,980 403,980 377,980 351,980 325,980 300,980 274,979 248,979 222,978 197,977"/>
                <Baseline points="197,1000 222,1001 248,1002 274,1002 300,1003 325,1003 351,1003 377,1003 403,1003 429,1003 454,1003 480,1003 506,1003 532,1003 558,1003 583,1004 609,1004 635,1004 661,1005 687,1006"/>
                <TextEquiv>
                    <Unicode>pero al fin de la jornada</Unicode>
                </TextEquiv>
            </TextLine>
            <TextLine id="r_2_1l17" custom="readingOrder {index:16;}">
                <Coords points="192,1061 219,1061 246,1061 273,1061 301,1061 328,1061 355,1062 383,1062 410,1062 437,1062 465,1062 492,1063 519,1063 547,1063 574,1064 601,1064 629,1065 656,1065 683,1066 711,1067 711,1033 683,1032 656,1031 629,1031 601,1030 574,1030 547,1029 519,1029 492,1029 465,1028 437,1028 410,1028 383,1028 355,1028 328,1027 301,1027 273,1027 246,1027 219,1027 192,1027"/>
                <Baseline points="192,1050 219,1050 246,1050 273,1050 301,1050 328,1050 355,1051 383,1051 410,1051 437,1051 465,1051 492,1052 519,1052 547,1052 574,1053 601,1053 629,1054 656,1054 683,1055 711,1056"/>
                <TextEquiv>
                    <Unicode>hicieron la misma accion,</Unicode>
                </TextEquiv>
            </TextLine>
            <TextLine id="r_2_1l18" custom="readingOrder {index:17;}">
                <Coords points="199,1108 225,1109 251,1110 277,1110 304,1111 330,1111 356,1111 382,1111 409,1111 435,1111 461,1111 488,1112 514,1112 540,1112 566,1112 593,1113 619,1114 645,1114 672,1116 672,1082 645,1080 619,1080 593,1079 566,1078 540,1078 514,1078 488,1078 461,1077 435,1077 409,1077 382,1077 356,1077 330,1077 304,1077 277,1076 251,1076 225,1075 199,1074"/>
                <Baseline points="199,1097 225,1098 251,1099 277,1099 304,1100 330,1100 356,1100 382,1100 409,1100 435,1100 461,1100 488,1101 514,1101 540,1101 566,1101 593,1102 619,1103 645,1103 672,1105"/>
                <TextEquiv>
                    <Unicode>pues luego pasó la caja</Unicode>
                </TextEquiv>
            </TextLine>
            <TextLine id="r_2_1l19" custom="readingOrder {index:18;}">
                <Coords points="185,1158 210,1158 235,1158 261,1158 286,1158 311,1159 337,1159 362,1160 387,1160 413,1160 438,1161 463,1161 489,1161 514,1161 539,1161 565,1161 590,1160 616,1160 616,1126 590,1126 565,1127 539,1127 514,1127 489,1127 463,1127 438,1127 413,1126 387,1126 362,1126 337,1125 311,1125 286,1124 261,1124 235,1124 210,1124 185,1124"/>
                <Baseline points="185,1147 210,1147 235,1147 261,1147 286,1147 311,1148 337,1148 362,1149 387,1149 413,1149 438,1150 463,1150 489,1150 514,1150 539,1150 565,1150 590,1149 616,1149"/>
                <TextEquiv>
                    <Unicode>á acompañar al reloj</Unicode>
                </TextEquiv>
            </TextLine>
            <TextLine id="r_2_1l20" custom="readingOrder {index:19;}">
                <Coords points="195,1204 220,1205 246,1207 271,1207 297,1208 322,1208 348,1209 373,1209 399,1209 424,1209 450,1209 475,1209 501,1209 526,1209 552,1209 577,1209 603,1210 628,1210 654,1211 680,1212 680,1178 654,1177 628,1176 603,1176 577,1175 552,1175 526,1175 501,1175 475,1175 450,1175 424,1175 399,1175 373,1175 348,1175 322,1174 297,1174 271,1173 246,1173 220,1171 195,1170"/>
                <Baseline points="195,1193 220,1194 246,1196 271,1196 297,1197 322,1197 348,1198 373,1198 399,1198 424,1198 450,1198 475,1198 501,1198 526,1198 552,1198 577,1198 603,1199 628,1199 654,1200 680,1201"/>
                <TextEquiv>
                    <Unicode>á las manos de la dama.</Unicode>
                </TextEquiv>
            </TextLine>
            <TextLine id="r_2_1l21" custom="readingOrder {index:20;}">
                <Coords points="201,1255 227,1255 254,1256 281,1256 307,1257 334,1257 361,1257 387,1258 414,1258 441,1258 468,1258 494,1258 521,1258 548,1258 574,1258 601,1259 628,1259 654,1259 681,1259 708,1259 735,1259 735,1225 708,1225 681,1225 654,1225 628,1225 601,1225 574,1224 548,1224 521,1224 494,1224 468,1224 441,1224 414,1224 387,1224 361,1223 334,1223 307,1223 281,1222 254,1222 227,1221 201,1221"/>
                <Baseline points="201,1244 227,1244 254,1245 281,1245 307,1246 334,1246 361,1246 387,1247 414,1247 441,1247 468,1247 494,1247 521,1247 548,1247 574,1247 601,1248 628,1248 654,1248 681,1248 708,1248 735,1248"/>
                <TextEquiv>
                    <Unicode>Viéndose el buen caballeró</Unicode>
                </TextEquiv>
            </TextLine>
            <TextLine id="r_2_1l22" custom="readingOrder {index:21;}">
                <Coords points="189,1304 214,1305 239,1305 264,1306 290,1306 315,1306 340,1306 365,1306 391,1306 416,1306 441,1306 466,1306 492,1306 517,1306 542,1306 567,1307 593,1307 618,1308 643,1308 668,1309 694,1310 694,1276 668,1275 643,1274 618,1274 593,1273 567,1273 542,1272 517,1272 492,1272 466,1272 441,1272 416,1272 391,1272 365,1272 340,1272 315,1272 290,1272 264,1272 239,1271 214,1271 189,1270"/>
                <Baseline points="189,1293 214,1294 239,1294 264,1295 290,1295 315,1295 340,1295 365,1295 391,1295 416,1295 441,1295 466,1295 492,1295 517,1295 542,1295 567,1296 593,1296 618,1297 643,1297 668,1298 694,1299"/>
                <TextEquiv>
                    <Unicode>en confusion tan estraña,</Unicode>
                </TextEquiv>
            </TextLine>
            <TextLine id="r_2_1l23" custom="readingOrder {index:22;}">
                <Coords points="191,1352 216,1353 241,1354 266,1354 291,1354 316,1355 341,1355 366,1355 391,1355 416,1354 441,1354 466,1354 491,1354 516,1354 541,1354 566,1354 591,1354 616,1354 616,1320 591,1320 566,1320 541,1320 516,1320 491,1320 466,1320 441,1320 416,1320 391,1321 366,1321 341,1321 316,1321 291,1320 266,1320 241,1320 216,1319 191,1318"/>
                <Baseline points="191,1341 216,1342 241,1343 266,1343 291,1343 316,1344 341,1344 366,1344 391,1344 416,1343 441,1343 466,1343 491,1343 516,1343 541,1343 566,1343 591,1343 616,1343"/>
                <TextEquiv>
                    <Unicode>con el corazon pedía</Unicode>
                </TextEquiv>
            </TextLine>
            <TextLine id="r_2_1l24" custom="readingOrder {index:23;}">
                <Coords points="187,1401 212,1401 237,1402 262,1402 287,1402 312,1402 338,1403 363,1403 388,1403 413,1403 438,1403 463,1403 489,1403 514,1403 539,1403 564,1403 589,1403 615,1403 615,1369 589,1369 564,1369 539,1369 514,1369 489,1369 463,1369 438,1369 413,1369 388,1369 363,1369 338,1369 312,1368 287,1368 262,1368 237,1368 212,1367 187,1367"/>
                <Baseline points="187,1390 212,1390 237,1391 262,1391 287,1391 312,1391 338,1392 363,1392 388,1392 413,1392 438,1392 463,1392 489,1392 514,1392 539,1392 564,1392 589,1392 615,1392"/>
                <TextEquiv>
                    <Unicode>á la Virgen Soberana</Unicode>
                </TextEquiv>
            </TextLine>
            <TextLine id="r_2_1l25" custom="readingOrder {index:24;}">
                <Coords points="190,1449 216,1450 242,1451 268,1451 294,1451 320,1451 346,1452 373,1452 399,1452 425,1452 451,1452 477,1452 503,1452 529,1452 556,1452 582,1452 608,1452 634,1452 660,1452 686,1453 713,1453 713,1419 686,1419 660,1418 634,1418 608,1418 582,1418 556,1418 529,1418 503,1418 477,1418 451,1418 425,1418 399,1418 373,1418 346,1418 320,1417 294,1417 268,1417 242,1417 216,1416 190,1415"/>
                <Baseline points="190,1438 216,1439 242,1440 268,1440 294,1440 320,1440 346,1441 373,1441 399,1441 425,1441 451,1441 477,1441 503,1441 529,1441 556,1441 582,1441 608,1441 634,1441 660,1441 686,1442 713,1442"/>
                <TextEquiv>
                    <Unicode>del Cármen que lo librase</Unicode>
                </TextEquiv>
            </TextLine>
            <TextLine id="r_2_1l26" custom="readingOrder {index:25;}">
                <Coords points="189,1497 215,1498 241,1498 268,1499 294,1500 321,1500 347,1500 374,1500 400,1500 427,1500 453,1500 479,1500 506,1500 532,1500 559,1500 585,1500 612,1500 638,1500 665,1501 691,1502 718,1503 718,1469 691,1468 665,1467 638,1466 612,1466 585,1466 559,1466 532,1466 506,1466 479,1466 453,1466 427,1466 400,1466 374,1466 347,1466 321,1466 294,1466 268,1465 241,1464 215,1464 189,1463"/>
                <Baseline points="189,1486 215,1487 241,1487 268,1488 294,1489 321,1489 347,1489 374,1489 400,1489 427,1489 453,1489 479,1489 506,1489 532,1489 559,1489 585,1489 612,1489 638,1489 665,1490 691,1491 718,1492"/>
                <TextEquiv>
                    <Unicode>de aquella infame canalla.</Unicode>
                </TextEquiv>
            </TextLine>
            <TextLine id="r_2_1l27" custom="readingOrder {index:26;}">
                <Coords points="194,1547 219,1547 245,1548 271,1549 297,1549 323,1549 349,1549 375,1549 401,1548 427,1548 452,1548 478,1548 504,1548 530,1548 556,1548 582,1549 608,1549 634,1550 660,1552 686,1553 686,1520 660,1519 634,1517 608,1516 582,1516 556,1515 530,1515 504,1515 478,1515 452,1515 427,1515 401,1515 375,1516 349,1516 323,1516 297,1516 271,1516 245,1515 219,1514 194,1514"/>
                <Baseline points="194,1536 219,1536 245,1537 271,1538 297,1538 323,1538 349,1538 375,1538 401,1537 427,1537 452,1537 478,1537 504,1537 530,1537 556,1537 582,1538 608,1538 634,1539 660,1541 686,1542"/>
                <TextEquiv>
                    <Unicode>Y les dice: amigos mios,</Unicode>
                </TextEquiv>
            </TextLine>
            <TextLine id="r_2_1l28" custom="readingOrder {index:27;}">
                <Coords points="183,1596 211,1596 239,1596 267,1597 296,1597 324,1597 352,1597 380,1597 409,1596 437,1596 465,1596 493,1596 522,1596 550,1596 578,1597 606,1597 635,1598 663,1599 691,1599 719,1601 748,1602 748,1568 719,1567 691,1565 663,1565 635,1564 606,1563 578,1563 550,1562 522,1562 493,1562 465,1562 437,1562 409,1562 380,1563 352,1563 324,1563 296,1563 267,1563 239,1562 211,1562 183,1562"/>
                <Baseline points="183,1585 211,1585 239,1585 267,1586 296,1586 324,1586 352,1586 380,1586 409,1585 437,1585 465,1585 493,1585 522,1585 550,1585 578,1586 606,1586 635,1587 663,1588 691,1588 719,1590 748,1591"/>
                <TextEquiv>
                    <Unicode>mucho estimára en el alma,</Unicode>
                </TextEquiv>
            </TextLine>
            <TextLine id="r_2_1l29" custom="readingOrder {index:28;}">
                <Coords points="195,1644 224,1644 254,1644 283,1645 313,1645 342,1645 372,1645 401,1645 431,1645 460,1645 490,1645 520,1645 549,1645 579,1645 608,1646 638,1646 667,1647 697,1647 726,1648 756,1649 786,1650 786,1616 756,1615 726,1614 697,1613 667,1613 638,1612 608,1612 579,1611 549,1611 520,1611 490,1611 460,1611 431,1611 401,1611 372,1611 342,1611 313,1611 283,1611 254,1610 224,1610 195,1610"/>
                <Baseline points="195,1633 224,1633 254,1633 283,1634 313,1634 342,1634 372,1634 401,1634 431,1634 460,1634 490,1634 520,1634 549,1634 579,1634 608,1635 638,1635 667,1636 697,1636 726,1637 756,1638 786,1639"/>
                <TextEquiv>
                    <Unicode>que ustedes me den licencia,</Unicode>
                </TextEquiv>
            </TextLine>
            <TextLine id="r_2_1l30" custom="readingOrder {index:29;}">
                <Coords points="195,1693 227,1694 260,1694 292,1694 325,1694 357,1695 390,1695 422,1695 455,1695 487,1695 520,1695 553,1695 585,1695 618,1695 650,1695 683,1696 715,1696 748,1696 780,1697 813,1697 846,1698 846,1664 813,1663 780,1663 748,1662 715,1662 683,1662 650,1661 618,1661 585,1661 553,1661 520,1661 487,1661 455,1661 422,1661 390,1661 357,1661 325,1660 292,1660 260,1660 227,1660 195,1659"/>
                <Baseline points="195,1682 227,1683 260,1683 292,1683 325,1683 357,1684 390,1684 422,1684 455,1684 487,1684 520,1684 553,1684 585,1684 618,1684 650,1684 683,1685 715,1685 748,1685 780,1686 813,1686 846,1687"/>
                <TextEquiv>
                    <Unicode>que es tarde, y hago gran falta,</Unicode>
                </TextEquiv>
            </TextLine>
            <TextLine id="r_2_1l31" custom="readingOrder {index:30;}">
                <Coords points="195,1742 220,1742 245,1742 270,1742 295,1742 320,1742 345,1742 370,1742 395,1742 420,1742 445,1743 470,1743 495,1743 520,1743 545,1743 570,1743 595,1743 620,1744 645,1744 670,1744 695,1744 695,1710 670,1710 645,1710 620,1710 595,1709 570,1709 545,1709 520,1709 495,1709 470,1709 445,1709 420,1708 395,1708 370,1708 345,1708 320,1708 295,1708 270,1708 245,1708 220,1708 195,1708"/>
                <Baseline points="195,1731 220,1731 245,1731 270,1731 295,1731 320,1731 345,1731 370,1731 395,1731 420,1731 445,1732 470,1732 495,1732 520,1732 545,1732 570,1732 595,1732 620,1733 645,1733 670,1733 695,1733"/>
                <TextEquiv>
                    <Unicode>que tengo que despachar</Unicode>
                </TextEquiv>
            </TextLine>
            <TextLine id="r_2_1l32" custom="readingOrder {index:31;}">
                <Coords points="200,1792 226,1792 253,1792 279,1792 306,1792 333,1792 359,1792 386,1792 413,1792 439,1792 466,1792 493,1792 519,1793 546,1793 573,1793 599,1793 626,1793 653,1794 679,1794 706,1794 733,1795 733,1761 706,1760 679,1760 653,1760 626,1759 599,1759 573,1759 546,1759 519,1759 493,1758 466,1758 439,1758 413,1758 386,1758 359,1758 333,1758 306,1758 279,1758 253,1758 226,1758 200,1758"/>
                <Baseline points="200,1781 226,1781 253,1781 279,1781 306,1781 333,1781 359,1781 386,1781 413,1781 439,1781 466,1781 493,1781 519,1782 546,1782 573,1782 599,1782 626,1782 653,1783 679,1783 706,1783 733,1784"/>
                <TextEquiv>
                    <Unicode>para mi tierra unas cartas.</Unicode>
                </TextEquiv>
            </TextLine>
            <TextLine id="r_2_1l33" custom="readingOrder {index:32;}">
                <Coords points="187,1840 213,1840 239,1840 265,1840 292,1841 318,1841 344,1841 371,1841 397,1841 423,1841 450,1841 476,1841 502,1841 529,1841 555,1841 581,1841 608,1841 608,1807 581,1807 555,1807 529,1807 502,1807 476,1807 450,1807 423,1807 397,1807 371,1807 344,1807 318,1807 292,1807 265,1806 239,1806 213,1806 187,1806"/>
                <Baseline points="187,1829 213,1829 239,1829 265,1829 292,1830 318,1830 344,1830 371,1830 397,1830 423,1830 450,1830 476,1830 502,1830 529,1830 555,1830 581,1830 608,1830"/>
                <TextEquiv>
                    <Unicode>Le dijo con disimulo</Unicode>
                </TextEquiv>
            </TextLine>
            <TextLine id="r_2_1l34" custom="readingOrder {index:33;}">
                <Coords points="193,1887 218,1888 244,1888 270,1888 295,1889 321,1889 347,1889 373,1889 398,1889 424,1889 450,1890 476,1890 501,1890 527,1890 553,1890 579,1890 604,1890 630,1890 656,1890 682,1890 682,1856 656,1856 630,1856 604,1856 579,1856 553,1856 527,1856 501,1856 476,1856 450,1856 424,1855 398,1855 373,1855 347,1855 321,1855 295,1855 270,1854 244,1854 218,1854 193,1853"/>
                <Baseline points="193,1876 218,1877 244,1877 270,1877 295,1878 321,1878 347,1878 373,1878 398,1878 424,1878 450,1879 476,1879 501,1879 527,1879 553,1879 579,1879 604,1879 630,1879 656,1879 682,1879"/>
                <TextEquiv>
                    <Unicode>un embozado á la dama:</Unicode>
                </TextEquiv>
            </TextLine>
            <TextLine id="r_2_1l35" custom="readingOrder {index:34;}">
                <Coords points="187,1935 213,1936 239,1937 265,1938 291,1938 317,1938 343,1939 369,1939 395,1939 421,1939 447,1939 473,1938 499,1938 525,1938 551,1938 577,1938 603,1938 629,1939 655,1940 682,1940 682,1906 655,1906 629,1905 603,1904 577,1904 551,1904 525,1904 499,1904 473,1904 447,1905 421,1905 395,1905 369,1905 343,1905 317,1904 291,1904 265,1904 239,1903 213,1902 187,1901"/>
                <Baseline points="187,1924 213,1925 239,1926 265,1927 291,1927 317,1927 343,1928 369,1928 395,1928 421,1928 447,1928 473,1927 499,1927 525,1927 551,1927 577,1927 603,1927 629,1928 655,1929 682,1929"/>
                <TextEquiv>
                    <Unicode>si ahora le parece tarde,</Unicode>
                </TextEquiv>
            </TextLine>
            <TextLine id="r_2_1l36" custom="readingOrder {index:35;}">
                <Coords points="184,1985 209,1986 235,1986 261,1986 286,1986 312,1987 338,1987 363,1987 389,1987 415,1987 440,1986 466,1986 492,1986 517,1986 543,1986 569,1986 594,1987 620,1987 646,1987 672,1988 672,1954 646,1953 620,1953 594,1953 569,1952 543,1952 517,1952 492,1952 466,1952 440,1952 415,1953 389,1953 363,1953 338,1953 312,1953 286,1952 261,1952 235,1952 209,1952 184,1951"/>
                <Baseline points="184,1974 209,1975 235,1975 261,1975 286,1975 312,1976 338,1976 363,1976 389,1976 415,1976 440,1975 466,1975 492,1975 517,1975 543,1975 569,1975 594,1976 620,1976 646,1976 672,1977"/>
                <TextEquiv>
                    <Unicode>mas tarde será mañana:</Unicode>
                </TextEquiv>
            </TextLine>
            <TextLine id="r_2_1l37" custom="readingOrder {index:36;}">
                <Coords points="191,2032 216,2033 241,2034 267,2034 292,2035 318,2035 343,2035 369,2035 394,2035 420,2035 445,2035 471,2035 496,2035 522,2035 547,2035 573,2035 598,2036 624,2036 649,2037 675,2038 675,2004 649,2003 624,2002 598,2002 573,2001 547,2001 522,2001 496,2001 471,2001 445,2001 420,2001 394,2001 369,2001 343,2001 318,2001 292,2001 267,2000 241,2000 216,1999 191,1998"/>
                <Baseline points="191,2021 216,2022 241,2023 267,2023 292,2024 318,2024 343,2024 369,2024 394,2024 420,2024 445,2024 471,2024 496,2024 522,2024 547,2024 573,2024 598,2025 624,2025 649,2026 675,2027"/>
                <TextEquiv>
                    <Unicode>y los otros dos le dicen:</Unicode>
                </TextEquiv>
            </TextLine>
            <TextLine id="r_2_1l38" custom="readingOrder {index:37;}">
                <Coords points="193,2083 219,2083 245,2083 271,2083 297,2083 324,2083 350,2083 376,2084 402,2084 428,2084 455,2084 481,2084 507,2084 533,2084 559,2084 586,2084 586,2050 559,2050 533,2050 507,2050 481,2050 455,2050 428,2050 402,2050 376,2050 350,2049 324,2049 297,2049 271,2049 245,2049 219,2049 193,2049"/>
                <Baseline points="193,2072 219,2072 245,2072 271,2072 297,2072 324,2072 350,2072 376,2073 402,2073 428,2073 455,2073 481,2073 507,2073 533,2073 559,2073 586,2073"/>
                <TextEquiv>
                    <Unicode>caballero si mi ama</Unicode>
                </TextEquiv>
            </TextLine>
            <TextLine id="r_2_1l39" custom="readingOrder {index:38;}">
                <Coords points="185,2130 214,2131 244,2132 274,2133 304,2133 333,2133 363,2133 393,2133 423,2133 452,2133 482,2133 512,2132 542,2132 571,2132 601,2132 631,2132 661,2132 690,2133 720,2133 750,2134 780,2135 780,2101 750,2100 720,2099 690,2099 661,2098 631,2098 601,2098 571,2098 542,2098 512,2098 482,2099 452,2099 423,2099 393,2099 363,2099 333,2099 304,2099 274,2099 244,2098 214,2097 185,2096"/>
                <Baseline points="185,2119 214,2120 244,2121 274,2122 304,2122 333,2122 363,2122 393,2122 423,2122 452,2122 482,2122 512,2121 542,2121 571,2121 601,2121 631,2121 661,2121 690,2122 720,2122 750,2123 780,2124"/>
                <TextEquiv>
                    <Unicode>gusta de que usted se quede</Unicode>
                </TextEquiv>
            </TextLine>
            <TextLine id="r_2_1l40" custom="readingOrder {index:39;}">
                <Coords points="184,2181 209,2181 234,2181 260,2181 285,2181 311,2181 336,2181 362,2181 387,2181 413,2181 438,2181 464,2181 489,2181 515,2181 540,2181 566,2182 591,2182 617,2183 642,2183 668,2184 668,2150 642,2149 617,2149 591,2148 566,2148 540,2147 515,2147 489,2147 464,2147 438,2147 413,2147 387,2147 362,2147 336,2147 311,2147 285,2147 260,2147 234,2147 209,2147 184,2147"/>
                <Baseline points="184,2170 209,2170 234,2170 260,2170 285,2170 311,2170 336,2170 362,2170 387,2170 413,2170 438,2170 464,2170 489,2170 515,2170 540,2170 566,2171 591,2171 617,2172 642,2172 668,2173"/>
                <TextEquiv>
                    <Unicode>á cenar en su compaña,</Unicode>
                </TextEquiv>
            </TextLine>
            <TextLine id="r_2_1l41" custom="readingOrder {index:40;}">
                <Coords points="184,2230 211,2230 238,2231 265,2231 292,2231 320,2231 347,2231 374,2230 401,2230 428,2230 456,2230 483,2230 510,2230 537,2230 564,2231 592,2231 619,2231 646,2232 673,2232 700,2233 728,2234 728,2200 700,2199 673,2198 646,2198 619,2197 592,2197 564,2197 537,2196 510,2196 483,2196 456,2196 428,2196 401,2196 374,2196 347,2197 320,2197 292,2197 265,2197 238,2197 211,2196 184,2196"/>
                <Baseline points="184,2219 211,2219 238,2220 265,2220 292,2220 320,2220 347,2220 374,2219 401,2219 428,2219 456,2219 483,2219 510,2219 537,2219 564,2220 592,2220 619,2220 646,2221 673,2221 700,2222 728,2223"/>
                <TextEquiv>
                    <Unicode>nada pierde usted en ello,</Unicode>
                </TextEquiv>
            </TextLine>
            <TextLine id="r_2_1l42" custom="readingOrder {index:41;}">
                <Coords points="181,2278 210,2278 239,2278 268,2278 297,2278 326,2278 355,2278 385,2278 414,2278 443,2279 472,2279 501,2280 530,2280 559,2280 589,2281 618,2281 647,2281 676,2281 705,2281 734,2281 764,2280 764,2246 734,2247 705,2247 676,2247 647,2247 618,2247 589,2247 559,2246 530,2246 501,2246 472,2245 443,2245 414,2244 385,2244 355,2244 326,2244 297,2244 268,2244 239,2244 210,2244 181,2244"/>
                <Baseline points="181,2267 210,2267 239,2267 268,2267 297,2267 326,2267 355,2267 385,2267 414,2267 443,2268 472,2268 501,2269 530,2269 559,2269 589,2270 618,2270 647,2270 676,2270 705,2270 734,2270 764,2269"/>
                <TextEquiv>
                    <Unicode>no hay que replícar palabra,</Unicode>
                </TextEquiv>
            </TextLine>
            <TextLine id="r_2_1l43" custom="readingOrder {index:42;}">
                <Coords points="193,2325 222,2326 251,2327 281,2327 310,2328 340,2328 369,2329 399,2329 428,2329 458,2329 487,2329 516,2329 546,2329 575,2329 605,2329 634,2329 664,2329 693,2329 723,2329 752,2330 782,2330 782,2296 752,2296 723,2295 693,2295 664,2295 634,2295 605,2295 575,2295 546,2295 516,2295 487,2295 458,2295 428,2295 399,2295 369,2295 340,2294 310,2294 281,2293 251,2293 222,2292 193,2291"/>
                <Baseline points="193,2314 222,2315 251,2316 281,2316 310,2317 340,2317 369,2318 399,2318 428,2318 458,2318 487,2318 516,2318 546,2318 575,2318 605,2318 634,2318 664,2318 693,2318 723,2318 752,2319 782,2319"/>
                <TextEquiv>
                    <Unicode>que aquí se otorga por fuerza</Unicode>
                </TextEquiv>
            </TextLine>
            <TextLine id="r_2_1l44" custom="readingOrder {index:43;}">
                <Coords points="193,2378 220,2378 248,2378 276,2379 304,2379 331,2380 359,2380 387,2380 415,2380 442,2381 470,2381 498,2381 526,2381 553,2381 581,2381 609,2381 637,2381 664,2381 692,2381 720,2380 748,2380 748,2346 720,2346 692,2347 664,2347 637,2347 609,2347 581,2347 553,2347 526,2347 498,2347 470,2347 442,2347 415,2346 387,2346 359,2346 331,2346 304,2345 276,2345 248,2344 220,2344 193,2344"/>
                <Baseline points="193,2367 220,2367 248,2367 276,2368 304,2368 331,2369 359,2369 387,2369 415,2369 442,2370 470,2370 498,2370 526,2370 553,2370 581,2370 609,2370 637,2370 664,2370 692,2370 720,2369 748,2369"/>
                <TextEquiv>
                    <Unicode>lo que no se hace por gana.</Unicode>
                </TextEquiv>
            </TextLine>
            <TextEquiv>
                <Unicode>Alargó el reloj, diciendo:
reloj, persona y espada,
está aquí á vuestro servicio;
y sin replicar en nada
se quedó con el reloj,
y dándoselo á la dama,
dice: recibe, Señora,
aquesta pequeña alhaja
de un criado de los tuyos.
Llegó otro diciendo: saca
caballero, si traeis
de tabaco alguna caja
y tomarémos un polvo.
Sacó una caja de plata,
tomaron todos tabaco:
pero al fin de la jornada
hicieron la misma accion,
pues luego pasó la caja
á acompañar al reloj
á las manos de la dama.
Viéndose el buen caballeró
en confusion tan estraña,
con el corazon pedía
á la Virgen Soberana
del Cármen que lo librase
de aquella infame canalla.
Y les dice: amigos mios,
mucho estimára en el alma,
que ustedes me den licencia,
que es tarde, y hago gran falta,
que tengo que despachar
para mi tierra unas cartas.
Le dijo con disimulo
un embozado á la dama:
si ahora le parece tarde,
mas tarde será mañana:
y los otros dos le dicen:
caballero si mi ama
gusta de que usted se quede
á cenar en su compaña,
nada pierde usted en ello,
no hay que replícar palabra,
que aquí se otorga por fuerza
lo que no se hace por gana.</Unicode>
            </TextEquiv>
        </TextRegion>
        <TextRegion orientation="0.0" type="paragraph" id="r_3_1" custom="readingOrder {index:2;}">
            <Coords points="896,228 1558,228 1558,2392 896,2392"/>
            <TextLine id="r_3_1l1" custom="readingOrder {index:0;}">
                <Coords points="913,284 940,285 968,286 996,286 1024,287 1051,287 1079,287 1107,287 1135,286 1162,286 1190,286 1218,286 1246,285 1273,285 1301,285 1329,284 1357,284 1384,284 1412,285 1440,285 1468,285 1468,251 1440,251 1412,251 1384,250 1357,250 1329,250 1301,251 1273,251 1246,251 1218,252 1190,252 1162,252 1135,252 1107,253 1079,253 1051,253 1024,253 996,252 968,252 940,251 913,250"/>
                <Baseline points="913,273 940,274 968,275 996,275 1024,276 1051,276 1079,276 1107,276 1135,275 1162,275 1190,275 1218,275 1246,274 1273,274 1301,274 1329,273 1357,273 1384,273 1412,274 1440,274 1468,274"/>
                <TextEquiv>
                    <Unicode>Viendo aquesto el caballero</Unicode>
                </TextEquiv>
            </TextLine>
            <TextLine id="r_3_1l2" custom="readingOrder {index:1;}">
                <Coords points="911,334 936,335 962,335 988,335 1014,335 1040,335 1066,335 1092,335 1118,335 1144,335 1170,335 1195,335 1221,334 1247,334 1273,334 1299,334 1325,333 1351,333 1377,333 1403,332 1429,332 1429,298 1403,298 1377,299 1351,299 1325,299 1299,300 1273,300 1247,300 1221,300 1195,301 1170,301 1144,301 1118,301 1092,301 1066,301 1040,301 1014,301 988,301 962,301 936,301 911,300"/>
                <Baseline points="911,323 936,324 962,324 988,324 1014,324 1040,324 1066,324 1092,324 1118,324 1144,324 1170,324 1195,324 1221,323 1247,323 1273,323 1299,323 1325,322 1351,322 1377,322 1403,321 1429,321"/>
                <TextEquiv>
                    <Unicode>de esta manera les habla:</Unicode>
                </TextEquiv>
            </TextLine>
            <TextLine id="r_3_1l3" custom="readingOrder {index:2;}">
                <Coords points="920,384 947,385 974,385 1001,385 1028,384 1055,384 1082,384 1109,384 1136,384 1163,384 1191,383 1218,383 1245,383 1272,383 1299,383 1326,383 1353,383 1380,383 1407,383 1434,384 1462,384 1462,350 1434,350 1407,349 1380,349 1353,349 1326,349 1299,349 1272,349 1245,349 1218,349 1191,349 1163,350 1136,350 1109,350 1082,350 1055,350 1028,350 1001,351 974,351 947,351 920,350"/>
                <Baseline points="920,373 947,374 974,374 1001,374 1028,373 1055,373 1082,373 1109,373 1136,373 1163,373 1191,372 1218,372 1245,372 1272,372 1299,372 1326,372 1353,372 1380,372 1407,372 1434,373 1462,373"/>
                <TextEquiv>
                    <Unicode>pues ya que quedo, Señora,</Unicode>
                </TextEquiv>
            </TextLine>
            <TextLine id="r_3_1l4" custom="readingOrder {index:3;}">
                <Coords points="919,431 944,432 970,433 996,433 1022,433 1048,433 1074,433 1099,433 1125,433 1151,433 1177,432 1203,432 1229,432 1254,432 1280,432 1306,432 1332,432 1358,433 1384,433 1384,400 1358,400 1332,399 1306,399 1280,399 1254,399 1229,399 1203,399 1177,399 1151,400 1125,400 1099,400 1074,400 1048,400 1022,400 996,400 970,400 944,399 919,398"/>
                <Baseline points="919,420 944,421 970,422 996,422 1022,422 1048,422 1074,422 1099,422 1125,422 1151,422 1177,421 1203,421 1229,421 1254,421 1280,421 1306,421 1332,421 1358,422 1384,422"/>
                <TextEquiv>
                    <Unicode>á cenar en su compaña,</Unicode>
                </TextEquiv>
            </TextLine>
            <TextLine id="r_3_1l5" custom="readingOrder {index:4;}">
                <Coords points="919,481 948,481 978,481 1008,481 1038,481 1068,481 1098,481 1127,481 1157,480 1187,480 1217,480 1247,479 1277,479 1307,479 1336,479 1366,478 1396,478 1426,478 1456,478 1486,479 1516,479 1516,446 1486,446 1456,445 1426,445 1396,445 1366,445 1336,446 1307,446 1277,446 1247,446 1217,447 1187,447 1157,447 1127,448 1098,448 1068,448 1038,448 1008,448 978,448 948,448 919,448"/>
                <Baseline points="919,470 948,470 978,470 1008,470 1038,470 1068,470 1098,470 1127,470 1157,469 1187,469 1217,469 1247,468 1277,468 1307,468 1336,468 1366,467 1396,467 1426,467 1456,467 1486,468 1516,468"/>
                <TextEquiv>
                    <Unicode>un gusto me habeis de hacer,</Unicode>
                </TextEquiv>
            </TextLine>
            <TextLine id="r_3_1l6" custom="readingOrder {index:5;}">
                <Coords points="913,529 939,529 966,530 993,530 1019,530 1046,530 1073,530 1099,530 1126,530 1153,530 1180,530 1206,530 1233,530 1260,530 1286,529 1313,529 1340,529 1366,528 1393,528 1420,527 1447,526 1447,492 1420,493 1393,494 1366,494 1340,495 1313,495 1286,495 1260,496 1233,496 1206,496 1180,496 1153,496 1126,496 1099,496 1073,496 1046,496 1019,496 993,496 966,496 939,495 913,495"/>
                <Baseline points="913,518 939,518 966,519 993,519 1019,519 1046,519 1073,519 1099,519 1126,519 1153,519 1180,519 1206,519 1233,519 1260,519 1286,518 1313,518 1340,518 1366,517 1393,517 1420,516 1447,515"/>
                <TextEquiv>
                    <Unicode>y es, que tengo en mi casa</Unicode>
                </TextEquiv>
            </TextLine>
            <TextLine id="r_3_1l7" custom="readingOrder {index:6;}">
                <Coords points="915,578 944,578 974,578 1004,578 1034,578 1064,578 1093,578 1123,578 1153,578 1183,578 1213,578 1242,578 1272,578 1302,578 1332,578 1362,578 1391,577 1421,577 1451,577 1481,576 1511,576 1511,542 1481,542 1451,543 1421,543 1391,543 1362,544 1332,544 1302,544 1272,544 1242,544 1213,544 1183,544 1153,544 1123,544 1093,544 1064,544 1034,544 1004,544 974,544 944,544 915,544"/>
                <Baseline points="915,567 944,567 974,567 1004,567 1034,567 1064,567 1093,567 1123,567 1153,567 1183,567 1213,567 1242,567 1272,567 1302,567 1332,567 1362,567 1391,566 1421,566 1451,566 1481,565 1511,565"/>
                <TextEquiv>
                    <Unicode>un buen vino de un presente,</Unicode>
                </TextEquiv>
            </TextLine>
            <TextLine id="r_3_1l8" custom="readingOrder {index:7;}">
                <Coords points="920,627 945,627 971,627 997,627 1022,627 1048,627 1074,627 1099,627 1125,627 1151,627 1176,627 1202,627 1228,627 1253,627 1279,626 1305,626 1330,626 1356,626 1382,626 1408,626 1408,592 1382,592 1356,592 1330,592 1305,592 1279,592 1253,593 1228,593 1202,593 1176,593 1151,593 1125,593 1099,593 1074,593 1048,593 1022,593 997,593 971,593 945,593 920,593"/>
                <Baseline points="920,616 945,616 971,616 997,616 1022,616 1048,616 1074,616 1099,616 1125,616 1151,616 1176,616 1202,616 1228,616 1253,616 1279,615 1305,615 1330,615 1356,615 1382,615 1408,615"/>
                <TextEquiv>
                    <Unicode>que recibí esta mañana,</Unicode>
                </TextEquiv>
            </TextLine>
            <TextLine id="r_3_1l9" custom="readingOrder {index:8;}">
                <Coords points="914,674 941,674 969,675 996,675 1024,675 1051,675 1079,675 1106,675 1134,675 1161,675 1189,674 1216,674 1244,674 1271,674 1299,674 1326,675 1354,675 1381,675 1409,676 1436,677 1464,678 1464,644 1436,643 1409,642 1381,641 1354,641 1326,641 1299,640 1271,640 1244,640 1216,640 1189,640 1161,641 1134,641 1106,641 1079,641 1051,641 1024,641 996,641 969,641 941,640 914,640"/>
                <Baseline points="914,663 941,663 969,664 996,664 1024,664 1051,664 1079,664 1106,664 1134,664 1161,664 1189,663 1216,663 1244,663 1271,663 1299,663 1326,664 1354,664 1381,664 1409,665 1436,666 1464,667"/>
                <TextEquiv>
                    <Unicode>mejor que este que teneis,</Unicode>
                </TextEquiv>
            </TextLine>
            <TextLine id="r_3_1l10" custom="readingOrder {index:9;}">
                <Coords points="919,722 946,723 974,723 1001,724 1029,724 1057,724 1084,724 1112,724 1140,723 1167,723 1195,723 1223,722 1250,722 1278,722 1306,722 1333,722 1361,722 1389,723 1416,723 1444,724 1472,726 1472,692 1444,690 1416,689 1389,689 1361,688 1333,688 1306,688 1278,688 1250,688 1223,688 1195,689 1167,689 1140,689 1112,690 1084,690 1057,690 1029,690 1001,690 974,689 946,689 919,688"/>
                <Baseline points="919,711 946,712 974,712 1001,713 1029,713 1057,713 1084,713 1112,713 1140,712 1167,712 1195,712 1223,711 1250,711 1278,711 1306,711 1333,711 1361,711 1389,712 1416,712 1444,713 1472,715"/>
                <TextEquiv>
                    <Unicode>y es mi gusto que se traiga,</Unicode>
                </TextEquiv>
            </TextLine>
            <TextLine id="r_3_1l11" custom="readingOrder {index:10;}">
                <Coords points="913,771 938,771 963,771 988,772 1013,772 1038,772 1063,772 1088,772 1113,772 1138,772 1164,772 1189,772 1214,772 1239,772 1264,771 1289,771 1314,771 1339,771 1364,771 1390,771 1390,737 1364,737 1339,737 1314,737 1289,737 1264,737 1239,738 1214,738 1189,738 1164,738 1138,738 1113,738 1088,738 1063,738 1038,738 1013,738 988,738 963,737 938,737 913,737"/>
                <Baseline points="913,760 938,760 963,760 988,761 1013,761 1038,761 1063,761 1088,761 1113,761 1138,761 1164,761 1189,761 1214,761 1239,761 1264,760 1289,760 1314,760 1339,760 1364,760 1390,760"/>
                <TextEquiv>
                    <Unicode>y así si quereis, llamad</Unicode>
                </TextEquiv>
            </TextLine>
            <TextLine id="r_3_1l12" custom="readingOrder {index:11;}">
                <Coords points="911,819 936,819 962,820 988,820 1013,820 1039,821 1065,821 1091,821 1116,821 1142,820 1168,820 1194,820 1219,820 1245,820 1271,820 1297,821 1322,821 1348,821 1374,822 1400,823 1400,789 1374,788 1348,787 1322,787 1297,787 1271,786 1245,786 1219,786 1194,786 1168,786 1142,786 1116,787 1091,787 1065,787 1039,787 1013,786 988,786 962,786 936,785 911,785"/>
                <Baseline points="911,808 936,808 962,809 988,809 1013,809 1039,810 1065,810 1091,810 1116,810 1142,809 1168,809 1194,809 1219,809 1245,809 1271,809 1297,810 1322,810 1348,810 1374,811 1400,812"/>
                <TextEquiv>
                    <Unicode>á mi criado, y que vaya,</Unicode>
                </TextEquiv>
            </TextLine>
            <TextLine id="r_3_1l13" custom="readingOrder {index:12;}">
                <Coords points="913,867 939,868 965,869 991,870 1018,870 1044,870 1070,871 1096,871 1123,870 1149,870 1175,870 1201,870 1228,869 1254,869 1280,869 1306,869 1333,869 1359,869 1385,869 1412,870 1412,836 1385,835 1359,835 1333,835 1306,835 1280,835 1254,835 1228,835 1201,836 1175,836 1149,836 1123,836 1096,837 1070,837 1044,836 1018,836 991,836 965,835 939,834 913,833"/>
                <Baseline points="913,856 939,857 965,858 991,859 1018,859 1044,859 1070,860 1096,860 1123,859 1149,859 1175,859 1201,859 1228,858 1254,858 1280,858 1306,858 1333,858 1359,858 1385,858 1412,859"/>
                <TextEquiv>
                    <Unicode>porque una poca mistela</Unicode>
                </TextEquiv>
            </TextLine>
            <TextLine id="r_3_1l14" custom="readingOrder {index:13;}">
                <Coords points="921,917 947,918 973,918 999,918 1025,918 1051,918 1077,918 1104,918 1130,918 1156,918 1182,918 1208,918 1234,918 1261,918 1287,918 1313,918 1339,918 1365,919 1391,919 1418,920 1418,886 1391,885 1365,885 1339,884 1313,884 1287,884 1261,884 1234,884 1208,884 1182,884 1156,884 1130,884 1104,884 1077,884 1051,884 1025,884 999,884 973,884 947,884 921,883"/>
                <Baseline points="921,906 947,907 973,907 999,907 1025,907 1051,907 1077,907 1104,907 1130,907 1156,907 1182,907 1208,907 1234,907 1261,907 1287,907 1313,907 1339,907 1365,908 1391,908 1418,909"/>
                <TextEquiv>
                    <Unicode>juntamente con él traiga,</Unicode>
                </TextEquiv>
            </TextLine>
            <TextLine id="r_3_1l15" custom="readingOrder {index:14;}">
                <Coords points="916,966 941,966 966,967 991,967 1016,967 1041,967 1066,967 1091,967 1116,967 1141,967 1167,967 1192,967 1217,966 1242,966 1267,966 1292,966 1317,966 1342,966 1367,966 1392,967 1418,967 1418,933 1392,933 1367,932 1342,932 1317,932 1292,932 1267,932 1242,932 1217,932 1192,933 1167,933 1141,933 1116,933 1091,933 1066,933 1041,933 1016,933 991,933 966,933 941,932 916,932"/>
                <Baseline points="916,955 941,955 966,956 991,956 1016,956 1041,956 1066,956 1091,956 1116,956 1141,956 1167,956 1192,956 1217,955 1242,955 1267,955 1292,955 1317,955 1342,955 1367,955 1392,956 1418,956"/>
                <TextEquiv>
                    <Unicode>que para estas ocasiones</Unicode>
                </TextEquiv>
            </TextLine>
            <TextLine id="r_3_1l16" custom="readingOrder {index:15;}">
                <Coords points="923,1015 950,1014 977,1014 1005,1014 1032,1014 1060,1015 1087,1015 1114,1015 1142,1015 1169,1015 1197,1015 1224,1015 1251,1015 1279,1016 1306,1016 1334,1016 1361,1016 1388,1017 1416,1017 1443,1017 1471,1017 1471,983 1443,983 1416,983 1388,983 1361,982 1334,982 1306,982 1279,982 1251,981 1224,981 1197,981 1169,981 1142,981 1114,981 1087,981 1060,981 1032,980 1005,980 977,980 950,980 923,981"/>
                <Baseline points="923,1004 950,1003 977,1003 1005,1003 1032,1003 1060,1004 1087,1004 1114,1004 1142,1004 1169,1004 1197,1004 1224,1004 1251,1004 1279,1005 1306,1005 1334,1005 1361,1005 1388,1006 1416,1006 1443,1006 1471,1006"/>
                <TextEquiv>
                    <Unicode>tambien la tengo guardada:</Unicode>
                </TextEquiv>
            </TextLine>
            <TextLine id="r_3_1l17" custom="readingOrder {index:16;}">
                <Coords points="917,1063 942,1064 968,1064 994,1065 1020,1065 1046,1065 1072,1065 1097,1065 1123,1065 1149,1065 1175,1064 1201,1064 1227,1064 1252,1064 1278,1064 1304,1064 1330,1065 1356,1065 1382,1066 1382,1032 1356,1031 1330,1031 1304,1030 1278,1030 1252,1030 1227,1030 1201,1030 1175,1030 1149,1031 1123,1031 1097,1031 1072,1031 1046,1031 1020,1031 994,1031 968,1030 942,1030 917,1029"/>
                <Baseline points="917,1052 942,1053 968,1053 994,1054 1020,1054 1046,1054 1072,1054 1097,1054 1123,1054 1149,1054 1175,1053 1201,1053 1227,1053 1252,1053 1278,1053 1304,1053 1330,1054 1356,1054 1382,1055"/>
                <TextEquiv>
                    <Unicode>llamar arriba al criado,</Unicode>
                </TextEquiv>
            </TextLine>
            <TextLine id="r_3_1l18" custom="readingOrder {index:17;}">
                <Coords points="915,1111 941,1112 967,1113 994,1114 1020,1114 1046,1114 1073,1114 1099,1114 1125,1114 1152,1114 1178,1113 1204,1113 1231,1113 1257,1112 1283,1112 1310,1112 1336,1112 1362,1112 1389,1113 1389,1079 1362,1078 1336,1078 1310,1078 1283,1078 1257,1078 1231,1079 1204,1079 1178,1079 1152,1080 1125,1080 1099,1080 1073,1080 1046,1080 1020,1080 994,1080 967,1079 941,1078 915,1077"/>
                <Baseline points="915,1100 941,1101 967,1102 994,1103 1020,1103 1046,1103 1073,1103 1099,1103 1125,1103 1152,1103 1178,1102 1204,1102 1231,1102 1257,1101 1283,1101 1310,1101 1336,1101 1362,1101 1389,1102"/>
                <TextEquiv>
                    <Unicode>por escusar que bajara</Unicode>
                </TextEquiv>
            </TextLine>
            <TextLine id="r_3_1l19" custom="readingOrder {index:18;}">
                <Coords points="922,1160 948,1161 974,1161 1000,1162 1026,1162 1053,1162 1079,1162 1105,1162 1131,1162 1157,1162 1184,1162 1210,1162 1236,1162 1262,1162 1288,1161 1315,1161 1341,1162 1367,1162 1393,1162 1420,1162 1420,1128 1393,1128 1367,1128 1341,1128 1315,1127 1288,1127 1262,1128 1236,1128 1210,1128 1184,1128 1157,1128 1131,1128 1105,1128 1079,1128 1053,1128 1026,1128 1000,1128 974,1127 948,1127 922,1126"/>
                <Baseline points="922,1149 948,1150 974,1150 1000,1151 1026,1151 1053,1151 1079,1151 1105,1151 1131,1151 1157,1151 1184,1151 1210,1151 1236,1151 1262,1151 1288,1150 1315,1150 1341,1151 1367,1151 1393,1151 1420,1151"/>
                <TextEquiv>
                    <Unicode>el amo, y le diera cuenta</Unicode>
                </TextEquiv>
            </TextLine>
            <TextLine id="r_3_1l20" custom="readingOrder {index:19;}">
                <Coords points="917,1209 942,1209 967,1210 993,1210 1018,1210 1043,1210 1069,1210 1094,1210 1119,1210 1145,1210 1170,1210 1196,1210 1221,1210 1246,1210 1272,1210 1297,1210 1322,1210 1348,1210 1373,1211 1399,1211 1399,1177 1373,1177 1348,1176 1322,1176 1297,1176 1272,1176 1246,1176 1221,1176 1196,1176 1170,1176 1145,1176 1119,1176 1094,1176 1069,1176 1043,1176 1018,1176 993,1176 967,1176 942,1175 917,1175"/>
                <Baseline points="917,1198 942,1198 967,1199 993,1199 1018,1199 1043,1199 1069,1199 1094,1199 1119,1199 1145,1199 1170,1199 1196,1199 1221,1199 1246,1199 1272,1199 1297,1199 1322,1199 1348,1199 1373,1200 1399,1200"/>
                <TextEquiv>
                    <Unicode>de lo que allí le pasaba.</Unicode>
                </TextEquiv>
            </TextLine>
            <TextLine id="r_3_1l21" custom="readingOrder {index:20;}">
                <Coords points="922,1259 947,1259 972,1258 997,1258 1023,1258 1048,1258 1073,1258 1098,1258 1124,1258 1149,1259 1174,1259 1199,1259 1225,1259 1250,1259 1275,1259 1300,1259 1326,1259 1351,1259 1376,1259 1401,1259 1427,1258 1427,1224 1401,1225 1376,1225 1351,1225 1326,1225 1300,1225 1275,1225 1250,1225 1225,1225 1199,1225 1174,1225 1149,1225 1124,1224 1098,1224 1073,1224 1048,1224 1023,1224 997,1224 972,1224 947,1225 922,1225"/>
                <Baseline points="922,1248 947,1248 972,1247 997,1247 1023,1247 1048,1247 1073,1247 1098,1247 1124,1247 1149,1248 1174,1248 1199,1248 1225,1248 1250,1248 1275,1248 1300,1248 1326,1248 1351,1248 1376,1248 1401,1248 1427,1247"/>
                <TextEquiv>
                    <Unicode>Le dice el amo al criado:</Unicode>
                </TextEquiv>
            </TextLine>
            <TextLine id="r_3_1l22" custom="readingOrder {index:21;}">
                <Coords points="912,1306 937,1307 963,1307 988,1307 1014,1308 1039,1308 1065,1308 1090,1307 1116,1307 1142,1307 1167,1307 1193,1307 1218,1307 1244,1307 1269,1307 1295,1307 1320,1308 1346,1309 1372,1309 1372,1275 1346,1275 1320,1274 1295,1273 1269,1273 1244,1273 1218,1273 1193,1273 1167,1273 1142,1273 1116,1273 1090,1273 1065,1274 1039,1274 1014,1274 988,1273 963,1273 937,1273 912,1272"/>
                <Baseline points="912,1295 937,1296 963,1296 988,1296 1014,1297 1039,1297 1065,1297 1090,1296 1116,1296 1142,1296 1167,1296 1193,1296 1218,1296 1244,1296 1269,1296 1295,1296 1320,1297 1346,1298 1372,1298"/>
                <TextEquiv>
                    <Unicode>anda, vé ligero á casa,</Unicode>
                </TextEquiv>
            </TextLine>
            <TextLine id="r_3_1l23" custom="readingOrder {index:22;}">
                <Coords points="917,1354 943,1355 969,1355 995,1355 1021,1355 1047,1356 1074,1356 1100,1356 1126,1356 1152,1356 1178,1356 1204,1356 1231,1356 1257,1356 1283,1356 1309,1356 1335,1356 1361,1356 1388,1356 1388,1322 1361,1322 1335,1322 1309,1322 1283,1322 1257,1322 1231,1322 1204,1322 1178,1322 1152,1322 1126,1322 1100,1322 1074,1322 1047,1322 1021,1321 995,1321 969,1321 943,1321 917,1320"/>
                <Baseline points="917,1343 943,1344 969,1344 995,1344 1021,1344 1047,1345 1074,1345 1100,1345 1126,1345 1152,1345 1178,1345 1204,1345 1231,1345 1257,1345 1283,1345 1309,1345 1335,1345 1361,1345 1388,1345"/>
                <TextEquiv>
                    <Unicode>y en la papelera grande</Unicode>
                </TextEquiv>
            </TextLine>
            <TextLine id="r_3_1l24" custom="readingOrder {index:23;}">
                <Coords points="924,1404 950,1404 976,1404 1002,1404 1028,1404 1054,1404 1080,1404 1106,1404 1132,1404 1159,1404 1185,1404 1211,1404 1237,1404 1263,1404 1289,1404 1315,1404 1341,1404 1367,1405 1394,1405 1394,1371 1367,1371 1341,1370 1315,1370 1289,1370 1263,1370 1237,1370 1211,1370 1185,1370 1159,1370 1132,1370 1106,1370 1080,1370 1054,1370 1028,1370 1002,1370 976,1370 950,1370 924,1370"/>
                <Baseline points="924,1393 950,1393 976,1393 1002,1393 1028,1393 1054,1393 1080,1393 1106,1393 1132,1393 1159,1393 1185,1393 1211,1393 1237,1393 1263,1393 1289,1393 1315,1393 1341,1393 1367,1394 1394,1394"/>
                <TextEquiv>
                    <Unicode>allí encontrarás tapadas</Unicode>
                </TextEquiv>
            </TextLine>
            <TextLine id="r_3_1l25" custom="readingOrder {index:24;}">
                <Coords points="924,1452 949,1452 974,1452 1000,1453 1025,1453 1050,1453 1076,1452 1101,1452 1126,1452 1152,1452 1177,1452 1203,1452 1228,1452 1253,1452 1279,1452 1304,1453 1329,1453 1355,1454 1380,1455 1406,1457 1406,1423 1380,1421 1355,1420 1329,1419 1304,1419 1279,1418 1253,1418 1228,1418 1203,1418 1177,1418 1152,1418 1126,1418 1101,1418 1076,1418 1050,1419 1025,1419 1000,1419 974,1418 949,1418 924,1418"/>
                <Baseline points="924,1441 949,1441 974,1441 1000,1442 1025,1442 1050,1442 1076,1441 1101,1441 1126,1441 1152,1441 1177,1441 1203,1441 1228,1441 1253,1441 1279,1441 1304,1442 1329,1442 1355,1443 1380,1444 1406,1446"/>
                <TextEquiv>
                    <Unicode>dos redomas de mistela;</Unicode>
                </TextEquiv>
            </TextLine>
            <TextLine id="r_3_1l26" custom="readingOrder {index:25;}">
                <Coords points="923,1499 948,1499 973,1500 998,1501 1023,1501 1048,1501 1073,1502 1098,1502 1123,1502 1149,1501 1174,1501 1199,1501 1224,1501 1249,1501 1274,1501 1299,1501 1324,1501 1349,1501 1375,1502 1375,1468 1349,1467 1324,1467 1299,1467 1274,1467 1249,1467 1224,1467 1199,1467 1174,1467 1149,1467 1123,1468 1098,1468 1073,1468 1048,1467 1023,1467 998,1467 973,1466 948,1465 923,1465"/>
                <Baseline points="923,1488 948,1488 973,1489 998,1490 1023,1490 1048,1490 1073,1491 1098,1491 1123,1491 1149,1490 1174,1490 1199,1490 1224,1490 1249,1490 1274,1490 1299,1490 1324,1490 1349,1490 1375,1491"/>
                <TextEquiv>
                    <Unicode>y mas abajo en el arca</Unicode>
                </TextEquiv>
            </TextLine>
            <TextLine id="r_3_1l27" custom="readingOrder {index:26;}">
                <Coords points="924,1549 951,1550 979,1550 1007,1550 1034,1550 1062,1550 1090,1550 1117,1549 1145,1549 1173,1549 1201,1549 1228,1548 1256,1548 1284,1548 1311,1549 1339,1549 1367,1550 1394,1551 1422,1552 1450,1553 1478,1556 1478,1522 1450,1519 1422,1518 1394,1517 1367,1516 1339,1515 1311,1515 1284,1514 1256,1514 1228,1514 1201,1515 1173,1515 1145,1515 1117,1515 1090,1516 1062,1516 1034,1516 1007,1516 979,1516 951,1516 924,1515"/>
                <Baseline points="924,1538 951,1539 979,1539 1007,1539 1034,1539 1062,1539 1090,1539 1117,1538 1145,1538 1173,1538 1201,1538 1228,1537 1256,1537 1284,1537 1311,1538 1339,1538 1367,1539 1394,1540 1422,1541 1450,1542 1478,1545"/>
                <TextEquiv>
                    <Unicode>cuatro encontrarás de vino,</Unicode>
                </TextEquiv>
            </TextLine>
            <TextLine id="r_3_1l28" custom="readingOrder {index:27;}">
                <Coords points="919,1597 944,1598 970,1598 996,1599 1022,1599 1048,1599 1074,1599 1099,1599 1125,1598 1151,1598 1177,1598 1203,1598 1229,1598 1255,1598 1280,1598 1306,1598 1332,1599 1358,1599 1384,1600 1410,1602 1436,1603 1436,1569 1410,1568 1384,1566 1358,1565 1332,1565 1306,1564 1280,1564 1255,1564 1229,1564 1203,1564 1177,1564 1151,1564 1125,1564 1099,1565 1074,1565 1048,1565 1022,1565 996,1565 970,1564 944,1564 919,1563"/>
                <Baseline points="919,1586 944,1587 970,1587 996,1588 1022,1588 1048,1588 1074,1588 1099,1588 1125,1587 1151,1587 1177,1587 1203,1587 1229,1587 1255,1587 1280,1587 1306,1587 1332,1588 1358,1588 1384,1589 1410,1591 1436,1592"/>
                <TextEquiv>
                    <Unicode>toma las llaves y marcha;</Unicode>
                </TextEquiv>
            </TextLine>
            <TextLine id="r_3_1l29" custom="readingOrder {index:28;}">
                <Coords points="924,1646 950,1647 976,1647 1003,1647 1029,1647 1055,1647 1082,1647 1108,1647 1135,1647 1161,1646 1187,1646 1214,1646 1240,1646 1266,1646 1293,1647 1319,1647 1346,1648 1346,1614 1319,1613 1293,1613 1266,1612 1240,1612 1214,1612 1187,1612 1161,1612 1135,1613 1108,1613 1082,1613 1055,1613 1029,1613 1003,1613 976,1613 950,1613 924,1612"/>
                <Baseline points="924,1635 950,1636 976,1636 1003,1636 1029,1636 1055,1636 1082,1636 1108,1636 1135,1636 1161,1635 1187,1635 1214,1635 1240,1635 1266,1635 1293,1636 1319,1636 1346,1637"/>
                <TextEquiv>
                    <Unicode>traelas, y ven ligero,</Unicode>
                </TextEquiv>
            </TextLine>
            <TextLine id="r_3_1l30" custom="readingOrder {index:29;}">
                <Coords points="919,1694 945,1695 971,1696 997,1696 1023,1697 1049,1697 1075,1697 1101,1697 1127,1697 1153,1697 1180,1696 1206,1696 1232,1696 1258,1696 1284,1696 1310,1696 1336,1696 1362,1696 1388,1696 1415,1697 1415,1663 1388,1662 1362,1662 1336,1662 1310,1662 1284,1662 1258,1662 1232,1662 1206,1662 1180,1662 1153,1663 1127,1663 1101,1663 1075,1663 1049,1663 1023,1663 997,1662 971,1662 945,1661 919,1660"/>
                <Baseline points="919,1683 945,1684 971,1685 997,1685 1023,1686 1049,1686 1075,1686 1101,1686 1127,1686 1153,1686 1180,1685 1206,1685 1232,1685 1258,1685 1284,1685 1310,1685 1336,1685 1362,1685 1388,1685 1415,1686"/>
                <TextEquiv>
                    <Unicode>que la cena nos aguarda.</Unicode>
                </TextEquiv>
            </TextLine>
            <TextLine id="r_3_1l31" custom="readingOrder {index:30;}">
                <Coords points="919,1745 946,1745 974,1744 1001,1744 1029,1744 1056,1744 1084,1744 1111,1744 1139,1745 1166,1745 1194,1745 1222,1745 1249,1745 1277,1745 1304,1745 1332,1745 1359,1745 1387,1745 1414,1745 1442,1745 1470,1746 1470,1712 1442,1711 1414,1711 1387,1711 1359,1711 1332,1711 1304,1711 1277,1711 1249,1711 1222,1711 1194,1711 1166,1711 1139,1711 1111,1710 1084,1710 1056,1710 1029,1710 1001,1710 974,1710 946,1711 919,1711"/>
                <Baseline points="919,1734 946,1734 974,1733 1001,1733 1029,1733 1056,1733 1084,1733 1111,1733 1139,1734 1166,1734 1194,1734 1222,1734 1249,1734 1277,1734 1304,1734 1332,1734 1359,1734 1387,1734 1414,1734 1442,1734 1470,1735"/>
                <TextEquiv>
                    <Unicode>Al tiempo de dar las llaves,</Unicode>
                </TextEquiv>
            </TextLine>
            <TextLine id="r_3_1l32" custom="readingOrder {index:31;}">
                <Coords points="920,1792 946,1793 972,1794 998,1794 1024,1794 1051,1794 1077,1794 1103,1794 1129,1794 1156,1794 1182,1794 1208,1794 1234,1794 1260,1793 1287,1793 1313,1793 1339,1794 1365,1794 1392,1794 1392,1760 1365,1760 1339,1760 1313,1759 1287,1759 1260,1759 1234,1760 1208,1760 1182,1760 1156,1760 1129,1760 1103,1760 1077,1760 1051,1760 1024,1760 998,1760 972,1760 946,1759 920,1758"/>
                <Baseline points="920,1781 946,1782 972,1783 998,1783 1024,1783 1051,1783 1077,1783 1103,1783 1129,1783 1156,1783 1182,1783 1208,1783 1234,1783 1260,1782 1287,1782 1313,1782 1339,1783 1365,1783 1392,1783"/>
                <TextEquiv>
                    <Unicode>sin que nadie lo notara</Unicode>
                </TextEquiv>
            </TextLine>
            <TextLine id="r_3_1l33" custom="readingOrder {index:32;}">
                <Coords points="912,1842 937,1842 963,1842 988,1842 1014,1842 1039,1842 1065,1842 1090,1842 1116,1842 1141,1842 1167,1842 1192,1842 1218,1842 1243,1843 1269,1843 1294,1843 1320,1842 1345,1842 1371,1842 1396,1842 1422,1842 1422,1808 1396,1808 1371,1808 1345,1808 1320,1808 1294,1809 1269,1809 1243,1809 1218,1808 1192,1808 1167,1808 1141,1808 1116,1808 1090,1808 1065,1808 1039,1808 1014,1808 988,1808 963,1808 937,1808 912,1808"/>
                <Baseline points="912,1831 937,1831 963,1831 988,1831 1014,1831 1039,1831 1065,1831 1090,1831 1116,1831 1141,1831 1167,1831 1192,1831 1218,1831 1243,1832 1269,1832 1294,1832 1320,1831 1345,1831 1371,1831 1396,1831 1422,1831"/>
                <TextEquiv>
                    <Unicode>le apretó el amo la mano</Unicode>
                </TextEquiv>
            </TextLine>
            <TextLine id="r_3_1l34" custom="readingOrder {index:33;}">
                <Coords points="914,1890 940,1891 966,1891 993,1891 1019,1891 1046,1891 1072,1891 1098,1891 1125,1891 1151,1891 1178,1891 1204,1891 1230,1891 1257,1891 1283,1891 1310,1891 1336,1891 1362,1891 1389,1892 1415,1892 1442,1892 1442,1858 1415,1858 1389,1858 1362,1857 1336,1857 1310,1857 1283,1857 1257,1857 1230,1857 1204,1857 1178,1857 1151,1857 1125,1857 1098,1857 1072,1857 1046,1857 1019,1857 993,1857 966,1857 940,1857 914,1856"/>
                <Baseline points="914,1879 940,1880 966,1880 993,1880 1019,1880 1046,1880 1072,1880 1098,1880 1125,1880 1151,1880 1178,1880 1204,1880 1230,1880 1257,1880 1283,1880 1310,1880 1336,1880 1362,1880 1389,1881 1415,1881 1442,1881"/>
                <TextEquiv>
                    <Unicode>con una fuerza estremada.</Unicode>
                </TextEquiv>
            </TextLine>
            <TextLine id="r_3_1l35" custom="readingOrder {index:34;}">
                <Coords points="911,1937 936,1938 962,1938 987,1938 1013,1938 1038,1939 1064,1939 1089,1939 1115,1939 1140,1939 1166,1939 1192,1939 1217,1939 1243,1939 1268,1939 1294,1939 1319,1939 1345,1939 1370,1939 1396,1939 1422,1939 1422,1905 1396,1905 1370,1905 1345,1905 1319,1905 1294,1905 1268,1905 1243,1905 1217,1905 1192,1905 1166,1905 1140,1905 1115,1905 1089,1905 1064,1905 1038,1905 1013,1904 987,1904 962,1904 936,1904 911,1903"/>
                <Baseline points="911,1926 936,1927 962,1927 987,1927 1013,1927 1038,1928 1064,1928 1089,1928 1115,1928 1140,1928 1166,1928 1192,1928 1217,1928 1243,1928 1268,1928 1294,1928 1319,1928 1345,1928 1370,1928 1396,1928 1422,1928"/>
                <TextEquiv>
                    <Unicode>Novedad le hizo al criádo</Unicode>
                </TextEquiv>
            </TextLine>
            <TextLine id="r_3_1l36" custom="readingOrder {index:35;}">
                <Coords points="921,1985 950,1986 979,1986 1008,1987 1037,1988 1066,1988 1095,1988 1124,1988 1153,1989 1182,1989 1211,1989 1240,1989 1269,1989 1298,1989 1327,1989 1356,1989 1385,1989 1414,1989 1443,1989 1472,1989 1501,1989 1501,1955 1472,1955 1443,1955 1414,1955 1385,1955 1356,1955 1327,1955 1298,1955 1269,1955 1240,1955 1211,1955 1182,1955 1153,1955 1124,1954 1095,1954 1066,1954 1037,1954 1008,1953 979,1952 950,1952 921,1951"/>
                <Baseline points="921,1974 950,1975 979,1975 1008,1976 1037,1977 1066,1977 1095,1977 1124,1977 1153,1978 1182,1978 1211,1978 1240,1978 1269,1978 1298,1978 1327,1978 1356,1978 1385,1978 1414,1978 1443,1978 1472,1978 1501,1978"/>
                <TextEquiv>
                    <Unicode>ver esta accion nunca usada,</Unicode>
                </TextEquiv>
            </TextLine>
            <TextLine id="r_3_1l37" custom="readingOrder {index:36;}">
                <Coords points="919,2035 950,2035 982,2036 1014,2037 1046,2037 1078,2037 1110,2037 1141,2037 1173,2037 1205,2037 1237,2037 1269,2037 1301,2037 1333,2036 1364,2036 1396,2036 1428,2037 1460,2037 1492,2037 1524,2038 1556,2039 1556,2005 1524,2004 1492,2003 1460,2003 1428,2003 1396,2002 1364,2002 1333,2002 1301,2003 1269,2003 1237,2003 1205,2003 1173,2003 1141,2003 1110,2003 1078,2003 1046,2003 1014,2003 982,2002 950,2001 919,2001"/>
                <Baseline points="919,2024 950,2024 982,2025 1014,2026 1046,2026 1078,2026 1110,2026 1141,2026 1173,2026 1205,2026 1237,2026 1269,2026 1301,2026 1333,2025 1364,2025 1396,2025 1428,2026 1460,2026 1492,2026 1524,2027 1556,2028"/>
                <TextEquiv>
                    <Unicode>y tambien ver los tres hombres;</Unicode>
                </TextEquiv>
            </TextLine>
            <TextLine id="r_3_1l38" custom="readingOrder {index:37;}">
                <Coords points="924,2084 953,2084 982,2084 1011,2084 1040,2085 1069,2085 1098,2085 1127,2085 1156,2085 1185,2085 1215,2085 1244,2086 1273,2086 1302,2086 1331,2086 1360,2086 1389,2086 1418,2086 1447,2086 1476,2086 1506,2086 1506,2052 1476,2052 1447,2052 1418,2052 1389,2052 1360,2052 1331,2052 1302,2052 1273,2052 1244,2052 1215,2051 1185,2051 1156,2051 1127,2051 1098,2051 1069,2051 1040,2051 1011,2050 982,2050 953,2050 924,2050"/>
                <Baseline points="924,2073 953,2073 982,2073 1011,2073 1040,2074 1069,2074 1098,2074 1127,2074 1156,2074 1185,2074 1215,2074 1244,2075 1273,2075 1302,2075 1331,2075 1360,2075 1389,2075 1418,2075 1447,2075 1476,2075 1506,2075"/>
                <TextEquiv>
                    <Unicode>que embozados se paseaban.</Unicode>
                </TextEquiv>
            </TextLine>
            <TextLine id="r_3_1l39" custom="readingOrder {index:38;}">
                <Coords points="916,2134 941,2134 967,2134 993,2134 1018,2134 1044,2134 1070,2134 1095,2134 1121,2134 1147,2134 1172,2135 1198,2135 1224,2135 1249,2135 1275,2135 1301,2135 1326,2135 1352,2135 1378,2136 1404,2136 1404,2102 1378,2102 1352,2101 1326,2101 1301,2101 1275,2101 1249,2101 1224,2101 1198,2101 1172,2101 1147,2100 1121,2100 1095,2100 1070,2100 1044,2100 1018,2100 993,2100 967,2100 941,2100 916,2100"/>
                <Baseline points="916,2123 941,2123 967,2123 993,2123 1018,2123 1044,2123 1070,2123 1095,2123 1121,2123 1147,2123 1172,2124 1198,2124 1224,2124 1249,2124 1275,2124 1301,2124 1326,2124 1352,2124 1378,2125 1404,2125"/>
                <TextEquiv>
                    <Unicode>Se fuè á su casa ligero,</Unicode>
                </TextEquiv>
            </TextLine>
            <TextLine id="r_3_1l40" custom="readingOrder {index:39;}">
                <Coords points="919,2181 948,2181 978,2182 1007,2182 1037,2182 1067,2182 1096,2183 1126,2183 1156,2182 1185,2182 1215,2182 1245,2182 1274,2182 1304,2182 1334,2182 1363,2183 1393,2183 1423,2183 1452,2184 1482,2184 1512,2185 1512,2151 1482,2150 1452,2150 1423,2149 1393,2149 1363,2149 1334,2148 1304,2148 1274,2148 1245,2148 1215,2148 1185,2148 1156,2148 1126,2149 1096,2149 1067,2148 1037,2148 1007,2148 978,2148 948,2147 919,2147"/>
                <Baseline points="919,2170 948,2170 978,2171 1007,2171 1037,2171 1067,2171 1096,2172 1126,2172 1156,2171 1185,2171 1215,2171 1245,2171 1274,2171 1304,2171 1334,2171 1363,2172 1393,2172 1423,2172 1452,2173 1482,2173 1512,2174"/>
                <TextEquiv>
                    <Unicode>y abriendo al instante el arca</Unicode>
                </TextEquiv>
            </TextLine>
            <TextLine id="r_3_1l41" custom="readingOrder {index:40;}">
                <Coords points="923,2231 949,2232 975,2232 1001,2232 1028,2232 1054,2232 1080,2232 1106,2232 1133,2232 1159,2232 1185,2231 1211,2231 1238,2231 1264,2231 1290,2231 1316,2231 1343,2232 1369,2232 1395,2233 1422,2234 1422,2200 1395,2199 1369,2198 1343,2198 1316,2197 1290,2197 1264,2197 1238,2197 1211,2197 1185,2197 1159,2198 1133,2198 1106,2198 1080,2198 1054,2198 1028,2198 1001,2198 975,2198 949,2198 923,2197"/>
                <Baseline points="923,2220 949,2221 975,2221 1001,2221 1028,2221 1054,2221 1080,2221 1106,2221 1133,2221 1159,2221 1185,2220 1211,2220 1238,2220 1264,2220 1290,2220 1316,2220 1343,2221 1369,2221 1395,2222 1422,2223"/>
                <TextEquiv>
                    <Unicode>en busca de las redomas,</Unicode>
                </TextEquiv>
            </TextLine>
            <TextLine id="r_3_1l42" custom="readingOrder {index:41;}">
                <Coords points="920,2280 946,2280 972,2280 998,2280 1025,2280 1051,2280 1077,2280 1104,2280 1130,2280 1156,2280 1183,2280 1209,2280 1235,2280 1261,2280 1288,2280 1314,2280 1340,2280 1367,2280 1393,2280 1419,2280 1446,2280 1446,2247 1419,2247 1393,2247 1367,2247 1340,2247 1314,2247 1288,2247 1261,2247 1235,2247 1209,2247 1183,2247 1156,2247 1130,2247 1104,2247 1077,2247 1051,2247 1025,2247 998,2247 972,2247 946,2247 920,2247"/>
                <Baseline points="920,2269 946,2269 972,2269 998,2269 1025,2269 1051,2269 1077,2269 1104,2269 1130,2269 1156,2269 1183,2269 1209,2269 1235,2269 1261,2269 1288,2269 1314,2269 1340,2269 1367,2269 1393,2269 1419,2269 1446,2269"/>
                <TextEquiv>
                    <Unicode>halló que solo allí estaban</Unicode>
                </TextEquiv>
            </TextLine>
            <TextLine id="r_3_1l43" custom="readingOrder {index:42;}">
                <Coords points="916,2329 941,2329 966,2329 991,2329 1016,2329 1041,2329 1066,2329 1091,2329 1116,2329 1141,2329 1166,2329 1191,2329 1216,2329 1241,2329 1266,2330 1291,2330 1316,2330 1341,2331 1366,2331 1391,2331 1416,2332 1416,2298 1391,2297 1366,2297 1341,2297 1316,2296 1291,2296 1266,2296 1241,2295 1216,2295 1191,2295 1166,2295 1141,2295 1116,2295 1091,2295 1066,2295 1041,2295 1016,2295 991,2295 966,2295 941,2295 916,2295"/>
                <Baseline points="916,2318 941,2318 966,2318 991,2318 1016,2318 1041,2318 1066,2318 1091,2318 1116,2318 1141,2318 1166,2318 1191,2318 1216,2318 1241,2318 1266,2319 1291,2319 1316,2319 1341,2320 1366,2320 1391,2320 1416,2321"/>
                <TextEquiv>
                    <Unicode>cuatro fuertes carabinas,</Unicode>
                </TextEquiv>
            </TextLine>
            <TextLine id="r_3_1l44" custom="readingOrder {index:43;}">
                <Coords points="914,2384 939,2383 965,2382 991,2381 1017,2381 1043,2381 1069,2380 1095,2380 1121,2380 1147,2380 1172,2381 1198,2381 1224,2381 1250,2381 1276,2381 1302,2381 1328,2381 1354,2380 1380,2380 1380,2346 1354,2346 1328,2347 1302,2347 1276,2347 1250,2347 1224,2347 1198,2347 1172,2347 1147,2346 1121,2346 1095,2346 1069,2346 1043,2347 1017,2347 991,2347 965,2348 939,2349 914,2350"/>
                <Baseline points="914,2373 939,2372 965,2371 991,2370 1017,2370 1043,2370 1069,2369 1095,2369 1121,2369 1147,2369 1172,2370 1198,2370 1224,2370 1250,2370 1276,2370 1302,2370 1328,2370 1354,2369 1380,2369"/>
                <TextEquiv>
                    <Unicode>y á la papelera marcha.</Unicode>
                </TextEquiv>
            </TextLine>
            <TextEquiv>
                <Unicode>Viendo aquesto el caballero
de esta manera les habla:
pues ya que quedo, Señora,
á cenar en su compaña,
un gusto me habeis de hacer,
y es, que tengo en mi casa
un buen vino de un presente,
que recibí esta mañana,
mejor que este que teneis,
y es mi gusto que se traiga,
y así si quereis, llamad
á mi criado, y que vaya,
porque una poca mistela
juntamente con él traiga,
que para estas ocasiones
tambien la tengo guardada:
llamar arriba al criado,
por escusar que bajara
el amo, y le diera cuenta
de lo que allí le pasaba.
Le dice el amo al criado:
anda, vé ligero á casa,
y en la papelera grande
allí encontrarás tapadas
dos redomas de mistela;
y mas abajo en el arca
cuatro encontrarás de vino,
toma las llaves y marcha;
traelas, y ven ligero,
que la cena nos aguarda.
Al tiempo de dar las llaves,
sin que nadie lo notara
le apretó el amo la mano
con una fuerza estremada.
Novedad le hizo al criádo
ver esta accion nunca usada,
y tambien ver los tres hombres;
que embozados se paseaban.
Se fuè á su casa ligero,
y abriendo al instante el arca
en busca de las redomas,
halló que solo allí estaban
cuatro fuertes carabinas,
y á la papelera marcha.</Unicode>
            </TextEquiv>
        </TextRegion>
    </Page>
</PcGts>
