1737 2508
294 240 766 274 eso le sucede á algunas:
299 285 791 320 pero no á todas, caramba,
301 326 809 360 que hay doscientas infelices
297 372 781 403 mas ascadas que el agua,
295 413 773 448 sin faltarle á sus maridos
299 457 849 493 en sus haciendas ni en nada,
299 501 789 537 y por el menor descuido
295 547 706 580 anda la leña sobrada,
301 588 803 624 mientras el grande bribon
299 631 753 668 está en casa de fulana,
297 675 798 710 gastando lo que no tiene,
303 720 789 754 y estas tunas emplumadas
293 765 836 800 le indisponen de tal suerte,
295 810 803 842 que cuando vienen á casa
304 853 794 886 entran pegando con toda,
303 897 784 931 y despues de maltratadas
304 941 780 975 si la muger le responde
300 984 760 1020 al punto coje una vara,
309 1030 741 1062 y castiga á la infeliz,
304 1073 772 1107 sin tener culpa de nada;
305 1118 708 1150 á sus hijos aborrece,
311 1162 787 1194 y les fastidian sus gracias
305 1206 842 1238 la cama no está bien hecha,
304 1249 721 1282 la comida está salada,
299 1292 801 1326 la casa está siempre sucia
306 1336 774 1371 de su lengua condenada,
303 1380 717 1413 todo es malo para él,
307 1424 882 1465 y luego ¿quién es la causa?
303 1468 804 1501 la tunanta que le impone.
254 1512 842 1545 H. Con que mi razon es clara,
305 1556 843 1588 que las tunas sin bergüenza
297 1598 738 1633 por naturaleza, malas,
302 1642 786 1675 son ustedes las mugeres,
303 1686 881 1719 porque á los hombres sonsacan
303 1732 782 1763 y con cuatro carantoñas,
308 1774 804 1808 nos ponen en la desgracia,
307 1818 738 1851 do tener que sucumbir
299 1863 740 1897 á sus ideas malvadas;
303 1905 639 1940 y peor si alevosa
308 1951 802 1984 llega á ser muger casada,
299 1995 726 2027 aborrece á su marido,
305 2038 724 2072 no le mira para nada,
311 2079 732 2115 y solo con los cortejos
318 2124 728 2159 vive por ser cortejada,
307 2169 736 2205 y despues el resultado
1014 229 1554 261 de su vida, en tal. campaña,
1004 272 1490 306 es llenarse de ponzoñas;
1012 315 1576 349 y el pobre que por desgracia
1004 360 1445 394 ¡como páj tro sinocente,
1012 403 1539 438 cae en el lazo que le arma.
1014 447 1523 484 A los quince ó veinte dias,
1017 491 1523 525 principia con mil dolamas
1019 534 1439 570 ya burujones ingleses
1019 579 1507 615 ó aprietos en la garganta:
1022 623 1584 658 tay Dios mid! ¡que es aquesto!
1032 667 1610 703 Que ha de ser cosas qie pasan,
1011 711 1500 747 señor D. Gaspar Galindo
1015 755 1548 789 que está dentro de su casa,
1013 798 1589 834 y de cuando encuando asoma
1026 844 1520 877 por una de sus ventanas.
971 888 1568 923 M. ¿Y si los hombres tunantes
1024 931 1538 967 se estuvieran en sus casas,
1016 975 1484 1010 el casado con sus hijos
1013 1018 1494 1055 y con su muger honrada,
1015 1064 1526 1099 y el mocito con sus padres,
1017 1109 1428 1142 no le sucediera nada?
968 1154 1526 1186 M. Con que digamos en esto
1015 1198 1646 1234 que hay que meterse en la jaula,
1017 1239 1507 1274 y vivir siempre en prision
1013 1284 1546 1321 por las mugeres malvadas.
1011 1328 1490 1364 pues maldita seais todas,
1011 1373 1554 1408 desde el cabello á la planta,
1019 1417 1643 1453 que no hay daño que no venga
1013 1460 1488 1493 por tan maldita canalla:
1021 1505 1511 1537 los disgustos y lis guerras
1011 1547 1538 1585 y las muertes desastradas,
1017 1590 1533 1624 y la perdicion del hombre
1012 1633 1478 1667 de las mugeres dimana:
1011 1678 1467 1711 no teneis otro ejercicio
1016 1723 1600 1761 mas que el que tiene la araña,
1015 1766 1423 1798 urdir tela y enrredar
1019 1811 1528 1848 para que la mosca caiga,
1027 1855 1411 1886 y luego que presa es
1018 1899 1480 1934 le chupais la sustancia,
1016 1943 1438 1974 hasta dejarla difunta.
974 1987 1602 2022 M. Los que los lazos nos arman,
1022 2031 1554 2063 son los hombres engañosos
1015 2074 1508 2106 que con suabes palabras,
1019 2118 1530 2152 y promesas que nos hacen
1015 2166 1489 2197 caemos en sus marañas,
