1765 2512
268 228 746 270 mientras el muy galopin
270 273 748 316 lo poco que gana gasta,
272 317 676 355 con otros igual á él
271 360 805 403 en bebidas y en bullangas.
226 404 818 447 H. Pero ¿gastan algo vuestro?
219 449 862 493 M. Lo nuestro y lo suyo gastan,
264 495 890 537 porque el hombre está obligado
262 537 826 584 desde la hora en que secasa,
256 581 692 622 á mantener la muger
263 627 739 666 con el dinero que gana.
220 669 772 708 H. Y la muger ¿no se obliga
258 713 764 753 con el hombre para nada?
213 756 722 798 M. Si se obliga, á asearlo,
251 802 710 839 coserle y tener la casa
252 846 748 885 curiosa; esto se entiende
253 890 678 930 con la muger aseada,
254 935 736 974 que alguna que no lo sea
256 982 752 1018 por su iufelice desgracia,
264 1024 813 1066 debe el hombre hacerse cargo
260 1069 716 1106 y sobre llevar la carga,
258 1110 772 1152 que demasiado la pobre...
200 1158 815 1197 H. Maldita sea vuestra estampa
253 1203 735 1239 ¿pues hay alguna muger
258 1246 656 1283 que sea fiel y aseada?
244 1290 644 1327 A una casada ví yo,
252 1333 686 1370 cortando una calabaza
245 1379 753 1414 para echar en el puchero,
248 1421 780 1462 cuando un niño se le caga:
238 1466 712 1500 acude á limpiar el chico
242 1509 698 1548 que le bosaba la braga,
238 1556 710 1588 con la misma le limpió
238 1600 696 1637 y se la puso en la falda,
241 1644 736 1679 y siguio despues cortando
247 1688 680 1723 la espresada betuaya.
252 1733 678 1767 ¿Cuando delante de mí
248 1776 812 1811 hizo una accion tan marraná?
244 1821 722 1854 hagámonos cargo á solas
239 1865 720 1898 que linda andará la tana?
235 1909 818 1944 ¿sues aunque á esta su marido
240 1952 670 1986 le diera con una vara
235 1996 707 2030 todos los dias tres solfas
243 2040 683 2074 perderia el pobre nada?
234 2085 704 2118 Pues que digo el albañil
238 2129 718 2165 que sale por la mañaná,
241 2175 721 2208 en cuanto Dios dá su luz
989 242 1464 284 por lo preciso á la plaza;
991 286 1556 328 vuelve á su casa y encuentra
988 329 1407 374 á su muger acostida,
984 375 1426 414 y ella dice ¿hace frio?
991 418 1472 459 él la responde, caramba,
992 464 1491 502 que corre un pícaro zierzo
980 507 1501 546 que se hielán las palabras:
972 554 1524 591 ¿pues márchate ya á la obra
976 597 1406 634 y cierrame la ventana
979 638 1504 682 mientras me visto; y alivia
972 681 1516 728 que entra la muerte pelada;
973 724 1472 764 cicrra el pobre y se retira
976 773 1462 810 y ella queda acurrucada;
976 812 1536 855 se vuelve á dormir de nuevo
975 855 1454 899 y á las nueve se levanta;
971 900 1449 944 á carrera barre y friega,
976 946 1434 989 á carrera hace la cama,
974 991 1502 1036 á carrera enciende lumbre,
967 1036 1372 1077 á carrera saca agua,
977 1080 1462 1119 y cuando pone el puchero
967 1125 1482 1162 son las diez y media dadas;
965 1169 1538 1207 mientras viste los muchachos
975 1212 1419 1250 está la lumbre apagada,
960 1255 1590 1300 de esta suerte que dan las doce,
974 1299 1472 1337 viene el marido y se halla
972 1345 1504 1387 la carne chorreando sangre,
960 1387 1463 1430 los gurbanzos como balas,
967 1432 1392 1467 y la pícara le dice.
963 1476 1472 1515 tu no sabes comprar nada;
966 1519 1464 1555 unos garbanzos mas duros
964 1563 1464 1603 no se venden en la plaza,
963 1605 1440 1643 y esta carne maldecida
952 1651 1426 1688 sin duda será decabra,
959 1694 1485 1732 toda la mañana hirviendo
956 1735 1430 1777 y sin haber hecho nada,
960 1783 1399 1818 por acudir al puchero,
961 1826 1556 1866 no he conseguido ablandarla;
956 1870 1468 1906 el pobre piensa ser cierto
963 1913 1434 1950 y responde con cachaza:
960 1957 1376 1992 una vez ha de servir
951 2002 1428 2039 por eso no sientas nada;
960 2046 1390 2080 qué lástima de garrcte
966 2090 1384 2124 y molerle las espaldas!
915 2134 1266 2171 M. Esta muy bien,
958 2181 1470 2217 yo me quedo conformada,
