1752 2480
1220 134 1468 290 Número 292.
204 905 1598 1064 CADA CUAL ARRIMA EL ASCUA.
415 1047 1387 1085 PASILLO NUEVO ENTRE HOMERE Y MUGER.
384 1146 714 1180 Sale el Hombre.
214 1188 866 1224 Hombre. Desde levante á poniente
249 1233 756 1268 ó en lo que baña la luna,
254 1276 809 1312 no se encuentra una semilla
248 1320 746 1355 mas ridícula y mas mala
260 1364 742 1399 que las mugeres; señores,
256 1408 746 1443 hablo con razon sobrada:
248 1450 784 1490 son conjunto de la envidia,
260 1494 700 1530 soberbias desesperadas,
260 1539 770 1576 amigas de que las quieran,
251 1581 836 1619 y de estar muy bien preciadas:
262 1625 748 1662 para estar con ellas bien
248 1669 834 1708 no hay cosa como elogiarlas,
259 1713 654 1750 decirlás: señora mia,
251 1757 858 1795 Dios colmó á usted de su gracia,
260 1801 764 1837 los ojos que usted disfruta
264 1845 788 1882 valen mas que toda España:
256 1891 828 1926 hay otras muy buenas mozas,
260 1934 726 1969 altas, recias y gallardas;
258 1981 710 2013 pero las pobres carecen
254 2023 764 2058 de tan hermosas ventanas;
252 2066 706 2103 al momento se senrin
252 2111 756 2149 y dicen las muy tuimadas,
262 2154 708 2187 ese es favor saballeri
250 2198 853 2236 el que aprecio, mucha sgracias
970 1145 1509 1178 á otra aunque sca muy fea
971 1190 1404 1223 si la dicen: esa jaca,
980 1233 1436 1268 uy, uy, uy, ese cuerpo,
979 1277 1516 1310 vaya un almacen de gracias,
975 1320 1461 1354 se desanchan y se ponen
979 1364 1475 1398 como una esponja mojada
967 1407 1533 1444 sin otras doscientras cosas...
1061 1452 1473 1485 Sale la Muger y dice.
928 1496 1550 1531 Muger. Vivan los tios machacas,
979 1540 1503 1574 que gracia le ha dado Dios,
967 1584 1445 1618 oigame usted camarada,
969 1626 1550 1664 ¿ha vaciado usted el discurso?
973 1671 1554 1704 pues sepa el señor pela pavas
975 1716 1609 1749 que el que ustedes nos celebren
968 1759 1438 1794 no hace maldita la falta,
970 1804 1564 1837 que nos quieran mucho menos,
968 1847 1432 1885 y si muy en hora mala
968 1891 1442 1926 estuviera todo hombre,
970 1936 1404 1968 mas allá de toca tarpa,
971 1979 1509 2012 muy tranquilas las mugeres
971 2022 1439 2055 vivieramos descuidadas,
976 2068 1464 2100 de que ningun pela perros
960 2111 1416 2148 ¿con nosotras se casara,
973 2155 1361 2190 para sufrir una vida
963 2202 1435 2235 ¿amargosa y desgraciada,
