1752 2480
174 254 597 290 y despues de disfrutar
176 298 746 339 la bella flor por quien ansian,
164 342 650 378 se marchan á la francesa
171 384 642 422 y nos dejan desgraciadas,
172 429 618 465 á la crítica del mundo
175 472 683 509 para siempre deshonradas.
174 516 680 554 Se acabaron las promesas,
176 560 666 596 y los amores se acaban,
169 604 679 641 y con sus malditas lenguas
172 647 641 684 nos desuellan y difaman:
165 690 605 728 sabe Juanico y Períco
164 735 620 773 sus echos y tunantadas;
168 778 738 817 de suerte, si es moza ò viuda
172 823 610 860 ya no puede ser casada
163 866 579 902 y si ésta tiene marido
173 909 644 949 va corriendo la palabra,
168 956 670 995 hasta que el infierno entra
168 999 644 1036 abreviado en esta casa,
172 1044 712 1084 de aquí se siguen disgustos,
159 1087 622 1124 los ódios y malas caras,
159 1133 679 1168 y por fin, para en divorcio
168 1176 606 1213 y una vida desastrada;
172 1219 712 1258 pues digame el que me oye,
164 1264 692 1298 ¿quién es de todo la causa?
167 1306 687 1342 Los picaros de los hombres
168 1349 667 1388 con sus palabras preñadas.
121 1395 598 1431 H. Eso es lo que deseais,
156 1439 620 1477 maldecidas de la gracia
160 1481 742 1523 las mugeres que hoy se crian,
158 1525 625 1563 si de quince años pasan
161 1570 758 1612 no ignoran lo que es el mundo,
158 1614 592 1650 y saben por cosaclara
160 1657 568 1695 las resultas del amor
164 1700 656 1741 y lo que de este dimana.
164 1745 628 1785 Pues ven acá tunantona,
164 1790 682 1829 que así debemos llamarla,
169 1832 739 1871 por qué no guardas tu honor?
156 1876 740 1916 bien sé porque no le guardas,
164 1920 772 1961 porque en viendo unos calzones
160 1965 651 2002 á todas se os cae la baba,
158 2009 742 2051 y en hablando con un hombré
156 2053 696 2091 y este les dá alguna chanza
888 262 1362 298 se derriten y responden
890 305 1316 342 con otra doble pesada:
896 349 1414 391 de suerte que la vergüenza
887 392 1358 431 en mugeres no se halla.
899 434 1314 476 Vista la desemboltura,
891 478 1444 522 y el hombre sin perder nada
896 525 1338 566 dice para sí: muy bien,
888 569 1446 611 supuesto que de amor rabias,
886 611 1230 652 amores te daré yó
888 659 1363 696 y salga por donde salga:
893 700 1429 742 de aqui resulta á el instante
884 745 1298 786 el que salen opiladas,
894 790 1428 832 y el que pierdan el honor,
884 831 1388 872 porque á ellas les dá gana.
896 875 1467 918 Con que ¿quién tiene la culpa?
834 920 1418 963 M. Cada cual arrima el ascua,
884 965 1406 1004 siendo asi que las mugeres
886 1009 1414 1049 son siempre las agraviadas:
880 1053 1410 1091 malditos sean los hombres
875 1089 1379 1136 y quien sus hechos alaba.
884 1138 1472 1180 Me marcho, por que no puedo
888 1185 1445 1225 sufrirle á usted sus palabras:
886 1229 1286 1269 maldita sea su baca,
885 1272 1436 1314 si tiene maldita cara... Vase.
829 1316 1452 1359 H. Tú si que eres un demonio,
883 1362 1305 1399 y todos los de tu casta
892 1405 1272 1442 pensaría la picarona
889 1448 1407 1488 que se iba á llevar la palma
888 1494 1432 1535 y arrollarnos á los hombres,
892 1535 1352 1577 vaya muy en hora mala,
884 1579 1376 1622 que lo que digo es verdad
890 1619 1294 1664 y no le niego la cara,
880 1667 1363 1708 á el que quiera defender
884 1711 1311 1752 una semilla tan mala,
879 1754 1430 1796 ¿porque aunque dice el refran
867 1798 1406 1842 ¿cada cual arrima el ascua,
867 1844 1385 1883 cuanto he dicho de ellás
875 1886 1346 1930 es con la razon sobrada,
876 1933 1332 1971 y asi quedaros con Dios
872 1975 1340 2019 él os dé su santa gracia,
876 2022 1276 2057 y á mí para publicar
871 2062 1436 2106 vuestras drogas y marañas...
636 2144 996 2185 CARMONA:—1859.
193 2184 1416 2237 Imprenta de D. José M. Moreno, calle de Madre deDios, núm. 1
