1737 2508
315 215 803 251 Cinco dias caminamos
317 264 854 302 cabales con sus jornadas,
315 312 848 351 hasta llegar á este sitio,
325 360 870 400 encubridor de mi infamia;
315 408 866 447 aqui los dos desmontaron
328 456 894 496 con intencion muy dañada,
322 505 802 542 para marchitar la rosa
325 553 946 592 que de algunos fue envidiada:
318 600 936 641 me violentaron.... ¡qué horor!
327 647 894 689 ¡Jesus, que suma desgracia!
317 697 789 737 sin temer la justa ira
327 745 870 788 del Señor que nos miraba.
320 794 823 835 Luego el alevoso primo
321 842 815 883 dijo: que me desnudara;
322 890 946 934 asi que en carnes me vieron,
326 938 888 983 entrambas manos me atan,
317 988 850 1032 y él sacando una pistola,
318 1036 832 1080 el fuerte muelle levanta
322 1084 810 1128 para qnitarme la vida,
328 1133 938 1177 mas mi amante lo estorbaba,
322 1181 914 1223 diciendo: no quiera el cielo
317 1230 948 1274 que, pues yo he sido la causa
327 1277 909 1321 de que esta doncella pierda
326 1326 938 1373 su honor, se haga tal infamia,
320 1374 778 1421 aqui la pienso dejar
325 1423 868 1470 entre estas espesas matas,
327 1472 797 1514 acompañada de fieras,
325 1521 890 1568 que por estas breñas pasan,
323 1568 870 1613 y ellas le darán la muerte
328 1616 856 1662 mal merecida y sin causa.
322 1664 832 1710 Se fueron y me dejaron
320 1714 911 1759 como la flor en la escarcha:
320 1761 804 1807 tres dias ha no comía
324 1811 888 1859 cosa que me dé sustancia,
318 1861 839 1903 sino las amargas yervas
323 1909 896 1953 que con la boca alcanzaba.
317 1957 922 2002 Esta es mi historia y te pido
320 2007 867 2051 te duelas de mi desgracia
327 2056 897 2097 que me acompañes y lleves
319 2103 852 2148 á la ciudad mas cercana,
321 2153 871 2196 porque desde allí pretendo
328 2200 919 2246 se castigue aquesta infamia.)
318 2247 797 2293 Por la mano la tomé,
318 2303 878 2344 y á una quinta la llevaba
1052 218 1531 256 donde la dí de comer
1052 267 1672 306 de lo que allí se encontraba,
1047 317 1515 354 y enseguida le ofrecí
1052 364 1548 403 con mano leal y franca,
1041 413 1666 451 mi ayuda y un buen caballo,
1050 461 1668 500 que mas que el viento volaba,
1043 511 1599 550 y el valor de mi persona
1049 561 1551 599 para ir en su compaña.
1053 608 1466 646 Dispusimos el viage
1052 657 1528 695 á Córdoba caminamos,
1050 704 1606 743 y á la puerta del Rosario
1060 753 1560 792 donde pretendí dejarla)
1051 801 1633 841 la eché los brazos al cuello
1049 850 1648 891 y de esta suerte le hablaba:
1049 900 1625 939 á Dios, y le ruego al cielo
1044 948 1542 987 que sea tu dicha tanta
1047 997 1590 1035 que logres tu buen deseo
1053 1046 1574 1085 y despues la gloria santa.
1043 1094 1568 1133 Ella respondió, mancebo
1051 1143 1592 1182 noble, la Vírgen te valga,
1052 1192 1602 1231 y tu accion heróira premie
1053 1242 1568 1279 el alto Rey de la gracia.
1051 1287 1571 1327 Sentóse en el duro suelo
1048 1339 1522 1376 aquella rosa temprana,
1052 1387 1573 1424 aguardando por minutos
1056 1437 1560 1472 la aurora de la mañana,
1056 1484 1535 1521 para arrojarse animosa
1049 1533 1530 1570 al intento qne llevaba.
1057 1578 1655 1618 Fue á casa de don Francisco
1045 1630 1580 1666 de los Rios, noble rama,
1052 1681 1604 1716 y á un criado le pregunta
1054 1728 1572 1764 si está su señor en casa,
1047 1776 1540 1812 y al punto le respondió:
1049 1825 1610 1861 su merced está en la cama.
1050 1874 1610 1910 Sin aguardar mas razones
1047 1923 1544 1958 allá dentro se arrojaba,
1051 1971 1628 2010 y arrimada al blando lecho,
1055 2019 1626 2057 de aquesta suerte le habla:
1049 2067 1541 2105 ¿Conocerás, señor mio,
1053 2117 1556 2154 á la que diste el agua
1043 2165 1676 2208 del Bautismo, allá en Trujillo,
1046 2216 1540 2252 y la pusistes Rosaura?
1051 2264 1594 2303 Has de saber que yo soy,
1047 2314 1564 2349 la que nunca se criára.
