1660 2440
29 195 636 235 pues fui la muger mas frágil
31 244 706 282 que se ha visto en toda España.
29 292 464 329 Por fiarme del amor
27 340 581 379 perdido mi honor se halla:
29 388 580 427 mira bien mi tierna edad,
26 437 620 475 que de quince años no pasa,
29 485 632 524 no mires el mar sarmiento,
32 535 571 573 sino el árbol donde baja,
35 583 571 620 que si bien lo consideras
27 631 537 668 cierta será la venganza.
28 680 648 718 Dos traidores me han robado,
29 729 516 764 sacándome de mi casa,
27 779 599 816 y me han quitado el honor
27 827 523 860 en Sierra-Morena brava.
25 874 610 911 Oyendo esto don Francisco,
33 923 516 959 de la cama se levanta,
29 972 653 1011 y al punto llama á un criado,
36 1021 614 1055 que un caballo le ensillara;
31 1067 589 1107 y antes de partir, dispuso
32 1117 594 1151 el dejarla con su hermana
31 1164 558 1201 recogida en un convento
31 1213 625 1250 que de Santa Isabel llaman.
38 1261 552 1298 camina luego á Trujillo,
29 1310 572 1349 y un criado le acompaña,
31 1360 644 1398 que quiere entrar de secreto
34 1408 564 1443 porque no se sepa nada.
28 1457 624 1494 Fuese á casa de don Diego,
28 1505 425 1541 alegre le saludaba:
33 1554 463 1591 y luego le preguntó
36 1603 546 1638 por su querida Rosaura.
762 1649 1346 1689 antes de acabarse el Credo,
35 1699 659 1736 don Diego, aquestas palabras:
25 1747 490 1783 habrá unos ocho dias
35 1796 534 1833 que se salió de mi casa,
36 1845 554 1880 sin poder hallar persona
36 1892 574 1929 que me diga donde para,
36 1942 630 1978 siendo en mi casa el espejo
38 1990 586 2028 en que todos se miraban.
29 2037 624 2078 Oyendo esto don Francisco,
32 2089 584 2127 sacó del pecho una carta,
759 2138 1297 2173 Aquí dió fin esta historia
763 2186 1241 2222 de la infelice Rosaura.
750 198 1324 236 y mirando el sobre-escrito,
752 246 1214 282 de puro gozo lloraba,
751 295 1239 331 porque conoció la letra
762 342 1234 377 de su querida Rosaura:
764 390 1296 427 pero dentro iba el pesar,
762 439 1338 476 que es cosa muy ordinaria,
760 489 1412 524 que no hay placer sin disgusto
760 536 1286 573 en aquesta vida humana.
757 583 1302 620 Abrióla y hayando dentro
760 631 1310 671 los aleves que la agravian,
757 681 1162 717 al señor corregidor
759 729 1273 765 cuenta del caso le daba.
751 778 1316 814 Al instante los prendieron,
811 825 1238 864 y sustanciada la causa,
755 874 1322 913 el juez, con recta jnsticia,
759 922 1282 960 á muerte los condenaba.
754 970 1276 1009 Los meten en la capilla,
755 1024 1331 1062 y llorando al cielo claman,
760 1070 1222 1106 pidiendo misericordia
802 1116 1222 1154 á la Vírgen Soberana.
760 1167 1286 1205 Los sacaron de la cárcel
760 1213 1278 1254 por las calles ordinarirs,
756 1262 1358 1301 diciendo: esta es la justicia
762 1312 1356 1348 que nuestro monarca manda
760 1359 1374 1399 se ejecute en estos hombres,
764 1408 1304 1445 pues hicieron tal infamia.
758 1456 1319 1494 Llegaron hasta el suplicio
753 1505 1258 1546 con ánimo y vigilancia;
760 1553 1206 1590 subiéronlos á lo alto,
758 1602 1300 1641 ellos con mortales ansias,
36 1650 536 1686 Le respondió pensativo,
756 1698 1338 1739 á Dios entregan sus almas,
759 1748 1305 1784 y despues en los caminos
760 1797 1310 1836 ponen sus cabezas anibas,
757 1845 1293 1881 para ejemplo de atrevidos
766 1893 1396 1930 y escarmiento al que mal anda.
764 1943 1386 1979 Luego el noble don Francirco
758 1989 1374 2030 se volvió á su amada patria.
753 2042 1325 2078 y Rosaura en un convento
758 2090 1262 2125 con ejemplar vida pasa.
31 2138 573 2176 y á don Diego se la dió,
31 2188 473 2227 que recibe y abraza;
209 2282 1263 2319 CARMONA:—1855: Imprenta de D. José María Moreno.
