1765 2512
291 189 821 235 dispara tus duras flechas
296 238 912 286 contra el que asi me maltrata.
298 288 804 334 Amante falso y traidor,
294 337 836 382 ¿cómo me dejas sin causa,
298 384 782 428 en tan terrible miseria
288 436 806 476 y de la muerte cercana?
296 482 858 528 Sacra Vírgen del Rosario,
287 527 792 575 mi princesa y abogada,
295 577 822 623 alcanzadme que confiese,
288 624 873 672 por que no peligre mi alma..
288 672 840 720 Puse al rostro mi escopeta
290 720 810 771 bien prevenida de balas,
288 772 728 815 por el éco de la voz
287 819 874 868 llegué á parar donde estaba;:
285 865 811 915 ví una temprana belleza
280 914 862 966 á un duro tronco amarrada:
288 962 786 1014 desmelenado el cabello,
288 1016 756 1062 y de ropas despojada.
281 1061 802 1110 Cuando ví tal hermosura
283 1110 828 1159 no pude hablarla palabra,
287 1157 886 1206 viéndome ella tan suspenso
281 1207 872 1256 de aquesta suerte me habla:
285 1257 862 1306 llega, mancebo, y no temas,
284 1308 812 1354 que soy persona humana,
280 1356 842 1401 y mis pecados me tienen
283 1402 900 1451 en el sitio en que me hallas:
283 1450 718 1495 desátame y te diré
281 1500 786 1549 mi pena, fatiga y ansia,
278 1549 772 1595 y tambien los alevosos
282 1598 868 1645 que son de mi mal la causa.
288 1645 814 1694 Compadecido en estremo,
275 1695 800 1742 un fuerte cuchillo saco,
282 1744 840 1790 corto los gruesos cordeles
282 1793 882 1839 que á aquel ángel sugetaban.
280 1840 862 1888 Me quité al punto el gaban
272 1890 796 1934 y encima se lo arrojaba,
284 1938 900 1988 cubriendo sus blancas carnes,
276 1986 878 2034 que con el sol se comparan.
276 2034 848 2083 Mirando á un lado y otro,
275 2083 863 2131 vide estar entre unas matas
267 2131 806 2178 la ropa que siempre fue
265 2180 828 2228 de aquel desengaño causa.
268 2229 740 2274 Ella suspira y solloza
262 2282 860 2327 pidiendo al cielo venganza,
1024 206 1452 243 y mirándola la dije:
1024 252 1554 297 por Dios hermosa Diana,
1024 297 1572 346 por la Vírgen del Rosario,
1026 348 1576 393 que me digas lo que pasa.
1013 396 1452 437 Agradecida responde
1026 442 1570 488 estas siguientes palabras:
1019 489 1600 540 ¿Has de saber, noble jóven,
1024 540 1560 586 que en Trujillo fui criada;
1022 588 1562 635 hija soy de un caballero,
1020 638 1540 681 que don Diego se llama,
1024 685 1506 729 de Castro por apellido,
1022 736 1596 780 que es lo mejor de España;
1016 784 1498 823 mi madre doña Isabel
1019 833 1526 873 de Mendoza intuladada:
1015 887 1541 920 y por gusto de padrinos
1016 930 1548 969 á mi me llaman Rosaura,
1009 978 1595 1019 tan amada en mis principios
1019 1025 1532 1067 como ahora desgraciada.
1014 1071 1488 1117 Vivia pared en medio,
1014 1122 1514 1164 mas abajo de mi casa,
1009 1172 1504 1211 un hijo de un labrador
1012 1220 1574 1259 de hacienda algo moderada
1016 1269 1518 1309 mozo, galan y valiente,
1016 1316 1548 1359 discreto y de linda traza,
1012 1368 1506 1404 que se llevó mi aficion
1008 1419 1556 1455 y me amó con vigilancia;
1014 1467 1530 1501 mas como las cualidades
1010 1512 1552 1551 unas con otras no igualan,
1016 1561 1456 1599 tuve lugar una noche
1010 1610 1496 1648 para escribir una carta,
1012 1658 1564 1697 dándole á entender por ella
1012 1708 1574 1745 que me saque de mi casa,
1011 1757 1489 1794 y que sea con secreto
1011 1807 1477 1842 y con cautelosa maña:
1004 1854 1522 1891 mas el alevoso amante,
1002 1900 1536 1940 á un primo suyo le daba
1008 1949 1582 1988 cuenta, que traidor é infame
1004 1998 1640 2037 fue la causa de esta desgracia.
997 2047 1522 2086 A los catorce de Agosto
1004 2094 1506 2135 me sacaron de mi casa,
1004 2143 1530 2186 bien prevenida de joyas,
1000 2194 1536 2233 y de muy costosas galas,
1004 2241 1534 2281 como al presente las ves,
998 2291 1596 2333 que ellas mismas lo señalan.
