1656 2456
139 224 629 272 pero por todo atropella
147 279 657 323 quien profesa fiel afecto.
135 336 579 376 Será la pintura rara,
151 385 716 430 y extravagante; pues quiero
148 442 631 486 ejecutarla con nombres
139 499 605 540 de paises estrangeros.
135 554 685 594 Pido atencion por un rato,
148 606 753 651 que de esta suerte comienzo:
144 663 737 704 Pues que de diversos padres
142 719 648 759 es señora tu compuesto,
144 773 557 812 á tu forma soberana
140 827 670 867 varias Naciones prevengo.
141 881 679 926 Quiso tu beldad fraguarse,
144 937 694 976 como los hermosos quesos;
135 992 651 1031 aquella de Flandes vino,
139 1046 727 1086 y estos de cabra se hicieron.
135 1100 613 1140 Si con atencion reparo
132 1156 622 1196 esos tu rubios cabellos,
136 1210 602 1248 ser de oro Castellanos
135 1265 694 1303 inmediatamente encuentro.
134 1320 664 1357 De la alta Alemania, digo
139 1373 651 1415 que á tu frente venir veo,
140 1428 670 1468 tan llena de aquella nieve,
139 1482 691 1523 que á todos causa portento.
132 1537 622 1577 En Arcos de Andalucia,
123 1593 609 1631 sin duda ninguna creo,
135 1646 690 1686 de tus cejas tan arqueadas,
131 1701 664 1742 que su principio tuvieron.
131 1755 686 1794 Pues qué diré de sus ojos?
126 1810 593 1852 á Colom testigo tengo,
134 1865 710 1905 de que son perfectos Indios,
130 1918 701 1958 por lo que tienen de negros.
119 1974 679 2013 Pues sus niñas, sí es nada;
121 2027 611 2068 en el Orbe no se vicron
127 2083 596 2123 Gitanas mas atractivas,
128 2140 675 2180 ni de mas gracioso cuerpo.
867 216 1362 258 Su nariz por linica recta,
869 272 1387 313 trae su origen verdadero
871 327 1425 368 de Venecia, como el vidrio,
870 383 1430 423 segun lo limpio y lo terso.
866 438 1408 478 A esas sus bellas mejillas,
865 493 1435 536 por lo encendido y lo bello,
867 547 1298 590 aquel célebre Brasil,
863 602 1342 643 solamente viene á pelo.
863 656 1330 697 El pincel islado queda
863 712 1355 751 á su boca descendiendo,
865 766 1439 808 porque, por lo corto de ella
871 821 1513 863 que estoy en Menorca entiendo.
857 875 1394 916 Pues si pongo la atencion
868 931 1403 973 en lo blanco de su cuello.
867 985 1359 1027 ya que no sea de Gante,
862 1041 1460 1082 de Olanda es su nacimiento,
860 1095 1418 1135 De la albura de sus manos
853 1150 1365 1191 solo lo que decir puedo,
862 1204 1442 1246 es, que vinieron de Albania
859 1259 1468 1299 con diez torneados mancebos.
854 1313 1346 1356 Su talle por ser airoso,
852 1367 1318 1409 á todos está diciendo,
866 1422 1422 1467 que viene de Buenos-Aires,
860 1478 1386 1520 con un favorable viento.
859 1532 1313 1574 La cintura me parece,
862 1587 1468 1632 que en Argel la compusieron,
859 1643 1395 1687 y que porque era cristiana
855 1698 1490 1737 se ha visto en grande apricto.
853 1750 1372 1792 Si reparo á los contornos
863 1805 1484 1851 de sus pies, á decir me atrevo,
851 1860 1416 1903 que es de tierra de Coritos
849 1915 1435 1960 por lo encogido y pequeños.
857 1969 1315 2011 Ya no puedo delinear
848 2023 1384 2067 los mas ocultos extremos,
852 2079 1383 2123 que por ser Paises-Bajos,
850 2136 1431 2177 me he quedado cuasi yerto.
