1707 2464
211 254 757 297 ahoramesmo en el paseo...
222 307 755 350 Curro, Curriyo, que ejesto?
221 362 675 406 esta es la gloria aliñáa
215 417 677 461 con tomate y pimiento.
219 470 735 517 ¿No vusté que vuya é jesa?
226 529 701 570 Cuanta mosa, que jaleo,
231 582 637 625 que jarana, que ruio,
223 635 719 679 que tronchito de cabeyo,
236 689 771 733 Vaya uua mosa, me muero.
233 744 732 787 ¡Vaya unos piel tamañito,
229 798 779 842 Jaciendo pórbo en el suelo;
228 855 661 897 y sacando mosquetita
229 904 879 951 de los chicos que hay en medio.
227 963 697 1006 On Camilo, creamosté,
236 1017 693 1064 yo soy andalú mu neto,
237 1073 685 1121 y por mi tierra puñale
240 1125 651 1170 jasta conmigo peleo:
235 1178 689 1226 toita la mugé que pase
237 1234 711 1279 secorta sin mas remedio
237 1286 820 1334 los dos pies y las dos manos.
245 1338 857 1390 ¡De bronqui jasta el pescueso!
251 1395 867 1442 Si boy á Ingalaterra ó á Francia,
249 1449 847 1501 cudiao que en esto no miento,
249 1507 673 1558 y saco mantiya é tira
254 1561 747 1610 en plaza calle ó paseo...
250 1615 827 1664 toa las mugere se esnuncan,
251 1668 887 1723 y es que los hombres lo mesmo;
251 1721 838 1778 porque por yevarse un cacho
257 1780 745 1829 de aquel saleroso, rueo,
259 1831 745 1883 se arma, y esta es la fija
261 1888 835 1938 atrompa un pronunciamento,
261 1951 633 1999 y si rosio una caña
271 2004 807 2047 de mansaniya ó del puerto,
269 2054 820 2104 la berá oste en un momento
267 2113 717 2162 sali cantando playeras
267 2168 811 2216 y tonáa con mucho merito.
280 2223 861 2268 Curriyo, vite que mosa? la vi,
269 2280 694 2326 La conose tú? yo no:
941 239 1455 289 pues mardíta sea un faró,
947 293 1435 343 ¿quien conose esa gachi?
957 348 1403 393 jui que mosa mare mia
943 401 1301 448 si ma dejao vaslú.
950 455 1404 501 Mira chachari por Dios
953 512 1486 557 que es una mosa sembrá:
957 567 1347 608 Me pego dies puláa
956 620 1365 664 ciay una mugé mejó
957 673 1480 719 Chiquiyo que está chaslao:
955 729 1489 776 ya lo veo que estoy perdio;
954 783 1415 829 si esa mosa mea partio
953 835 1539 882 lo mesmo que un armendrao.
965 894 1356 935 No lo pueo remediá
957 947 1396 989 Señores como ha esé;
969 1002 1377 1044 yo he nacio pa quere
975 1054 1361 1098 y á luego pa peleá.
973 1109 1443 1153 Si una mosa me quisiera
963 1165 1454 1208 lo mesmo que quiero yo,
973 1218 1377 1262 la ponia júnto ar sor
971 1273 1487 1321 pa que nadie la ofendiera.
989 1328 1527 1371 Y al hombre que la mirara,
977 1380 1509 1431 pa que no la golviera á vé
979 1435 1397 1482 le ponia aqui la nué
989 1490 1469 1536 y en el pescueso la cara.
981 1544 1465 1587 Me àjogue sino es verdá
982 1598 1427 1643 si es una mugé Maria;
985 1651 1487 1700 la quiero con mas trabajo
997 1706 1445 1753 que pasa un escarabajo
995 1763 1411 1806 con la pelota que lia.
997 1815 1499 1863 ¡Y si es un hombre! naita:
1001 1870 1427 1916 de la primera guantáa
994 1925 1462 1973 le quito el moo de jablá
1008 1979 1443 2025 vaya un poé fortunita.
997 2034 1501 2081 Si algun gaché la camela,
999 2090 1485 2135 aunque sea mu valiente,
1006 2143 1531 2192 mas que sea una serpiente
1010 2195 1533 2247 le tengo de arriar candela.
1004 2256 1511 2302 Tú no sabe quien soy yo;
