1707 2464
92 160 548 206 Esa chiquilla se tarda;
105 218 646 260 si vendrá ó se habrá perdio?
98 272 593 319 Pero aqui viene... mejo,
100 329 599 375 pues se va armá poco lio:
102 386 527 432 la logra si viene antes
99 445 545 487 y me ve con su mario.
104 501 469 545 Tengo pa mi salero
103 558 554 606 un cuarto lleno é inero
107 616 556 662 y un barco con puñalá:
106 674 566 719 está osté mosito güeno?
97 734 566 779 en jaciendo una chanáa
106 790 531 835 como no lo puea matá
100 846 518 892 salero le doy veneno.
91 904 550 950 Conque elija osté salao
95 964 585 1009 por quererme va á mori?
101 1021 472 1063 con eso podrá desí
103 1076 690 1122 que er mundo quea escansao.
100 1134 666 1183 Tan malo es osté? quien, yo,
91 1191 678 1238 en náa me entro ni me sargo;
96 1248 580 1292 soy el amo de andalucia,
109 1306 618 1349 tengo en mi hierro el poér
95 1367 636 1411 y el que me quiea conocer,
94 1423 548 1467 fortunita no lo cuenta,
98 1481 661 1525 que me guervo una pimienta
102 1539 580 1583 en tocando á una mugé;
91 1598 583 1639 conque cuerpo vendecio
825 166 1327 211 tengo un trono para osté
839 224 1226 270 de piasito de oropé,
841 282 1259 326 que se cayeron de sor
829 339 1333 384 y tengo pa osté una mina
835 396 1249 440 que si doy una patáa
830 454 1254 498 le pongo á osté rociá
834 510 1342 557 con oro y con piedra fina.
830 567 1244 611 Me quire osté mareá?
822 625 1220 671 Si yo nací pa quere.
827 683 1220 726 asi desia mi agüela.
825 740 1274 784 Po si tanto me camela
834 798 1200 840 mosito vamo á vé.
827 855 1232 897 Tengo mas agaya yo
836 911 1260 959 que una torsia sin lú,
828 968 1276 1011 Estoy quemao. ¡Jesus!
832 1024 1258 1073 mardito sea el humo.
830 1082 1519 1134 Paca? que, Ese arrastrao la siguió?
827 1141 1343 1188 ya se enganchó pare mio;
831 1197 1320 1242 yo tambien lo marisqué:
830 1255 1314 1300 soy un moso muy juncá.
828 1312 1352 1360 soy un moso mu completo,
825 1371 1347 1416 el que quiera que me siga
834 1427 1350 1475 puñaláa que viva mi cielo,
823 1484 1237 1529 áver á mi chula voy,
824 1543 1304 1588 viva lo valiente y gueno.
649 1742 951 1904 FIN.
592 2112 984 2160 CARMONA:—1861.
119 2171 1453 2222 Imprenta de D. José María Moreno, calle de Madre de Dios núm, 1.
