1665 2479
211 218 682 265 no sabe que soy bravio,
216 277 694 322 por dentro y fuera cosio,
203 330 697 373 ardiendo como un faror?
210 384 729 430 Que venga y vera lo gueno
213 439 655 484 verán ombre! salerito,
211 495 708 536 aqui está un moso bonito
216 551 790 597 que se vá á tragar el terreno.
213 604 567 648 ¡Viva Joseliyo! Sá;
207 659 655 703 ahora veo á esa mugé
209 713 744 762 y er mundo guervo al revé,
216 768 654 812 ó me doy una puñaláa.
220 824 650 865 ¡Ay que marvao! Jesú
223 876 708 921 ¡ay que hombre tan atró!
211 932 672 977 acaa palabra é barbaro,
204 986 650 1026 no ha encajao una có?
212 1039 694 1085 si yo no digo esas cosas;
211 1095 648 1139 lo que ahora peno yo,
215 1147 622 1190 es que se aonde vive
212 1203 671 1251 esa mosa que osté vió,
222 1258 572 1301 y yo lo pueo yevá,
218 1313 702 1362 es cierto como el de sor;
214 1370 712 1413 pero es menesté que osté
212 1423 551 1465 una copita é licó
217 1479 575 1522 y unos viñuelos....
218 1532 680 1577 lo que osté quiera señó.
210 1585 645 1631 Muchachos, veni pacá
220 1640 606 1685 on José lleva razon.
224 1692 629 1740 Viva on José, salaro;
218 1748 588 1795 viva la mota señó,
219 1805 779 1853 si mandara yo en er mundo,
219 1859 629 1902 lo jasia tambo mayó.
220 1911 636 1957 Mirosté que viñolera,
228 1965 727 2015 que parese er mesmo sor?
216 2021 728 2071 miste que par de luceros,
219 2075 653 2119 ca uno vale un millon!
231 2126 704 2175 Venga osté acá parinito
220 2183 684 2228 así le mande á osté Dió
229 2239 645 2284 un sarnaso de peseta
954 224 1402 267 cauna como un tambó.
948 279 1484 326 ¡Ay! que graciosa chiquilla,
950 333 1388 377 no oye osté rosa nasía,
934 386 1353 429 No me jacharote mas
939 441 1557 487 que aunque osté vaya escondia
946 495 1369 539 la tengo bien conocia.
940 551 1364 594 A mi, cabale, que ya:
948 605 1434 649 vale oste ma, remuchito,
939 661 1548 704 que el gusto con que la quiero:
948 715 1441 758 viva el rumbo y lo bonito,
938 769 1346 811 lo oscuro y recojiito
943 824 1516 867 como é la borla un sombrero.
943 878 1362 920 Ha concluio osté ya?
951 933 1413 981 porsupuesto ayá voy yo,
949 989 1317 1029 yo nasi mu naturá,
952 1043 1295 1081 y tengo mas caliá
952 1096 1415 1139 que la máquina er vapó:
940 1151 1368 1194 no me gusta fachaita,
948 1205 1449 1249 ni dirme por los matojos:
954 1263 1454 1308 quieo saver cara é carita,
954 1319 1532 1362 que quiero que esa personita
944 1373 1418 1416 los rayitos de esos ojos.
946 1427 1402 1472 Po digamuste quien és,
946 1483 1452 1527 Antonio Cruces me yamo,
944 1537 1376 1580 criao y nacio en Jeré,
942 1592 1410 1635 moso con mucho poer,
939 1649 1447 1690 y que quiere ser su amo:
956 1702 1416 1743 y en diciendome que sí,
952 1753 1384 1798 estreya de la mañana,
948 1808 1268 1852 matita de jajolí,
947 1863 1357 1907 dientesito de márfin,
947 1917 1367 1960 le doy mi via, jitana.
950 1972 1328 2016 Ayi moso, vivo yo,
959 2030 1572 2070 en la mesma casa é lá esquina,
957 2078 1407 2117 el señó Curro Perale...
953 2129 1464 2173 Jesú me quemo Dios mio,
959 2183 1470 2225 haiga arrastrá que se case
945 2240 1529 2286 y que quiera un compromiso?
