1765 2512
350 189 372 226 2
244 235 690 277 Esta fiesta á celebrar,
248 286 825 330 En concurso que ha llamado
239 340 702 381 El deseo de observar
245 391 808 435 La formacion del mercado.
308 443 760 486 Y lleva allí cada cual
243 496 766 540 El trasto que ha menester:
246 549 864 590 Yá el mostrador, yá el puntal,
254 600 816 642 Yá la estera que han de ser
249 654 705 695 De la tienda material.
309 705 797 745 Y otros mil chismes allí
247 758 805 798 Se ven que cada año salen
251 811 671 850 Del sucio zaquizamí;
252 861 826 903 Mas que juntos aun no valen
251 914 719 955 Treinta y un maravedí.
304 964 932 1006 No hay uno que no eche cuenta
255 1018 828 1060 Sobre lo que ha de comprar
249 1073 848 1112 Aunque no alcance su renta,
249 1125 781 1163 O lo que allí ha de llevar
253 1177 722 1217 Para ponerlo de venta.
309 1229 804 1267 El muchacho se desvela
259 1282 829 1323 Ansiando comprar juguetes,
256 1334 675 1373 Y acicalándose vela
253 1386 833 1426 Para enganchar, la mozuela
259 1438 781 1479 A los simples mozalvetes
310 1490 844 1530 Del gran tono las señoras
257 1543 726 1583 Sériamente á ventilar,
266 1594 848 1636 Los trages que han de llevar
272 1649 773 1688 Se juntan á todas horas:
272 1700 860 1744 Que es cuento de no acabar.
318 1752 816 1792 Por disfrutar la mañana
264 1805 822 1845 Fresca, apacible, y lozana,
268 1858 840 1900 Llegando á tiempo oportuno
266 1911 742 1952 De tomar el desayuno,
270 1962 730 2003 Cada familia se afana.
328 2011 961 2054 Y allí, pues que en la llaneza
274 2068 760 2108 El placer tambien está,
276 2121 724 2161 Chocolate se adereza,
284 2174 820 2213 Y á consumirlo se empieza
281 2228 745 2267 Con lo que la feria dá.
1039 228 1601 272 Que todo en ella al instante
978 282 1496 321 Se sirve y ponen delante
977 335 1444 375 Buñuelos y confituras,
976 387 1558 425 Bizcochos de cien hechuras,
983 439 1488 478 Y licor del mas fragante.
1029 490 1605 531 Entonces, que no entorpece
986 543 1468 584 La confusion molestosa,
978 595 1396 637 A la cita comparece
986 647 1443 688 El amante que apetece
982 699 1550 740 Hablar á su dama hermosa.
1035 751 1522 792 Y por mas leve que sea
987 803 1511 845 De amor su demostracion,
979 856 1567 898 Bastante es para que él crea
991 909 1505 952 Que posee aquel corazon,
993 961 1547 1005 Que acaso en otros emplea.
1042 1012 1587 1054 Cúbrese el campo de gente
983 1066 1393 1107 Anhelando negociar
993 1118 1507 1158 Y se levanta el ambiente
1004 1170 1538 1212 Tal nube de polvo ardiente
999 1224 1445 1266 Que amenaza sofocar.
1043 1275 1577 1315 De ella por medio pisadas
991 1326 1509 1368 Resuenan de las manadas
993 1379 1453 1421 De ganado numerosas,
1004 1430 1523 1474 Y voces mil destempladas
993 1482 1493 1526 De bocas aguardentosas.
1047 1534 1671 1577 Se oye el llorar del muchacho,
1001 1588 1505 1630 El disputar del borracho,
1007 1641 1469 1684 Y el penetrante alarido
1004 1692 1568 1734 Del que por tener despacho
1007 1747 1481 1789 A grito pregona herido.
1056 1798 1584 1838 Con tan discordes sonidos
1006 1850 1511 1893 Y el de la trompa pueríl
1008 1904 1499 1945 Y el del ronco tamboríl
1003 1957 1415 1998 Atúrdense los oidos,
1007 2009 1529 2050 Sin contar otros cien mil.
1056 2062 1541 2102 Pasa por aquí corriendo
1004 2116 1462 2155 Una vaca desmandada,
1005 2167 1566 2207 Y á una mujer derrengada
1012 2220 1564 2262 Deja en el suelo gimiendo,
