1765 2512
306 176 318 216 4
200 227 702 274 trite por lo que ya sabes?
194 280 656 328 Y así mi fortuna temo,
200 334 715 383 que esta desdichada Nave
200 388 721 438 dé por escollo en el riesgo
201 441 638 488 de una desesperacion,
192 493 696 541 á donde roto, y deshecho
192 548 684 595 todo su adordo convierta
192 602 652 648 en trágico Monumento,
195 655 697 702 donde queden sepultados
192 708 662 754 mis malogrados deseos.
185 759 683 810 Ya está acabada la obra;
190 814 656 861 á Dios, adorado dueño;
196 867 660 913 que tiran pieza de leva,
187 921 750 968 y han dado los pagamentos,
189 972 638 1019 y tambien la Capitana
194 1025 740 1076 empieza á salir del Puerto,
186 1080 637 1124 no te puedo decir mas
194 1133 728 1180 porque me falta el aliento.
194 1186 722 1235 A espacio tormentos mios,
180 1240 749 1290 no me atormenteis, recelos;
928 238 1467 282 tristes memorais, dejadme
930 290 1434 334 despedirme de mi dueño:
923 343 1404 389 á Dios, adorada prenda,
918 396 1430 441 á Dios, hermoso Lucero,
924 449 1488 495 á Dios, Sol resplandeciente,
927 503 1560 547 á Dios, á Dios que me ausento.
937 557 1459 598 Que no me olvides te pido
928 611 1494 653 por lo mucho que te quiero,
927 664 1400 704 que yo me voy á penar
926 714 1455 758 en el mar de mí tormento.
923 769 1430 812 Ea, peces de esos mares,
927 821 1408 863 ya teneis un compañero,
928 874 1523 916 porque ya entre mis desdichas
923 927 1464 968 voy á mudar de Elemento.
928 982 1487 1024 Ya no puedo hablar palabra,
927 1035 1474 1077 que se me acaba el aliento,
930 1088 1418 1130 ya me faltan los vitales,
926 1144 1508 1185 ya estoy frio, ya estoy yerto,
928 1196 1578 1235 pues el que quiere y se ausenta,
912 1249 1522 1288 no es mucho se caiga muerto.
769 1698 1033 1743 Fin.
428 2258 1366 2302 CARMONA. —Imp. de D, Jesé Maria Moreno.
