1765 2512
246 230 276 268 2
157 277 761 318 porque en ausencia tan larga,
159 329 711 369 como es un año de tiempo,
159 383 539 421 es tanta la tropelía
158 435 778 475 de ánsias, penas, y tormentos,
164 489 640 528 que cercan mi corazon,
160 541 682 582 que parece está diciendo:
160 594 666 634 Hombre, si tienes amor,
160 646 752 688 no te ausentes de tu dueño
164 700 738 741 que la ausencia causa olvido,
164 753 666 793 cemo dicen los discretos.
171 806 705 846 Y responde mi obediencia,
169 860 676 900 que ya no tiene remedio,
168 912 602 958 y será cosa imposible
171 966 685 1007 poder deshacer lo hecho;
175 1018 716 1062 y pues ya de los humanos
165 1072 702 1112 no espero ningun remedio.
175 1125 648 1165 apelo de esta sentencia
176 1179 622 1218 á los divinos Luceros,
178 1231 722 1272 que en el Cielo de tu cara
172 1285 706 1325 alumbran con sus reflejos,
176 1337 739 1381 y á esa espada de dos filos
179 1390 767 1431 mas sutíl que el pensamiento
179 1443 692 1485 que aprisionada de perlas,
183 1496 672 1536 y rubíes de gran precio,
186 1550 675 1590 por custodia dos corales,
183 1602 730 1642 en proporcion tan perfectos,
179 1656 632 1696 unido se vé un clavel,
182 1709 736 1750 fragante, y en lo sangriento
181 1760 727 1802 parece que el Dios Cupido
185 1814 717 1856 hizo con su flecha empleo,
186 1868 690 1909 por donde respira ambar.
198 1920 676 1960 Y por fin de todo apelo
184 1974 724 2015 á ese marfil, á ese bronce,
188 2027 684 2069 á ese jaspe y oro terso,
191 2080 754 2120 á ese centro de crueldades,
196 2135 688 2175 á ese diamantigo pecho,
195 2186 619 2226 afrenta del alabastro
198 2241 678 2281 en lo cristalino, y bello,
193 2295 643 2334 en quien la naturaleza
895 267 1341 311 fabricó con tanto aséo
899 324 1412 364 dos hermosas margaritas,
896 376 1384 417 pomos de dulce veneno,
899 430 1389 470 dos precipicios del alma,
892 481 1511 524 que roban mis pensamientos,
895 533 1433 576 lo demas no sé esplicarlo,
901 584 1410 631 porque cuando considero
906 641 1399 684 tan sublimados primores,
895 692 1393 735 tan altos merecimientos,
901 747 1290 788 titubea mí discurso,
894 800 1397 841 y desfallece mi ingenio,
908 852 1386 893 y asi me faltan palabras
911 905 1385 948 para su encarecimiento.
904 960 1394 999 Sola tú á tí te compites,
908 1009 1553 1054 pues en todo el mundo es cierto
907 1062 1507 1107 no hallo con quien comparate:
962 1114 1423 1158 y si acaso algun discreto
910 1171 1510 1210 me culpare de que es mucho
911 1221 1479 1266 lo que tu hechizo encarezco,
913 1276 1397 1318 considera, que te adoro,
910 1330 1411 1376 y que despreciado peno,
913 1382 1527 1425 que te sirvo, y no me pagas,
911 1436 1537 1477 que me ausento, y que te dejo,
919 1490 1321 1530 entonces conocerás,
911 1541 1459 1583 la mucha razon que tengo,
913 1594 1559 1636 porque es de suerte, bien mio,
984 1648 1487 1690 el amor con que te quiero,
921 1702 1429 1743 que si todas las bellezas,
931 1754 1423 1796 las discreciones, y aseos
927 1808 1448 1848 compusieran un conjunto,
921 1859 1380 1902 y adornaran un sugeto
934 1911 1480 1957 con todos cuantos primores
926 1963 1463 2011 cupiera en lo mas perfecto
930 2020 1411 2062 para que yo lo adorase,
928 2073 1375 2114 desistiera del empleo;
934 2125 1448 2168 que idolatro en tu belleza
931 2178 1461 2223 tén prenda mia por cierto,
934 2230 1462 2275 que antes perdiera la vida
926 2283 1477 2329 que dejar de amar tu Cielo.
