1737 2508
330 221 934 269 particular hermosura;
324 278 919 327 y en lo interior cenicientas.
321 330 791 382 Asi fué esta falsa Circe,
318 385 763 435 ó encantadora Sirena,
322 441 820 490 comenzando desde lungo
320 496 853 549 á ser manjar de dos mesas;.
313 551 911 602 que cuando una muger quiere
318 604 860 655 no es dable que la detengan
308 656 852 714 las mas fuertes cerraduras,
304 711 817 767 aldabas, llaves y puertas:
301 764 915 826 porque cuando son mas falsas.
307 822 779 877 mas fácilmente falsean.
299 876 727 931 Con sigiloso secreto,
293 933 775 984 y sin que nadie lo viera
297 987 818 1042 entraba porque en la casa
289 1042 1538 1121 no habia mas que úna vieja le habra con todo secreto
297 1096 777 1152 y un esclavo que servia
304 1153 752 1206 para traer la despensa,
291 1206 825 1263 qne cuando el Sol se ponia
295 1260 815 1317 los dos el Sol puesto eran.
284 1313 802 1372 Mas por algnnos indicios,
287 1367 795 1429 tomó el marido sospecha,
283 1424 804 1484 mas no averiguaba nada,
287 1480 764 1536 aunque hacia diligencia;
282 1533 705 1589 disimulaba y callaba,
283 1590 861 1647 por ser mucha su prudencia
284 1645 965 1707 que no es bien que ningun hombre
267 1698 798 1754 le dé de sus zelos cuentas
273 1754 837 1811 á la muger, porque es darle
267 1810 740 1862 las luces, para que sea
272 1865 776 1920 lo que quizas no imagina,
265 1921 771 1976 ni en su pecho tal posea.
273 1977 831 2029 Por lo cual con gran secreto
263 2030 733 2084 hizo una llave maestra,
271 2087 747 2139 que la sala y dormitorio
268 2145 737 2200 abria con gran presteza.
260 2197 700 2257 Y ya con este seguro,
1567 210 1598 250 3
1048 241 1536 299 hechas estas diligencias,
1053 298 1689 351 fingió un dia con su Esposa,
1049 352 1564 408 diciéndole que era fuerza,
1049 407 1457 454 el hacer cierto viage
1046 462 1538 515 que le tenia gran cuenta;
1046 518 1517 568 de lo que ella pesarosar
1043 574 1674 623 fingia sentir su ausencia.
1040 629 1692 677 Se llegó el dia y la hora
1037 687 1660 734 en que á su viage füera
1031 742 1484 790 y muy bien apercibido.
1029 796 1641 845 de armas para su defensa
1024 848 1568 905 dejando á su esclavo dicho,
1028 906 1507 954 que á la noche venidera
1028 958 1458 1008 esté alerta y sigiloso,
945 1006 1661 1071 porque en llamando á la puerta
1021 1124 1538 1181 sin que la tierra lo sienta.
1019 1180 1514 1234 Encargado en el secreto
934 1223 1567 1293 quedó con toda obediencia;
1017 1292 1469 1339 y á la hora de partirse
1011 1344 1498 1398 se despidió con ternezas
1015 1402 1541 1456 de su Esposa, y al instante
1012 1455 1442 1508 vino como una saéta
1009 1511 1457 1564 el ya referido amante,
1009 1567 1473 1616 con la seguridad cierta
1006 1621 1551 1675 de no haber ningun estorbo
1003 1676 1523 1729 que sus gustos impidiera:
1001 1730 1527 1784 Se acostó bien descuidado
1004 1785 1532 1841 en el lecho á pierna suelta,
1003 1841 1538 1898 y al punto de media noche,
993 1894 1578 1956 cuando todo está en tinieblas,
973 1948 1469 2006 llegó el Marido y llamó,
991 2001 1546 2065 y el esclavo que está alerta,
985 2060 1504 2118 le abrió la puerta y entró,
981 2115 1458 2172 subió por las escaleras,
979 2171 1540 2232 llegó hasta su propia cama,
982 2229 1460 2285 y vió dos burtos en ellá,
