1737 2508
400 475 1579 518 EL FRAILE FINGIDO.
647 796 1247 839 SEGUNDA PARTE.
294 1007 822 1062 Brotando llamas de enojo,
248 1063 764 1114 como otro Leon rugiente,
248 1119 693 1167 el tal Mercader estaba
245 1172 827 1222 hecho un Mongibelo ardiente
235 1227 775 1278 aguardando por monentos
243 1282 655 1328 que su criado viniese
235 1338 665 1385 con el dicho religioso
235 1393 765 1443 para entrar y darle muerte
239 1452 720 1498 al Amante y á su Esposa,
237 1502 772 1554 sin que nadie lo impidiese,
232 1562 852 1608 que puede niucho una afrenta,
236 1614 833 1664 y hácia el honor mayormente.
225 1670 729 1715 Pero luego que el Esclavo
227 1724 724 1772 al mandato fué obediente
236 1781 688 1826 poco distante á su casa
221 1835 675 1879 acertó á vivir en frente
224 1890 740 1936 de Doña Eufrasia una Tia,
225 1945 811 1996 y aunque era hora indecente,
231 2002 709 2049 pues estaba á la ventana,
223 2055 638 2102 y conoció fácilmente
228 2111 730 2160 de su Sobrina el Esclavo,
220 2169 884 2215 porque en el mundo hay mugeres
223 2224 769 2272 que por saber cuanto pasa,
971 1019 1490 1065 de noche ni dia duermen.
965 1074 1526 1120 Llamándolo por su nombre,
976 1131 1547 1176 él con gran prontitud vuelve;
965 1186 1397 1228 preguntóle donde iba,
969 1243 1523 1290 y él humilde y obediente
966 1296 1467 1338 le dijo en pocas palabras
966 1350 1418 1396 del caso lo que sucede,
956 1405 1444 1451 sin fartarle cosa alguna;
963 1459 1536 1505 y al proviso ella en su mente
961 1514 1392 1560 previno una idea rara,
958 1573 1538 1613 que no es dable que la piense
955 1622 1550 1677 otra que á esta se parezca
952 1677 1552 1737 ni el Satánico Holofernes:
951 1734 1403 1779 diciéndole pues ahora
952 1787 1550 1844 es urgencia aqui de suerte
956 1841 1513 1907 que yo me yalga de tí
958 1899 1396 1944 y yo pretendo valerte,
957 1953 1512 2000 que te tendrá grande cuenta
956 2009 1418 2052 en los dias que vivieres.
946 2064 1536 2117 Yo te ofrezco cien ducados
940 2123 1532 2164 los mismos que prontos tienes
951 2174 1350 2217 para que tu libertad
942 2230 1530 2277 luego que quieras la ordenes;
