<?xml version="1.0" encoding="UTF-8" standalone="yes"?>
<PcGts xmlns="http://schema.primaresearch.org/PAGE/gts/pagecontent/2013-07-15" xmlns:xsi="http://www.w3.org/2001/XMLSchema-instance" xsi:schemaLocation="http://schema.primaresearch.org/PAGE/gts/pagecontent/2013-07-15 http://schema.primaresearch.org/PAGE/gts/pagecontent/2013-07-15/pagecontent.xsd">
    <Metadata>
        <Creator>prov=University of Rostock/Institute of Mathematics/CITlab|PLANET AI GmbH/Gundram Leifert/gundram.leifert@planet-ai.de:name=Pliegos de Cordel (XIXe) - v4(htr_id=27283)::::v=2.6.7
prov=University of Rostock/Institute of Mathematics/CITlab|PLANET AI GmbH/Tobias Gruening/tobias.gruening@planet-ai.de:name=de.uros.citlab.module.baseline2polygon.B2PSeamMultiOriented:v=2.6.7
prov=University of Rostock/Institute of Mathematics/CITlab|PLANET AI GmbH/Tobias Gruening/tobias.gruening@planet-ai.de:name=/net_tf/LA73_249_0mod360.pb:de.uros.citlab.segmentation.CITlab_LA_ML:v=2.6.7
Transkribus</Creator>
        <Created>2020-12-04T14:17:46.824+01:00</Created>
        <LastChange>2020-12-18T16:09:35.734+01:00</LastChange>
        <Comments>
                Measurement unit: pixel
                PrimaryLanguage: 
                Producer: Transkribus
            </Comments>
        <TranskribusMetadata docId="525392" pageId="22319485" pageNr="141" tsid="50433709" status="DONE" userId="66244" imgUrl="https://files.transkribus.eu/Get?id=YDPXNOIGJNQACIKTFIAELSAC&amp;fileType=view" xmlUrl="https://files.transkribus.eu/Get?id=SCATOPOQIMBCPFOTUTGPVHQQ" imageId="17389000"/>
    </Metadata>
    <Page imageFilename="Moreno_293_7.jpeg" imageWidth="1737" imageHeight="2508">
        <PrintSpace>
            <Coords points="0,0 1736,0 1736,2508 0,2508"/>
        </PrintSpace>
        <ReadingOrder>
            <OrderedGroup id="ro_1608304710252" caption="Regions reading order">
                <RegionRefIndexed index="0" regionRef="r_1_1"/>
                <RegionRefIndexed index="1" regionRef="r_2_1"/>
                <RegionRefIndexed index="2" regionRef="r_3_1"/>
            </OrderedGroup>
        </ReadingOrder>
        <TextRegion orientation="0.0" type="paragraph" id="r_1_1" custom="readingOrder {index:0;}">
            <Coords points="1492,142 1529,142 1529,192 1492,192"/>
            <TextLine id="r_1_1l1" custom="readingOrder {index:0;}">
                <Coords points="1500,232 1522,232 1522,82 1500,82"/>
                <Baseline points="1500,182 1522,182"/>
                <TextEquiv>
                    <Unicode>7</Unicode>
                </TextEquiv>
            </TextLine>
            <TextEquiv>
                <Unicode>7</Unicode>
            </TextEquiv>
        </TextRegion>
        <TextRegion orientation="0.0" type="paragraph" id="r_2_1" custom="readingOrder {index:1;}">
            <Coords points="214,195 877,195 877,2244 214,2244"/>
            <TextLine id="r_2_1l1" custom="readingOrder {index:0;}">
                <Coords points="254,250 281,252 309,253 337,253 365,254 393,254 421,254 449,254 477,254 505,253 533,253 560,252 588,252 616,252 644,251 672,251 700,251 728,251 756,251 784,252 812,253 812,213 784,212 756,211 728,211 700,211 672,211 644,211 616,212 588,212 560,212 533,213 505,213 477,214 449,214 421,214 393,214 365,214 337,213 309,213 281,212 254,210"/>
                <Baseline points="254,237 281,239 309,240 337,240 365,241 393,241 421,241 449,241 477,241 505,240 533,240 560,239 588,239 616,239 644,238 672,238 700,238 728,238 756,238 784,239 812,240"/>
                <TextEquiv>
                    <Unicode>que vos tenéis tal sospecha</Unicode>
                </TextEquiv>
            </TextLine>
            <TextLine id="r_2_1l2" custom="readingOrder {index:1;}">
                <Coords points="259,309 284,309 310,310 335,310 361,310 387,310 412,310 438,310 463,310 489,309 515,309 540,309 566,309 591,308 617,308 643,308 668,308 694,309 719,309 745,309 771,310 771,270 745,269 719,269 694,269 668,268 643,268 617,268 591,268 566,269 540,269 515,269 489,269 463,270 438,270 412,270 387,270 361,270 335,270 310,270 284,269 259,269"/>
                <Baseline points="259,296 284,296 310,297 335,297 361,297 387,297 412,297 438,297 463,297 489,296 515,296 540,296 566,296 591,295 617,295 643,295 668,295 694,296 719,296 745,296 771,297"/>
                <TextEquiv>
                    <Unicode>de tal arrojo imprudente,</Unicode>
                </TextEquiv>
            </TextLine>
            <TextLine id="r_2_1l3" custom="readingOrder {index:2;}">
                <Coords points="259,365 284,365 310,366 336,367 362,367 388,367 414,367 440,367 466,367 492,367 517,367 543,366 569,366 595,366 621,366 647,366 673,366 699,366 725,366 751,367 751,327 725,326 699,326 673,326 647,326 621,326 595,326 569,326 543,326 517,327 492,327 466,327 440,327 414,327 388,327 362,327 336,327 310,326 284,325 259,325"/>
                <Baseline points="259,352 284,352 310,353 336,354 362,354 388,354 414,354 440,354 466,354 492,354 517,354 543,353 569,353 595,353 621,353 647,353 673,353 699,353 725,353 751,354"/>
                <TextEquiv>
                    <Unicode>que vos habeis inventado</Unicode>
                </TextEquiv>
            </TextLine>
            <TextLine id="r_2_1l4" custom="readingOrder {index:3;}">
                <Coords points="263,425 292,425 321,425 350,425 379,425 408,425 437,425 467,425 496,425 525,424 554,424 583,424 612,424 641,424 671,424 700,424 729,425 758,426 787,427 816,428 846,430 846,390 816,388 787,387 758,386 729,385 700,384 671,384 641,384 612,384 583,384 554,384 525,384 496,385 467,385 437,385 408,385 379,385 350,385 321,385 292,385 263,385"/>
                <Baseline points="263,412 292,412 321,412 350,412 379,412 408,412 437,412 467,412 496,412 525,411 554,411 583,411 612,411 641,411 671,411 700,411 729,412 758,413 787,414 816,415 846,417"/>
                <TextEquiv>
                    <Unicode>contra el honor de esa gente,</Unicode>
                </TextEquiv>
            </TextLine>
            <TextLine id="r_2_1l5" custom="readingOrder {index:4;}">
                <Coords points="255,481 281,481 307,481 333,481 359,481 385,481 411,481 437,481 463,481 489,481 515,481 541,482 567,482 593,482 619,483 645,484 671,484 697,485 723,486 723,446 697,445 671,444 645,444 619,443 593,442 567,442 541,442 515,441 489,441 463,441 437,441 411,441 385,441 359,441 333,441 307,441 281,441 255,441"/>
                <Baseline points="255,468 281,468 307,468 333,468 359,468 385,468 411,468 437,468 463,468 489,468 515,468 541,469 567,469 593,469 619,470 645,471 671,471 697,472 723,473"/>
                <TextEquiv>
                    <Unicode>que no digo yo quitaros</Unicode>
                </TextEquiv>
            </TextLine>
            <TextLine id="r_2_1l6" custom="readingOrder {index:5;}">
                <Coords points="248,540 274,540 300,540 326,540 352,540 379,540 405,540 431,540 457,541 484,541 510,541 536,542 562,542 589,542 615,543 641,544 667,544 694,546 694,506 667,504 641,504 615,503 589,502 562,502 536,502 510,501 484,501 457,501 431,500 405,500 379,500 352,500 326,500 300,500 274,500 248,500"/>
                <Baseline points="248,527 274,527 300,527 326,527 352,527 379,527 405,527 431,527 457,528 484,528 510,528 536,529 562,529 589,529 615,530 641,531 667,531 694,533"/>
                <TextEquiv>
                    <Unicode>la vida tan solamente,</Unicode>
                </TextEquiv>
            </TextLine>
            <TextLine id="r_2_1l7" custom="readingOrder {index:6;}">
                <Coords points="248,596 274,596 300,597 326,597 352,598 379,598 405,598 431,599 457,599 483,599 510,599 536,600 562,600 588,600 614,600 641,601 667,601 693,601 719,602 746,602 746,562 719,562 693,561 667,561 641,561 614,560 588,560 562,560 536,560 510,559 483,559 457,559 431,559 405,558 379,558 352,558 326,557 300,557 274,556 248,556"/>
                <Baseline points="248,583 274,583 300,584 326,584 352,585 379,585 405,585 431,586 457,586 483,586 510,586 536,587 562,587 588,587 614,587 641,588 667,588 693,588 719,589 746,589"/>
                <TextEquiv>
                    <Unicode>sino que os han de dejar</Unicode>
                </TextEquiv>
            </TextLine>
            <TextLine id="r_2_1l8" custom="readingOrder {index:7;}">
                <Coords points="248,655 273,655 299,656 325,656 351,656 377,656 403,656 429,656 455,656 481,656 507,655 533,655 559,655 585,656 611,656 637,656 663,657 689,658 715,659 715,619 689,618 663,617 637,616 611,616 585,616 559,615 533,615 507,615 481,616 455,616 429,616 403,616 377,616 351,616 325,616 299,616 273,615 248,615"/>
                <Baseline points="248,642 273,642 299,643 325,643 351,643 377,643 403,643 429,643 455,643 481,643 507,642 533,642 559,642 585,643 611,643 637,643 663,644 689,645 715,646"/>
                <TextEquiv>
                    <Unicode>arrimado á las paredes,</Unicode>
                </TextEquiv>
            </TextLine>
            <TextLine id="r_2_1l9" custom="readingOrder {index:8;}">
                <Coords points="250,712 275,712 301,712 327,712 353,712 379,712 405,712 430,712 456,712 482,712 508,712 534,712 560,713 585,713 611,713 637,713 663,714 689,715 715,716 715,676 689,675 663,674 637,673 611,673 585,673 560,673 534,672 508,672 482,672 456,672 430,672 405,672 379,672 353,672 327,672 301,672 275,672 250,672"/>
                <Baseline points="250,699 275,699 301,699 327,699 353,699 379,699 405,699 430,699 456,699 482,699 508,699 534,699 560,700 585,700 611,700 637,700 663,701 689,702 715,703"/>
                <TextEquiv>
                    <Unicode>ó echaros donde jamás</Unicode>
                </TextEquiv>
            </TextLine>
            <TextLine id="r_2_1l10" custom="readingOrder {index:9;}">
                <Coords points="239,773 268,773 297,772 327,772 356,772 386,772 415,772 444,772 474,772 503,772 533,772 562,773 592,773 621,773 650,773 680,774 709,774 739,775 768,775 798,776 798,736 768,735 739,735 709,734 680,734 650,733 621,733 592,733 562,733 533,732 503,732 474,732 444,732 415,732 386,732 356,732 327,732 297,732 268,733 239,733"/>
                <Baseline points="239,760 268,760 297,759 327,759 356,759 386,759 415,759 444,759 474,759 503,759 533,759 562,760 592,760 621,760 650,760 680,761 709,761 739,762 768,762 798,763"/>
                <TextEquiv>
                    <Unicode>ninguno de vos se acuerde:</Unicode>
                </TextEquiv>
            </TextLine>
            <TextLine id="r_2_1l11" custom="readingOrder {index:10;}">
                <Coords points="247,828 275,829 303,830 332,831 360,832 388,832 417,832 445,832 473,832 502,832 530,832 559,832 587,831 615,832 644,832 672,832 700,832 729,833 757,835 786,835 786,795 757,795 729,793 700,792 672,792 644,792 615,792 587,791 559,792 530,792 502,792 473,792 445,792 417,792 388,792 360,792 332,791 303,790 275,789 247,788"/>
                <Baseline points="247,815 275,816 303,817 332,818 360,819 388,819 417,819 445,819 473,819 502,819 530,819 559,819 587,818 615,819 644,819 672,819 700,819 729,820 757,822 786,822"/>
                <TextEquiv>
                    <Unicode>y así mirar por vos mismo,</Unicode>
                </TextEquiv>
            </TextLine>
            <TextLine id="r_2_1l12" custom="readingOrder {index:11;}">
                <Coords points="250,889 280,890 311,890 342,891 373,891 404,891 434,891 465,891 496,891 527,892 558,892 588,892 619,892 650,892 681,892 712,892 742,892 773,893 804,893 835,894 866,895 866,853 835,852 804,851 773,851 742,850 712,850 681,850 650,850 619,850 588,850 558,850 527,850 496,849 465,849 434,849 404,849 373,849 342,849 311,848 280,848 250,847"/>
                <Baseline points="250,875 280,876 311,876 342,877 373,877 404,877 434,877 465,877 496,877 527,878 558,878 588,878 619,878 650,878 681,878 712,878 742,878 773,879 804,879 835,880 866,881"/>
                <TextEquiv>
                    <Unicode>que un hombre no todas veces,</Unicode>
                </TextEquiv>
            </TextLine>
            <TextLine id="r_2_1l13" custom="readingOrder {index:12;}">
                <Coords points="248,947 274,948 300,949 326,949 352,950 378,950 404,950 430,950 456,950 482,950 509,950 535,950 561,950 587,950 613,950 639,950 665,950 691,950 717,950 743,950 770,950 770,908 743,908 717,908 691,908 665,908 639,908 613,908 587,908 561,908 535,908 509,908 482,908 456,908 430,908 404,908 378,908 352,908 326,907 300,907 274,906 248,905"/>
                <Baseline points="248,933 274,934 300,935 326,935 352,936 378,936 404,936 430,936 456,936 482,936 509,936 535,936 561,936 587,936 613,936 639,936 665,936 691,936 717,936 743,936 770,936"/>
                <TextEquiv>
                    <Unicode>aunque tenga algun recelo</Unicode>
                </TextEquiv>
            </TextLine>
            <TextLine id="r_2_1l14" custom="readingOrder {index:13;}">
                <Coords points="251,1003 276,1004 301,1005 327,1006 352,1006 378,1007 403,1007 429,1007 454,1007 480,1007 505,1007 530,1007 556,1006 581,1006 607,1006 632,1006 658,1007 683,1007 709,1008 734,1009 760,1010 760,970 734,969 709,968 683,967 658,967 632,966 607,966 581,966 556,966 530,967 505,967 480,967 454,967 429,967 403,967 378,967 352,966 327,966 301,965 276,964 251,963"/>
                <Baseline points="251,990 276,991 301,992 327,993 352,993 378,994 403,994 429,994 454,994 480,994 505,994 530,994 556,993 581,993 607,993 632,993 658,994 683,994 709,995 734,996 760,997"/>
                <TextEquiv>
                    <Unicode>puede decir lo que siente.</Unicode>
                </TextEquiv>
            </TextLine>
            <TextLine id="r_2_1l15" custom="readingOrder {index:14;}">
                <Coords points="239,1064 268,1064 297,1064 326,1064 356,1064 385,1064 414,1064 444,1064 473,1064 502,1064 532,1064 561,1064 590,1065 619,1065 649,1065 678,1065 707,1065 737,1065 766,1065 795,1066 825,1066 825,1026 795,1026 766,1025 737,1025 707,1025 678,1025 649,1025 619,1025 590,1025 561,1024 532,1024 502,1024 473,1024 444,1024 414,1024 385,1024 356,1024 326,1024 297,1024 268,1024 239,1024"/>
                <Baseline points="239,1051 268,1051 297,1051 326,1051 356,1051 385,1051 414,1051 444,1051 473,1051 502,1051 532,1051 561,1051 590,1052 619,1052 649,1052 678,1052 707,1052 737,1052 766,1052 795,1053 825,1053"/>
                <TextEquiv>
                    <Unicode>Qué desdichas no os vinieran</Unicode>
                </TextEquiv>
            </TextLine>
            <TextLine id="r_2_1l16" custom="readingOrder {index:15;}">
                <Coords points="239,1122 265,1123 292,1124 319,1124 345,1125 372,1125 399,1125 425,1126 452,1126 479,1126 506,1126 532,1126 559,1125 586,1125 612,1125 639,1125 666,1125 692,1125 719,1125 746,1126 773,1126 773,1084 746,1084 719,1083 692,1083 666,1083 639,1083 612,1083 586,1083 559,1083 532,1084 506,1084 479,1084 452,1084 425,1084 399,1083 372,1083 345,1083 319,1082 292,1082 265,1081 239,1080"/>
                <Baseline points="239,1108 265,1109 292,1110 319,1110 345,1111 372,1111 399,1111 425,1112 452,1112 479,1112 506,1112 532,1112 559,1111 586,1111 612,1111 639,1111 666,1111 692,1111 719,1111 746,1112 773,1112"/>
                <TextEquiv>
                    <Unicode>qué ruinas, qué accidentes</Unicode>
                </TextEquiv>
            </TextLine>
            <TextLine id="r_2_1l17" custom="readingOrder {index:16;}">
                <Coords points="236,1180 262,1181 288,1181 314,1182 340,1182 367,1183 393,1183 419,1183 445,1183 471,1183 498,1182 524,1182 550,1182 576,1182 602,1182 629,1182 655,1182 681,1183 707,1183 734,1184 734,1144 707,1143 681,1143 655,1142 629,1142 602,1142 576,1142 550,1142 524,1142 498,1142 471,1143 445,1143 419,1143 393,1143 367,1143 340,1142 314,1142 288,1141 262,1141 236,1140"/>
                <Baseline points="236,1167 262,1168 288,1168 314,1169 340,1169 367,1170 393,1170 419,1170 445,1170 471,1170 498,1169 524,1169 550,1169 576,1169 602,1169 629,1169 655,1169 681,1170 707,1170 734,1171"/>
                <TextEquiv>
                    <Unicode>en honor, fama y caudal,</Unicode>
                </TextEquiv>
            </TextLine>
            <TextLine id="r_2_1l18" custom="readingOrder {index:17;}">
                <Coords points="240,1238 265,1238 291,1238 317,1238 343,1238 369,1238 395,1238 421,1238 447,1238 473,1238 498,1238 524,1239 550,1239 576,1239 602,1239 628,1240 654,1240 680,1241 706,1241 732,1242 732,1202 706,1201 680,1201 654,1200 628,1200 602,1199 576,1199 550,1199 524,1199 498,1198 473,1198 447,1198 421,1198 395,1198 369,1198 343,1198 317,1198 291,1198 265,1198 240,1198"/>
                <Baseline points="240,1225 265,1225 291,1225 317,1225 343,1225 369,1225 395,1225 421,1225 447,1225 473,1225 498,1225 524,1226 550,1226 576,1226 602,1226 628,1227 654,1227 680,1228 706,1228 732,1229"/>
                <TextEquiv>
                    <Unicode>si un absurdo como este</Unicode>
                </TextEquiv>
            </TextLine>
            <TextLine id="r_2_1l19" custom="readingOrder {index:18;}">
                <Coords points="233,1296 258,1296 283,1296 308,1296 333,1296 358,1296 384,1296 409,1296 434,1296 459,1296 484,1296 510,1296 535,1297 560,1298 585,1298 610,1300 636,1301 636,1259 610,1258 585,1256 560,1256 535,1255 510,1254 484,1254 459,1254 434,1254 409,1254 384,1254 358,1254 333,1254 308,1254 283,1254 258,1254 233,1254"/>
                <Baseline points="233,1282 258,1282 283,1282 308,1282 333,1282 358,1282 384,1282 409,1282 434,1282 459,1282 484,1282 510,1282 535,1283 560,1284 585,1284 610,1286 636,1287"/>
                <TextEquiv>
                    <Unicode>hubiérais ejecutado,</Unicode>
                </TextEquiv>
            </TextLine>
            <TextLine id="r_2_1l20" custom="readingOrder {index:19;}">
                <Coords points="236,1353 263,1353 291,1354 319,1354 346,1354 374,1354 402,1354 429,1354 457,1355 485,1355 513,1355 540,1355 568,1356 596,1356 623,1356 651,1357 679,1358 706,1359 734,1359 762,1361 790,1362 790,1320 762,1319 734,1317 706,1317 679,1316 651,1315 623,1314 596,1314 568,1314 540,1313 513,1313 485,1313 457,1313 429,1312 402,1312 374,1312 346,1312 319,1312 291,1312 263,1311 236,1311"/>
                <Baseline points="236,1339 263,1339 291,1340 319,1340 346,1340 374,1340 402,1340 429,1340 457,1341 485,1341 513,1341 540,1341 568,1342 596,1342 623,1342 651,1343 679,1344 706,1345 734,1345 762,1347 790,1348"/>
                <TextEquiv>
                    <Unicode>si el Supremo Omnipotente,</Unicode>
                </TextEquiv>
            </TextLine>
            <TextLine id="r_2_1l21" custom="readingOrder {index:20;}">
                <Coords points="239,1413 269,1413 299,1413 329,1413 359,1413 389,1414 419,1414 449,1414 479,1414 509,1414 539,1414 569,1414 599,1415 629,1415 659,1416 689,1416 719,1417 749,1418 779,1418 809,1420 840,1421 840,1379 809,1378 779,1376 749,1376 719,1375 689,1374 659,1374 629,1373 599,1373 569,1372 539,1372 509,1372 479,1372 449,1372 419,1372 389,1372 359,1371 329,1371 299,1371 269,1371 239,1371"/>
                <Baseline points="239,1399 269,1399 299,1399 329,1399 359,1399 389,1400 419,1400 449,1400 479,1400 509,1400 539,1400 569,1400 599,1401 629,1401 659,1402 689,1402 719,1403 749,1404 779,1404 809,1406 840,1407"/>
                <TextEquiv>
                    <Unicode>que es Dios, que todo lo sabe,</Unicode>
                </TextEquiv>
            </TextLine>
            <TextLine id="r_2_1l22" custom="readingOrder {index:21;}">
                <Coords points="226,1472 252,1472 278,1472 304,1472 330,1472 356,1472 382,1472 408,1472 434,1472 460,1472 487,1472 513,1473 539,1473 565,1473 591,1473 617,1474 643,1474 669,1474 695,1474 721,1475 748,1475 748,1433 721,1433 695,1432 669,1432 643,1432 617,1432 591,1431 565,1431 539,1431 513,1431 487,1430 460,1430 434,1430 408,1430 382,1430 356,1430 330,1430 304,1430 278,1430 252,1430 226,1430"/>
                <Baseline points="226,1458 252,1458 278,1458 304,1458 330,1458 356,1458 382,1458 408,1458 434,1458 460,1458 487,1458 513,1459 539,1459 565,1459 591,1459 617,1460 643,1460 669,1460 695,1460 721,1461 748,1461"/>
                <TextEquiv>
                    <Unicode>no os diera primeramente</Unicode>
                </TextEquiv>
            </TextLine>
            <TextLine id="r_2_1l23" custom="readingOrder {index:22;}">
                <Coords points="232,1529 257,1529 283,1529 309,1530 335,1530 360,1530 386,1530 412,1530 438,1530 463,1530 489,1530 515,1531 541,1531 566,1531 592,1531 618,1531 644,1531 644,1489 618,1489 592,1489 566,1489 541,1489 515,1489 489,1488 463,1488 438,1488 412,1488 386,1488 360,1488 335,1488 309,1488 283,1487 257,1487 232,1487"/>
                <Baseline points="232,1515 257,1515 283,1515 309,1516 335,1516 360,1516 386,1516 412,1516 438,1516 463,1516 489,1516 515,1517 541,1517 566,1517 592,1517 618,1517 644,1517"/>
                <TextEquiv>
                    <Unicode>arbitrio para mandar</Unicode>
                </TextEquiv>
            </TextLine>
            <TextLine id="r_2_1l24" custom="readingOrder {index:23;}">
                <Coords points="227,1586 253,1587 280,1588 307,1588 334,1589 361,1589 388,1589 415,1589 442,1590 469,1590 496,1590 522,1590 549,1590 576,1590 603,1590 630,1590 657,1590 684,1590 711,1591 738,1591 765,1591 765,1549 738,1549 711,1549 684,1548 657,1548 630,1548 603,1548 576,1548 549,1548 522,1548 496,1548 469,1548 442,1548 415,1547 388,1547 361,1547 334,1547 307,1546 280,1546 253,1545 227,1544"/>
                <Baseline points="227,1572 253,1573 280,1574 307,1574 334,1575 361,1575 388,1575 415,1575 442,1576 469,1576 496,1576 522,1576 549,1576 576,1576 603,1576 630,1576 657,1576 684,1576 711,1577 738,1577 765,1577"/>
                <TextEquiv>
                    <Unicode>que un Confesor se trajese?</Unicode>
                </TextEquiv>
            </TextLine>
            <TextLine id="r_2_1l25" custom="readingOrder {index:24;}">
                <Coords points="224,1648 255,1648 286,1648 317,1648 349,1647 380,1647 411,1647 443,1647 474,1647 505,1647 537,1647 568,1647 599,1647 630,1648 662,1648 693,1649 724,1649 756,1650 787,1651 818,1652 850,1653 850,1611 818,1610 787,1609 756,1608 724,1607 693,1607 662,1606 630,1606 599,1605 568,1605 537,1605 505,1605 474,1605 443,1605 411,1605 380,1605 349,1605 317,1606 286,1606 255,1606 224,1606"/>
                <Baseline points="224,1634 255,1634 286,1634 317,1634 349,1633 380,1633 411,1633 443,1633 474,1633 505,1633 537,1633 568,1633 599,1633 630,1634 662,1634 693,1635 724,1635 756,1636 787,1637 818,1638 850,1639"/>
                <TextEquiv>
                    <Unicode>favor que ha ordenado el Cielo,</Unicode>
                </TextEquiv>
            </TextLine>
            <TextLine id="r_2_1l26" custom="readingOrder {index:25;}">
                <Coords points="227,1705 252,1705 278,1705 304,1705 330,1706 356,1705 382,1705 407,1705 433,1705 459,1705 485,1705 511,1705 537,1705 562,1705 588,1705 614,1706 640,1707 666,1708 692,1709 692,1667 666,1666 640,1665 614,1664 588,1663 562,1663 537,1663 511,1663 485,1663 459,1663 433,1663 407,1663 382,1663 356,1663 330,1664 304,1663 278,1663 252,1663 227,1663"/>
                <Baseline points="227,1691 252,1691 278,1691 304,1691 330,1692 356,1691 382,1691 407,1691 433,1691 459,1691 485,1691 511,1691 537,1691 562,1691 588,1691 614,1692 640,1693 666,1694 692,1695"/>
                <TextEquiv>
                    <Unicode>y ha sido tan aparente,</Unicode>
                </TextEquiv>
            </TextLine>
            <TextLine id="r_2_1l27" custom="readingOrder {index:26;}">
                <Coords points="229,1765 256,1765 283,1765 310,1765 337,1765 364,1765 391,1764 419,1764 446,1764 473,1763 500,1763 527,1763 554,1763 581,1763 609,1763 636,1763 663,1764 690,1765 717,1766 744,1767 772,1769 772,1727 744,1725 717,1724 690,1723 663,1722 636,1721 609,1721 581,1721 554,1721 527,1721 500,1721 473,1721 446,1722 419,1722 391,1722 364,1723 337,1723 310,1723 283,1723 256,1723 229,1723"/>
                <Baseline points="229,1751 256,1751 283,1751 310,1751 337,1751 364,1751 391,1750 419,1750 446,1750 473,1749 500,1749 527,1749 554,1749 581,1749 609,1749 636,1749 663,1750 690,1751 717,1752 744,1753 772,1755"/>
                <TextEquiv>
                    <Unicode>que acertó á ser mi devota,</Unicode>
                </TextEquiv>
            </TextLine>
            <TextLine id="r_2_1l28" custom="readingOrder {index:27;}">
                <Coords points="225,1822 250,1822 276,1822 302,1822 328,1822 354,1822 379,1821 405,1821 431,1821 457,1821 483,1820 508,1820 534,1820 560,1820 586,1820 612,1820 637,1821 663,1821 689,1821 715,1822 741,1823 741,1783 715,1782 689,1781 663,1781 637,1781 612,1780 586,1780 560,1780 534,1780 508,1780 483,1780 457,1781 431,1781 405,1781 379,1781 354,1782 328,1782 302,1782 276,1782 250,1782 225,1782"/>
                <Baseline points="225,1809 250,1809 276,1809 302,1809 328,1809 354,1809 379,1808 405,1808 431,1808 457,1808 483,1807 508,1807 534,1807 560,1807 586,1807 612,1807 637,1808 663,1808 689,1808 715,1809 741,1810"/>
                <TextEquiv>
                    <Unicode>y ha mucho mi penitente.</Unicode>
                </TextEquiv>
            </TextLine>
            <TextLine id="r_2_1l29" custom="readingOrder {index:28;}">
                <Coords points="222,1880 247,1880 273,1880 299,1880 325,1880 350,1879 376,1879 402,1879 428,1879 454,1878 479,1878 505,1878 531,1878 557,1878 583,1879 608,1879 634,1880 660,1881 686,1882 712,1883 712,1841 686,1840 660,1839 634,1838 608,1837 583,1837 557,1836 531,1836 505,1836 479,1836 454,1836 428,1837 402,1837 376,1837 350,1837 325,1838 299,1838 273,1838 247,1838 222,1838"/>
                <Baseline points="222,1866 247,1866 273,1866 299,1866 325,1866 350,1865 376,1865 402,1865 428,1865 454,1864 479,1864 505,1864 531,1864 557,1864 583,1865 608,1865 634,1866 660,1867 686,1868 712,1869"/>
                <TextEquiv>
                    <Unicode>Y asi de hoy por demás,</Unicode>
                </TextEquiv>
            </TextLine>
            <TextLine id="r_2_1l30" custom="readingOrder {index:29;}">
                <Coords points="227,1940 258,1939 290,1939 321,1939 353,1938 384,1938 416,1938 447,1938 479,1937 510,1937 542,1937 574,1938 605,1938 637,1938 668,1938 700,1939 731,1940 763,1940 794,1941 826,1942 858,1943 858,1901 826,1900 794,1899 763,1898 731,1898 700,1897 668,1896 637,1896 605,1896 574,1896 542,1895 510,1895 479,1895 447,1896 416,1896 384,1896 353,1896 321,1897 290,1897 258,1897 227,1898"/>
                <Baseline points="227,1926 258,1925 290,1925 321,1925 353,1924 384,1924 416,1924 447,1924 479,1923 510,1923 542,1923 574,1924 605,1924 637,1924 668,1924 700,1925 731,1926 763,1926 794,1927 826,1928 858,1929"/>
                <TextEquiv>
                    <Unicode>os mando hagais pues conviene</Unicode>
                </TextEquiv>
            </TextLine>
            <TextLine id="r_2_1l31" custom="readingOrder {index:30;}">
                <Coords points="215,1997 241,1997 267,1997 293,1997 319,1997 345,1997 371,1997 397,1996 423,1996 449,1996 476,1995 502,1995 528,1995 554,1995 580,1995 606,1996 632,1996 658,1997 684,1997 711,1999 711,1957 684,1955 658,1955 632,1954 606,1954 580,1953 554,1953 528,1953 502,1953 476,1953 449,1954 423,1954 397,1954 371,1955 345,1955 319,1955 293,1955 267,1955 241,1955 215,1955"/>
                <Baseline points="215,1983 241,1983 267,1983 293,1983 319,1983 345,1983 371,1983 397,1982 423,1982 449,1982 476,1981 502,1981 528,1981 554,1981 580,1981 606,1982 632,1982 658,1983 684,1983 711,1985"/>
                <TextEquiv>
                    <Unicode>libro nuevo, y que vivais</Unicode>
                </TextEquiv>
            </TextLine>
            <TextLine id="r_2_1l32" custom="readingOrder {index:31;}">
                <Coords points="222,2055 247,2055 272,2055 297,2055 322,2055 348,2055 373,2055 398,2055 423,2055 449,2055 474,2055 499,2055 524,2055 549,2055 575,2056 600,2056 625,2056 650,2057 676,2058 676,2016 650,2015 625,2014 600,2014 575,2014 549,2013 524,2013 499,2013 474,2013 449,2013 423,2013 398,2013 373,2013 348,2013 322,2013 297,2013 272,2013 247,2013 222,2013"/>
                <Baseline points="222,2041 247,2041 272,2041 297,2041 322,2041 348,2041 373,2041 398,2041 423,2041 449,2041 474,2041 499,2041 524,2041 549,2041 575,2042 600,2042 625,2042 650,2043 676,2044"/>
                <TextEquiv>
                    <Unicode>quieta y pacificamente,</Unicode>
                </TextEquiv>
            </TextLine>
            <TextLine id="r_2_1l33" custom="readingOrder {index:32;}">
                <Coords points="227,2113 258,2113 289,2113 321,2113 352,2113 383,2113 415,2113 446,2113 477,2113 509,2113 540,2114 571,2114 603,2114 634,2114 665,2115 697,2115 728,2116 759,2117 791,2118 822,2119 854,2120 854,2078 822,2077 791,2076 759,2075 728,2074 697,2073 665,2073 634,2072 603,2072 571,2072 540,2072 509,2071 477,2071 446,2071 415,2071 383,2071 352,2071 321,2071 289,2071 258,2071 227,2071"/>
                <Baseline points="227,2099 258,2099 289,2099 321,2099 352,2099 383,2099 415,2099 446,2099 477,2099 509,2099 540,2100 571,2100 603,2100 634,2100 665,2101 697,2101 728,2102 759,2103 791,2104 822,2105 854,2106"/>
                <TextEquiv>
                    <Unicode>pues os dió el Cielo una Esposa,</Unicode>
                </TextEquiv>
            </TextLine>
            <TextLine id="r_2_1l34" custom="readingOrder {index:33;}">
                <Coords points="221,2170 248,2171 276,2171 304,2171 332,2171 360,2172 388,2172 415,2172 443,2172 471,2172 499,2172 527,2173 555,2173 583,2173 610,2173 638,2174 666,2174 694,2175 722,2175 750,2176 778,2176 778,2134 750,2134 722,2133 694,2133 666,2132 638,2132 610,2131 583,2131 555,2131 527,2131 499,2130 471,2130 443,2130 415,2130 388,2130 360,2130 332,2129 304,2129 276,2129 248,2129 221,2128"/>
                <Baseline points="221,2156 248,2157 276,2157 304,2157 332,2157 360,2158 388,2158 415,2158 443,2158 471,2158 499,2158 527,2159 555,2159 583,2159 610,2159 638,2160 666,2160 694,2161 722,2161 750,2162 778,2162"/>
                <TextEquiv>
                    <Unicode>que solo un Rey la merece:</Unicode>
                </TextEquiv>
            </TextLine>
            <TextLine id="r_2_1l35" custom="readingOrder {index:34;}">
                <Coords points="223,2229 253,2230 283,2231 314,2231 344,2231 375,2232 405,2232 436,2232 466,2232 497,2233 527,2233 557,2233 588,2233 618,2233 649,2234 679,2234 710,2234 740,2235 771,2235 801,2236 832,2237 832,2195 801,2194 771,2193 740,2193 710,2192 679,2192 649,2192 618,2191 588,2191 557,2191 527,2191 497,2191 466,2190 436,2190 405,2190 375,2190 344,2189 314,2189 283,2189 253,2188 223,2187"/>
                <Baseline points="223,2215 253,2216 283,2217 314,2217 344,2217 375,2218 405,2218 436,2218 466,2218 497,2219 527,2219 557,2219 588,2219 618,2219 649,2220 679,2220 710,2220 740,2221 771,2221 801,2222 832,2223"/>
                <TextEquiv>
                    <Unicode>quedad en paz, Dios os guarde</Unicode>
                </TextEquiv>
            </TextLine>
            <TextEquiv>
                <Unicode>que vos tenéis tal sospecha
de tal arrojo imprudente,
que vos habeis inventado
contra el honor de esa gente,
que no digo yo quitaros
la vida tan solamente,
sino que os han de dejar
arrimado á las paredes,
ó echaros donde jamás
ninguno de vos se acuerde:
y así mirar por vos mismo,
que un hombre no todas veces,
aunque tenga algun recelo
puede decir lo que siente.
Qué desdichas no os vinieran
qué ruinas, qué accidentes
en honor, fama y caudal,
si un absurdo como este
hubiérais ejecutado,
si el Supremo Omnipotente,
que es Dios, que todo lo sabe,
no os diera primeramente
arbitrio para mandar
que un Confesor se trajese?
favor que ha ordenado el Cielo,
y ha sido tan aparente,
que acertó á ser mi devota,
y ha mucho mi penitente.
Y asi de hoy por demás,
os mando hagais pues conviene
libro nuevo, y que vivais
quieta y pacificamente,
pues os dió el Cielo una Esposa,
que solo un Rey la merece:
quedad en paz, Dios os guarde</Unicode>
            </TextEquiv>
        </TextRegion>
        <TextRegion orientation="0.0" type="paragraph" id="r_3_1" custom="readingOrder {index:2;}">
            <Coords points="939,197 1657,197 1657,2246 939,2246"/>
            <TextLine id="r_3_1l2" custom="readingOrder {index:0;}">
                <Coords points="943,249 968,250 993,251 1018,252 1043,252 1069,253 1094,253 1119,253 1144,253 1169,253 1195,253 1220,253 1245,253 1270,252 1295,252 1321,252 1346,252 1371,252 1396,252 1421,252 1447,253 1447,213 1421,212 1396,212 1371,212 1346,212 1321,212 1295,212 1270,212 1245,213 1220,213 1195,213 1169,213 1144,213 1119,213 1094,213 1069,213 1043,212 1018,212 993,211 968,210 943,209"/>
                <Baseline points="943,236 968,237 993,238 1018,239 1043,239 1069,240 1094,240 1119,240 1144,240 1169,240 1195,240 1220,240 1245,240 1270,239 1295,239 1321,239 1346,239 1371,239 1396,239 1421,239 1447,240"/>
                <TextEquiv>
                    <Unicode>en felicidades siempre.</Unicode>
                </TextEquiv>
            </TextLine>
            <TextLine id="r_3_1l4" custom="readingOrder {index:1;}">
                <Coords points="986,310 1011,310 1037,309 1062,309 1088,309 1113,309 1139,309 1164,309 1190,309 1215,310 1241,310 1266,310 1292,310 1317,311 1343,311 1368,311 1394,311 1419,311 1445,311 1470,312 1496,312 1496,272 1470,272 1445,271 1419,271 1394,271 1368,271 1343,271 1317,271 1292,270 1266,270 1241,270 1215,270 1190,269 1164,269 1139,269 1113,269 1088,269 1062,269 1037,269 1011,270 986,270"/>
                <Baseline points="986,297 1011,297 1037,296 1062,296 1088,296 1113,296 1139,296 1164,296 1190,296 1215,297 1241,297 1266,297 1292,297 1317,298 1343,298 1368,298 1394,298 1419,298 1445,298 1470,299 1496,299"/>
                <TextEquiv>
                    <Unicode>Se fué el Santo Religioso,</Unicode>
                </TextEquiv>
            </TextLine>
            <TextLine id="r_3_1l5" custom="readingOrder {index:2;}">
                <Coords points="990,368 1023,366 1056,365 1089,365 1122,365 1155,365 1188,366 1221,366 1254,367 1287,368 1320,368 1353,369 1386,369 1419,369 1452,368 1485,367 1518,365 1551,363 1584,361 1617,357 1650,353 1650,316 1617,320 1584,324 1551,326 1518,328 1485,330 1452,331 1419,332 1386,332 1353,332 1320,331 1287,331 1254,330 1221,329 1188,329 1155,328 1122,328 1089,328 1056,328 1023,329 990,331"/>
                <Baseline points="990,356 1023,354 1056,353 1089,353 1122,353 1155,353 1188,354 1221,354 1254,355 1287,356 1320,356 1353,357 1386,357 1419,357 1452,356 1485,355 1518,353 1551,351 1584,349 1617,345 1650,341"/>
                <TextEquiv>
                    <Unicode>(mejor diré mosca verde,</Unicode>
                </TextEquiv>
            </TextLine>
            <TextLine id="r_3_1l6" custom="readingOrder {index:3;}">
                <Coords points="984,425 1017,425 1051,425 1084,425 1118,425 1151,426 1185,426 1218,426 1252,427 1285,427 1319,427 1353,427 1386,427 1420,427 1453,426 1487,426 1520,424 1554,423 1587,421 1621,419 1655,417 1655,377 1621,379 1587,381 1554,383 1520,384 1487,386 1453,386 1420,387 1386,387 1353,387 1319,387 1285,387 1252,387 1218,386 1185,386 1151,386 1118,385 1084,385 1051,385 1017,385 984,385"/>
                <Baseline points="984,412 1017,412 1051,412 1084,412 1118,412 1151,413 1185,413 1218,413 1252,414 1285,414 1319,414 1353,414 1386,414 1420,414 1453,413 1487,413 1520,411 1554,410 1587,408 1621,406 1655,404"/>
                <TextEquiv>
                    <Unicode>que de estos hay en el mundo</Unicode>
                </TextEquiv>
            </TextLine>
            <TextLine id="r_3_1l7" custom="readingOrder {index:4;}">
                <Coords points="974,481 1007,482 1041,482 1075,483 1109,483 1143,484 1177,484 1210,485 1244,485 1278,485 1312,485 1346,485 1380,485 1414,484 1447,483 1481,482 1515,481 1549,479 1583,477 1617,474 1651,471 1651,432 1617,435 1583,438 1549,440 1515,442 1481,443 1447,444 1414,445 1380,446 1346,446 1312,446 1278,446 1244,446 1210,446 1177,445 1143,445 1109,444 1075,444 1041,443 1007,443 974,442"/>
                <Baseline points="974,468 1007,469 1041,469 1075,470 1109,470 1143,471 1177,471 1210,472 1244,472 1278,472 1312,472 1346,472 1380,472 1414,471 1447,470 1481,469 1515,468 1549,466 1583,464 1617,461 1651,458"/>
                <TextEquiv>
                    <Unicode>que ya número no tienen.)</Unicode>
                </TextEquiv>
            </TextLine>
            <TextLine id="r_3_1l9" custom="readingOrder {index:5;}">
                <Coords points="972,540 999,541 1026,542 1053,543 1080,543 1107,544 1134,544 1161,544 1188,544 1215,544 1243,544 1270,544 1297,544 1324,544 1351,544 1378,544 1405,545 1432,545 1459,545 1486,545 1514,546 1514,506 1486,505 1459,505 1432,505 1405,505 1378,504 1351,504 1324,504 1297,504 1270,504 1243,504 1215,504 1188,504 1161,504 1134,504 1107,504 1080,503 1053,503 1026,502 999,501 972,500"/>
                <Baseline points="972,527 999,528 1026,529 1053,530 1080,530 1107,531 1134,531 1161,531 1188,531 1215,531 1243,531 1270,531 1297,531 1324,531 1351,531 1378,531 1405,532 1432,532 1459,532 1486,532 1514,533"/>
                <TextEquiv>
                    <Unicode>Entró el Esposo en la sala,</Unicode>
                </TextEquiv>
            </TextLine>
            <TextLine id="r_3_1l11" custom="readingOrder {index:6;}">
                <Coords points="977,598 1002,598 1027,598 1052,598 1078,598 1103,599 1128,599 1154,599 1179,600 1204,600 1230,601 1255,601 1280,602 1306,602 1331,603 1356,603 1382,604 1407,604 1432,605 1458,605 1458,565 1432,565 1407,564 1382,564 1356,563 1331,563 1306,562 1280,562 1255,561 1230,561 1204,560 1179,560 1154,559 1128,559 1103,559 1078,558 1052,558 1027,558 1002,558 977,558"/>
                <Baseline points="977,585 1002,585 1027,585 1052,585 1078,585 1103,586 1128,586 1154,586 1179,587 1204,587 1230,588 1255,588 1280,589 1306,589 1331,590 1356,590 1382,591 1407,591 1432,592 1458,592"/>
                <TextEquiv>
                    <Unicode>tan otro y tan diferente,</Unicode>
                </TextEquiv>
            </TextLine>
            <TextLine id="r_3_1l13" custom="readingOrder {index:7;}">
                <Coords points="971,657 998,657 1026,657 1054,657 1082,657 1110,658 1138,658 1166,658 1194,659 1222,659 1250,660 1277,660 1305,661 1333,661 1361,661 1389,662 1417,662 1445,662 1473,662 1501,662 1529,662 1529,622 1501,622 1473,622 1445,622 1417,622 1389,622 1361,621 1333,621 1305,621 1277,620 1250,620 1222,619 1194,619 1166,618 1138,618 1110,618 1082,617 1054,617 1026,617 998,617 971,617"/>
                <Baseline points="971,644 998,644 1026,644 1054,644 1082,644 1110,645 1138,645 1166,645 1194,646 1222,646 1250,647 1277,647 1305,648 1333,648 1361,648 1389,649 1417,649 1445,649 1473,649 1501,649 1529,649"/>
                <TextEquiv>
                    <Unicode>que ni un Palalo arrepentido</Unicode>
                </TextEquiv>
            </TextLine>
            <TextLine id="r_3_1l14" custom="readingOrder {index:8;}">
                <Coords points="968,712 994,714 1020,715 1047,716 1073,717 1099,718 1126,718 1152,718 1178,718 1205,719 1231,719 1257,719 1284,719 1310,720 1336,720 1363,721 1389,721 1416,722 1416,682 1389,681 1363,681 1336,680 1310,680 1284,679 1257,679 1231,679 1205,679 1178,678 1152,678 1126,678 1099,678 1073,677 1047,676 1020,675 994,674 968,672"/>
                <Baseline points="968,699 994,701 1020,702 1047,703 1073,704 1099,705 1126,705 1152,705 1178,705 1205,706 1231,706 1257,706 1284,706 1310,707 1336,707 1363,708 1389,708 1416,709"/>
                <TextEquiv>
                    <Unicode>á él pudiera parecerle,</Unicode>
                </TextEquiv>
            </TextLine>
            <TextLine id="r_3_1l16" custom="readingOrder {index:9;}">
                <Coords points="974,772 1000,773 1026,774 1052,774 1078,775 1104,775 1130,775 1156,776 1182,776 1209,777 1235,777 1261,777 1287,777 1313,778 1339,778 1365,778 1391,779 1417,779 1444,780 1444,740 1417,739 1391,739 1365,738 1339,738 1313,738 1287,737 1261,737 1235,737 1209,737 1182,736 1156,736 1130,735 1104,735 1078,735 1052,734 1026,734 1000,733 974,732"/>
                <Baseline points="974,759 1000,760 1026,761 1052,761 1078,762 1104,762 1130,762 1156,763 1182,763 1209,764 1235,764 1261,764 1287,764 1313,765 1339,765 1365,765 1391,766 1417,766 1444,767"/>
                <TextEquiv>
                    <Unicode>diciéndole: Esposa mia,</Unicode>
                </TextEquiv>
            </TextLine>
            <TextLine id="r_3_1l18" custom="readingOrder {index:10;}">
                <Coords points="973,831 998,831 1023,832 1048,832 1074,832 1099,833 1124,833 1149,834 1175,834 1200,834 1225,835 1250,835 1276,835 1301,835 1326,836 1351,836 1377,836 1402,837 1427,837 1452,838 1478,838 1478,798 1452,798 1427,797 1402,797 1377,796 1351,796 1326,796 1301,795 1276,795 1250,795 1225,795 1200,794 1175,794 1149,794 1124,793 1099,793 1074,792 1048,792 1023,792 998,791 973,791"/>
                <Baseline points="973,818 998,818 1023,819 1048,819 1074,819 1099,820 1124,820 1149,821 1175,821 1200,821 1225,822 1250,822 1276,822 1301,822 1326,823 1351,823 1377,823 1402,824 1427,824 1452,825 1478,825"/>
                <TextEquiv>
                    <Unicode>perdóname lo imprudente</Unicode>
                </TextEquiv>
            </TextLine>
            <TextLine id="r_3_1l19" custom="readingOrder {index:11;}">
                <Coords points="973,890 1006,890 1040,890 1074,890 1108,891 1142,891 1176,892 1209,893 1243,894 1277,895 1311,895 1345,895 1379,895 1413,895 1446,894 1480,893 1514,891 1548,889 1582,886 1616,883 1650,879 1650,840 1616,844 1582,847 1548,850 1514,852 1480,854 1446,855 1413,856 1379,856 1345,856 1311,856 1277,856 1243,855 1209,854 1176,853 1142,852 1108,852 1074,851 1040,851 1006,851 973,851"/>
                <Baseline points="973,877 1006,877 1040,877 1074,877 1108,878 1142,878 1176,879 1209,880 1243,881 1277,882 1311,882 1345,882 1379,882 1413,882 1446,881 1480,880 1514,878 1548,876 1582,873 1616,870 1650,866"/>
                <TextEquiv>
                    <Unicode>de mi loco atrevimiento</Unicode>
                </TextEquiv>
            </TextLine>
            <TextLine id="r_3_1l20" custom="readingOrder {index:12;}">
                <Coords points="973,945 1008,946 1044,946 1080,947 1115,948 1151,948 1187,949 1223,950 1258,951 1294,952 1330,952 1366,952 1401,952 1437,951 1473,950 1509,948 1544,947 1580,944 1616,941 1652,937 1652,898 1616,902 1580,905 1544,908 1509,909 1473,911 1437,912 1401,913 1366,913 1330,913 1294,913 1258,912 1223,911 1187,910 1151,909 1115,909 1080,908 1044,907 1008,907 973,906"/>
                <Baseline points="973,932 1008,933 1044,933 1080,934 1115,935 1151,935 1187,936 1223,937 1258,938 1294,939 1330,939 1366,939 1401,939 1437,938 1473,937 1509,935 1544,934 1580,931 1616,928 1652,924"/>
                <TextEquiv>
                    <Unicode>yo lo pensé de repente</Unicode>
                </TextEquiv>
            </TextLine>
            <TextLine id="r_3_1l22" custom="readingOrder {index:13;}">
                <Coords points="961,1005 989,1005 1017,1005 1045,1005 1073,1005 1101,1006 1129,1006 1157,1006 1185,1006 1213,1007 1241,1007 1269,1007 1297,1008 1325,1008 1353,1009 1381,1010 1409,1011 1437,1011 1465,1012 1493,1013 1522,1015 1522,979 1493,977 1465,976 1437,975 1409,975 1381,974 1353,973 1325,972 1297,972 1269,971 1241,971 1213,971 1185,970 1157,970 1129,970 1101,970 1073,969 1045,969 1017,969 989,969 961,969"/>
                <Baseline points="961,993 989,993 1017,993 1045,993 1073,993 1101,994 1129,994 1157,994 1185,994 1213,995 1241,995 1269,995 1297,996 1325,996 1353,997 1381,998 1409,999 1437,999 1465,1000 1493,1001 1522,1003"/>
                <TextEquiv>
                    <Unicode>mas ya lo he visto despacio,</Unicode>
                </TextEquiv>
            </TextLine>
            <TextLine id="r_3_1l23" custom="readingOrder {index:14;}">
                <Coords points="972,1065 1006,1065 1040,1064 1074,1065 1108,1065 1142,1065 1176,1066 1211,1066 1245,1066 1279,1067 1313,1067 1347,1067 1381,1067 1415,1066 1450,1065 1484,1063 1518,1062 1552,1060 1586,1057 1620,1053 1655,1049 1655,1016 1620,1020 1586,1024 1552,1027 1518,1029 1484,1030 1450,1032 1415,1033 1381,1034 1347,1034 1313,1034 1279,1034 1245,1033 1211,1033 1176,1033 1142,1032 1108,1032 1074,1032 1040,1031 1006,1032 972,1032"/>
                <Baseline points="972,1054 1006,1054 1040,1053 1074,1054 1108,1054 1142,1054 1176,1055 1211,1055 1245,1055 1279,1056 1313,1056 1347,1056 1381,1056 1415,1055 1450,1054 1484,1052 1518,1051 1552,1049 1586,1046 1620,1042 1655,1038"/>
                <TextEquiv>
                    <Unicode>que todos son caractéres</Unicode>
                </TextEquiv>
            </TextLine>
            <TextLine id="r_3_1l25" custom="readingOrder {index:15;}">
                <Coords points="968,1122 993,1123 1018,1124 1043,1125 1068,1125 1093,1125 1119,1125 1144,1126 1169,1126 1194,1126 1219,1126 1244,1126 1270,1126 1295,1126 1320,1127 1345,1128 1370,1129 1396,1130 1396,1090 1370,1089 1345,1088 1320,1087 1295,1086 1270,1086 1244,1086 1219,1086 1194,1086 1169,1086 1144,1086 1119,1085 1093,1085 1068,1085 1043,1085 1018,1084 993,1083 968,1082"/>
                <Baseline points="968,1109 993,1110 1018,1111 1043,1112 1068,1112 1093,1112 1119,1112 1144,1113 1169,1113 1194,1113 1219,1113 1244,1113 1270,1113 1295,1113 1320,1114 1345,1115 1370,1116 1396,1117"/>
                <TextEquiv>
                    <Unicode>que forma la fantasia,</Unicode>
                </TextEquiv>
            </TextLine>
            <TextLine id="r_3_1l26" custom="readingOrder {index:16;}">
                <Coords points="967,1180 1001,1179 1035,1180 1069,1180 1104,1181 1138,1181 1172,1182 1206,1183 1241,1184 1275,1185 1309,1185 1343,1186 1378,1186 1412,1186 1446,1186 1480,1185 1515,1184 1549,1182 1583,1180 1617,1176 1652,1173 1652,1136 1617,1139 1583,1143 1549,1145 1515,1147 1480,1148 1446,1149 1412,1149 1378,1149 1343,1149 1309,1148 1275,1148 1241,1147 1206,1146 1172,1145 1138,1144 1104,1144 1069,1143 1035,1143 1001,1142 967,1143"/>
                <Baseline points="967,1168 1001,1167 1035,1168 1069,1168 1104,1169 1138,1169 1172,1170 1206,1171 1241,1172 1275,1173 1309,1173 1343,1174 1378,1174 1412,1174 1446,1174 1480,1173 1515,1172 1549,1170 1583,1168 1617,1164 1652,1161"/>
                <TextEquiv>
                    <Unicode>ya se acabó el que yo piense</Unicode>
                </TextEquiv>
            </TextLine>
            <TextLine id="r_3_1l27" custom="readingOrder {index:17;}">
                <Coords points="960,1237 994,1238 1029,1239 1063,1240 1098,1240 1133,1241 1167,1241 1202,1242 1236,1242 1271,1242 1306,1242 1340,1242 1375,1241 1409,1240 1444,1238 1479,1237 1513,1236 1548,1233 1582,1231 1617,1229 1652,1225 1652,1188 1617,1192 1582,1194 1548,1196 1513,1199 1479,1200 1444,1201 1409,1203 1375,1204 1340,1205 1306,1205 1271,1205 1236,1205 1202,1205 1167,1204 1133,1204 1098,1203 1063,1203 1029,1202 994,1201 960,1200"/>
                <Baseline points="960,1225 994,1226 1029,1227 1063,1228 1098,1228 1133,1229 1167,1229 1202,1230 1236,1230 1271,1230 1306,1230 1340,1230 1375,1229 1409,1228 1444,1226 1479,1225 1513,1224 1548,1221 1582,1219 1617,1217 1652,1213"/>
                <TextEquiv>
                    <Unicode>hácia tí, ni por indicios</Unicode>
                </TextEquiv>
            </TextLine>
            <TextLine id="r_3_1l28" custom="readingOrder {index:18;}">
                <Coords points="964,1293 992,1294 1021,1295 1049,1295 1078,1296 1107,1296 1135,1297 1164,1297 1192,1298 1221,1298 1250,1299 1278,1299 1307,1299 1335,1300 1364,1300 1393,1301 1421,1301 1450,1302 1478,1302 1507,1303 1536,1303 1536,1273 1507,1273 1478,1272 1450,1272 1421,1271 1393,1271 1364,1270 1335,1270 1307,1269 1278,1269 1250,1269 1221,1268 1192,1268 1164,1267 1135,1267 1107,1266 1078,1266 1049,1265 1021,1265 992,1264 964,1263"/>
                <Baseline points="964,1283 992,1284 1021,1285 1049,1285 1078,1286 1107,1286 1135,1287 1164,1287 1192,1288 1221,1288 1250,1289 1278,1289 1307,1289 1335,1290 1364,1290 1393,1291 1421,1291 1450,1292 1478,1292 1507,1293 1536,1293"/>
                <TextEquiv>
                    <Unicode>de imaginar que me ofendes.</Unicode>
                </TextEquiv>
            </TextLine>
            <TextLine id="r_3_1l30" custom="readingOrder {index:19;}">
                <Coords points="959,1355 985,1356 1011,1357 1037,1357 1063,1357 1089,1358 1116,1358 1142,1358 1168,1358 1194,1358 1220,1358 1247,1358 1273,1359 1299,1359 1325,1360 1351,1361 1378,1362 1378,1322 1351,1321 1325,1320 1299,1319 1273,1319 1247,1318 1220,1318 1194,1318 1168,1318 1142,1318 1116,1318 1089,1318 1063,1317 1037,1317 1011,1317 985,1316 959,1315"/>
                <Baseline points="959,1342 985,1343 1011,1344 1037,1344 1063,1344 1089,1345 1116,1345 1142,1345 1168,1345 1194,1345 1220,1345 1247,1345 1273,1346 1299,1346 1325,1347 1351,1348 1378,1349"/>
                <TextEquiv>
                    <Unicode>Entonces ellá le dijo:</Unicode>
                </TextEquiv>
            </TextLine>
            <TextLine id="r_3_1l31" custom="readingOrder {index:20;}">
                <Coords points="964,1417 998,1417 1032,1416 1066,1416 1100,1416 1134,1416 1168,1417 1202,1417 1236,1417 1270,1418 1305,1419 1339,1419 1373,1420 1407,1421 1441,1421 1475,1422 1509,1423 1543,1423 1577,1423 1611,1424 1646,1424 1646,1384 1611,1384 1577,1383 1543,1383 1509,1383 1475,1382 1441,1381 1407,1381 1373,1380 1339,1379 1305,1379 1270,1378 1236,1377 1202,1377 1168,1377 1134,1376 1100,1376 1066,1376 1032,1376 998,1377 964,1377"/>
                <Baseline points="964,1404 998,1404 1032,1403 1066,1403 1100,1403 1134,1403 1168,1404 1202,1404 1236,1404 1270,1405 1305,1406 1339,1406 1373,1407 1407,1408 1441,1408 1475,1409 1509,1410 1543,1410 1577,1410 1611,1411 1646,1411"/>
                <TextEquiv>
                    <Unicode>Qué se entiende? qué se entiende;</Unicode>
                </TextEquiv>
            </TextLine>
            <TextLine id="r_3_1l32" custom="readingOrder {index:21;}">
                <Coords points="959,1475 988,1475 1017,1474 1046,1474 1075,1474 1104,1475 1133,1475 1162,1475 1191,1476 1220,1476 1249,1476 1278,1477 1307,1478 1336,1478 1365,1478 1394,1479 1423,1479 1452,1480 1481,1480 1510,1481 1539,1481 1539,1441 1510,1441 1481,1440 1452,1440 1423,1439 1394,1439 1365,1438 1336,1438 1307,1438 1278,1437 1249,1436 1220,1436 1191,1436 1162,1435 1133,1435 1104,1435 1075,1434 1046,1434 1017,1434 988,1435 959,1435"/>
                <Baseline points="959,1462 988,1462 1017,1461 1046,1461 1075,1461 1104,1462 1133,1462 1162,1462 1191,1463 1220,1463 1249,1463 1278,1464 1307,1465 1336,1465 1365,1465 1394,1466 1423,1466 1452,1467 1481,1467 1510,1468 1539,1468"/>
                <TextEquiv>
                    <Unicode>hácia mi honor puro y casto</Unicode>
                </TextEquiv>
            </TextLine>
            <TextLine id="r_3_1l33" custom="readingOrder {index:22;}">
                <Coords points="951,1532 980,1532 1010,1532 1039,1533 1069,1533 1099,1533 1128,1533 1158,1534 1188,1534 1217,1534 1247,1535 1277,1535 1306,1536 1336,1536 1366,1537 1395,1537 1425,1538 1455,1539 1484,1540 1514,1541 1544,1542 1544,1502 1514,1501 1484,1500 1455,1499 1425,1498 1395,1497 1366,1497 1336,1496 1306,1496 1277,1495 1247,1495 1217,1494 1188,1494 1158,1494 1128,1493 1099,1493 1069,1493 1039,1493 1010,1492 980,1492 951,1492"/>
                <Baseline points="951,1519 980,1519 1010,1519 1039,1520 1069,1520 1099,1520 1128,1520 1158,1521 1188,1521 1217,1521 1247,1522 1277,1522 1306,1523 1336,1523 1366,1524 1395,1524 1425,1525 1455,1526 1484,1527 1514,1528 1544,1529"/>
                <TextEquiv>
                    <Unicode>no has de tomar lo mas leve:</Unicode>
                </TextEquiv>
            </TextLine>
            <TextLine id="r_3_1l34" custom="readingOrder {index:23;}">
                <Coords points="959,1590 984,1590 1009,1591 1034,1591 1059,1591 1084,1592 1109,1592 1135,1592 1160,1592 1185,1592 1210,1592 1235,1593 1260,1593 1286,1593 1311,1594 1336,1595 1361,1595 1386,1596 1411,1597 1437,1599 1437,1559 1411,1557 1386,1556 1361,1555 1336,1555 1311,1554 1286,1553 1260,1553 1235,1553 1210,1552 1185,1552 1160,1552 1135,1552 1109,1552 1084,1552 1059,1551 1034,1551 1009,1551 984,1550 959,1550"/>
                <Baseline points="959,1577 984,1577 1009,1578 1034,1578 1059,1578 1084,1579 1109,1579 1135,1579 1160,1579 1185,1579 1210,1579 1235,1580 1260,1580 1286,1580 1311,1581 1336,1582 1361,1582 1386,1583 1411,1584 1437,1586"/>
                <TextEquiv>
                    <Unicode>pues ya pasará por esta,</Unicode>
                </TextEquiv>
            </TextLine>
            <TextLine id="r_3_1l35" custom="readingOrder {index:24;}">
                <Coords points="953,1647 979,1648 1005,1649 1031,1650 1057,1650 1084,1651 1110,1651 1136,1651 1162,1651 1188,1651 1215,1651 1241,1651 1267,1651 1293,1651 1319,1651 1346,1652 1372,1652 1398,1653 1424,1654 1451,1656 1451,1616 1424,1614 1398,1613 1372,1612 1346,1612 1319,1611 1293,1611 1267,1611 1241,1611 1215,1611 1188,1611 1162,1611 1136,1611 1110,1611 1084,1611 1057,1610 1031,1610 1005,1609 979,1608 953,1607"/>
                <Baseline points="953,1634 979,1635 1005,1636 1031,1637 1057,1637 1084,1638 1110,1638 1136,1638 1162,1638 1188,1638 1215,1638 1241,1638 1267,1638 1293,1638 1319,1638 1346,1639 1372,1639 1398,1640 1424,1641 1451,1643"/>
                <TextEquiv>
                    <Unicode>y agradecérmelo puedes.</Unicode>
                </TextEquiv>
            </TextLine>
            <TextLine id="r_3_1l36" custom="readingOrder {index:25;}">
                <Coords points="956,1708 982,1709 1008,1709 1034,1709 1060,1709 1086,1709 1112,1709 1138,1709 1164,1709 1191,1709 1217,1709 1243,1709 1269,1710 1295,1710 1321,1711 1347,1712 1373,1712 1400,1713 1400,1673 1373,1672 1347,1672 1321,1671 1295,1670 1269,1670 1243,1669 1217,1669 1191,1669 1164,1669 1138,1669 1112,1669 1086,1669 1060,1669 1034,1669 1008,1669 982,1669 956,1668"/>
                <Baseline points="956,1695 982,1696 1008,1696 1034,1696 1060,1696 1086,1696 1112,1696 1138,1696 1164,1696 1191,1696 1217,1696 1243,1696 1269,1697 1295,1697 1321,1698 1347,1699 1373,1699 1400,1700"/>
                <TextEquiv>
                    <Unicode>Entonces la astuta Tia,</Unicode>
                </TextEquiv>
            </TextLine>
            <TextLine id="r_3_1l37" custom="readingOrder {index:26;}">
                <Coords points="945,1766 971,1766 997,1766 1023,1766 1049,1767 1075,1767 1102,1767 1128,1767 1154,1767 1180,1767 1206,1767 1232,1767 1259,1768 1285,1768 1311,1769 1337,1770 1363,1770 1389,1772 1416,1773 1416,1733 1389,1732 1363,1730 1337,1730 1311,1729 1285,1728 1259,1728 1232,1727 1206,1727 1180,1727 1154,1727 1128,1727 1102,1727 1075,1727 1049,1727 1023,1726 997,1726 971,1726 945,1726"/>
                <Baseline points="945,1753 971,1753 997,1753 1023,1753 1049,1754 1075,1754 1102,1754 1128,1754 1154,1754 1180,1754 1206,1754 1232,1754 1259,1755 1285,1755 1311,1756 1337,1757 1363,1757 1389,1759 1416,1760"/>
                <TextEquiv>
                    <Unicode>hechicera enteramente,</Unicode>
                </TextEquiv>
            </TextLine>
            <TextLine id="r_3_1l38" custom="readingOrder {index:27;}">
                <Coords points="955,1823 980,1823 1005,1823 1031,1824 1056,1824 1081,1824 1107,1824 1132,1825 1157,1825 1183,1825 1208,1826 1233,1826 1259,1827 1284,1827 1309,1828 1335,1828 1360,1829 1386,1829 1386,1789 1360,1789 1335,1788 1309,1788 1284,1787 1259,1787 1233,1786 1208,1786 1183,1785 1157,1785 1132,1785 1107,1784 1081,1784 1056,1784 1031,1784 1005,1783 980,1783 955,1783"/>
                <Baseline points="955,1810 980,1810 1005,1810 1031,1811 1056,1811 1081,1811 1107,1811 1132,1812 1157,1812 1183,1812 1208,1813 1233,1813 1259,1814 1284,1814 1309,1815 1335,1815 1360,1816 1386,1816"/>
                <TextEquiv>
                    <Unicode>dijo: pase por pintura</Unicode>
                </TextEquiv>
            </TextLine>
            <TextLine id="r_3_1l39" custom="readingOrder {index:28;}">
                <Coords points="951,1878 976,1879 1002,1880 1028,1882 1054,1882 1079,1883 1105,1883 1131,1884 1157,1884 1183,1884 1208,1885 1234,1885 1260,1885 1286,1885 1312,1885 1337,1886 1363,1886 1389,1887 1415,1888 1441,1888 1441,1848 1415,1848 1389,1847 1363,1846 1337,1846 1312,1845 1286,1845 1260,1845 1234,1845 1208,1845 1183,1844 1157,1844 1131,1844 1105,1843 1079,1843 1054,1842 1028,1842 1002,1840 976,1839 951,1838"/>
                <Baseline points="951,1865 976,1866 1002,1867 1028,1869 1054,1869 1079,1870 1105,1870 1131,1871 1157,1871 1183,1871 1208,1872 1234,1872 1260,1872 1286,1872 1312,1872 1337,1873 1363,1873 1389,1874 1415,1875 1441,1875"/>
                <TextEquiv>
                    <Unicode>ya esta vez, y si volviere</Unicode>
                </TextEquiv>
            </TextLine>
            <TextLine id="r_3_1l40" custom="readingOrder {index:29;}">
                <Coords points="947,1940 972,1940 997,1940 1022,1940 1047,1940 1072,1940 1097,1941 1122,1941 1147,1941 1172,1942 1197,1942 1222,1943 1247,1943 1272,1943 1297,1944 1322,1944 1347,1945 1372,1945 1397,1946 1422,1946 1448,1947 1448,1907 1422,1906 1397,1906 1372,1905 1347,1905 1322,1904 1297,1904 1272,1903 1247,1903 1222,1903 1197,1902 1172,1902 1147,1901 1122,1901 1097,1901 1072,1900 1047,1900 1022,1900 997,1900 972,1900 947,1900"/>
                <Baseline points="947,1927 972,1927 997,1927 1022,1927 1047,1927 1072,1927 1097,1928 1122,1928 1147,1928 1172,1929 1197,1929 1222,1930 1247,1930 1272,1930 1297,1931 1322,1931 1347,1932 1372,1932 1397,1933 1422,1933 1448,1934"/>
                <TextEquiv>
                    <Unicode>otra vez con inquietudes,</Unicode>
                </TextEquiv>
            </TextLine>
            <TextLine id="r_3_1l41" custom="readingOrder {index:30;}">
                <Coords points="945,1998 971,1998 998,1998 1024,1998 1051,1999 1078,1999 1104,1999 1131,1999 1158,2000 1184,2000 1211,2000 1238,2001 1264,2001 1291,2001 1318,2001 1344,2002 1371,2002 1398,2002 1424,2003 1451,2003 1478,2003 1478,1963 1451,1963 1424,1963 1398,1962 1371,1962 1344,1962 1318,1961 1291,1961 1264,1961 1238,1961 1211,1960 1184,1960 1158,1960 1131,1959 1104,1959 1078,1959 1051,1959 1024,1958 998,1958 971,1958 945,1958"/>
                <Baseline points="945,1985 971,1985 998,1985 1024,1985 1051,1986 1078,1986 1104,1986 1131,1986 1158,1987 1184,1987 1211,1987 1238,1988 1264,1988 1291,1988 1318,1988 1344,1989 1371,1989 1398,1989 1424,1990 1451,1990 1478,1990"/>
                <TextEquiv>
                    <Unicode>para eso nuestro Rey tiene</Unicode>
                </TextEquiv>
            </TextLine>
            <TextLine id="r_3_1l42" custom="readingOrder {index:31;}">
                <Coords points="952,2056 977,2056 1003,2057 1029,2057 1055,2057 1081,2057 1106,2058 1132,2058 1158,2058 1184,2059 1210,2059 1235,2059 1261,2060 1287,2060 1313,2060 1339,2061 1364,2061 1390,2062 1416,2062 1442,2063 1468,2063 1468,2023 1442,2023 1416,2022 1390,2022 1364,2021 1339,2021 1313,2020 1287,2020 1261,2020 1235,2019 1210,2019 1184,2019 1158,2018 1132,2018 1106,2018 1081,2017 1055,2017 1029,2017 1003,2017 977,2016 952,2016"/>
                <Baseline points="952,2043 977,2043 1003,2044 1029,2044 1055,2044 1081,2044 1106,2045 1132,2045 1158,2045 1184,2046 1210,2046 1235,2046 1261,2047 1287,2047 1313,2047 1339,2048 1364,2048 1390,2049 1416,2049 1442,2050 1468,2050"/>
                <TextEquiv>
                    <Unicode>presidios para estas cosas,</Unicode>
                </TextEquiv>
            </TextLine>
            <TextLine id="r_3_1l43" custom="readingOrder {index:32;}">
                <Coords points="941,2110 967,2112 993,2113 1019,2115 1045,2116 1071,2116 1097,2117 1123,2117 1149,2117 1176,2118 1202,2118 1228,2118 1254,2118 1280,2118 1306,2118 1332,2119 1358,2120 1385,2121 1385,2081 1358,2080 1332,2079 1306,2078 1280,2078 1254,2078 1228,2078 1202,2078 1176,2078 1149,2077 1123,2077 1097,2077 1071,2076 1045,2076 1019,2075 993,2073 967,2072 941,2070"/>
                <Baseline points="941,2097 967,2099 993,2100 1019,2102 1045,2103 1071,2103 1097,2104 1123,2104 1149,2104 1176,2105 1202,2105 1228,2105 1254,2105 1280,2105 1306,2105 1332,2106 1358,2107 1385,2108"/>
                <TextEquiv>
                    <Unicode>y cárceles juntamente</Unicode>
                </TextEquiv>
            </TextLine>
            <TextLine id="r_3_1l44" custom="readingOrder {index:33;}">
                <Coords points="946,2174 971,2174 997,2175 1022,2175 1048,2175 1073,2176 1099,2176 1124,2176 1150,2176 1175,2176 1201,2176 1226,2177 1252,2177 1277,2177 1303,2178 1328,2179 1354,2179 1354,2139 1328,2139 1303,2138 1277,2137 1252,2137 1226,2137 1201,2136 1175,2136 1150,2136 1124,2136 1099,2136 1073,2136 1048,2135 1022,2135 997,2135 971,2134 946,2134"/>
                <Baseline points="946,2161 971,2161 997,2162 1022,2162 1048,2162 1073,2163 1099,2163 1124,2163 1150,2163 1175,2163 1201,2163 1226,2164 1252,2164 1277,2164 1303,2165 1328,2166 1354,2166"/>
                <TextEquiv>
                    <Unicode>para castigar delitos,</Unicode>
                </TextEquiv>
            </TextLine>
            <TextLine id="r_3_1l45" custom="readingOrder {index:34;}">
                <Coords points="943,2236 970,2236 997,2236 1024,2236 1051,2236 1078,2236 1105,2236 1132,2236 1159,2236 1186,2237 1214,2237 1241,2237 1268,2237 1295,2238 1322,2238 1349,2238 1376,2238 1403,2238 1430,2238 1457,2238 1485,2237 1485,2197 1457,2198 1430,2198 1403,2198 1376,2198 1349,2198 1322,2198 1295,2198 1268,2197 1241,2197 1214,2197 1186,2197 1159,2196 1132,2196 1105,2196 1078,2196 1051,2196 1024,2196 997,2196 970,2196 943,2196"/>
                <Baseline points="943,2223 970,2223 997,2223 1024,2223 1051,2223 1078,2223 1105,2223 1132,2223 1159,2223 1186,2224 1214,2224 1241,2224 1268,2224 1295,2225 1322,2225 1349,2225 1376,2225 1403,2225 1430,2225 1457,2225 1485,2224"/>
                <TextEquiv>
                    <Unicode>y pague el que los debiere.</Unicode>
                </TextEquiv>
            </TextLine>
            <TextEquiv>
                <Unicode>en felicidades siempre.
Se fué el Santo Religioso,
(mejor diré mosca verde,
que de estos hay en el mundo
que ya número no tienen.)
Entró el Esposo en la sala,
tan otro y tan diferente,
que ni un Palalo arrepentido
á él pudiera parecerle,
diciéndole: Esposa mia,
perdóname lo imprudente
de mi loco atrevimiento
yo lo pensé de repente
mas ya lo he visto despacio,
que todos son caractéres
que forma la fantasia,
ya se acabó el que yo piense
hácia tí, ni por indicios
de imaginar que me ofendes.
Entonces ellá le dijo:
Qué se entiende? qué se entiende;
hácia mi honor puro y casto
no has de tomar lo mas leve:
pues ya pasará por esta,
y agradecérmelo puedes.
Entonces la astuta Tia,
hechicera enteramente,
dijo: pase por pintura
ya esta vez, y si volviere
otra vez con inquietudes,
para eso nuestro Rey tiene
presidios para estas cosas,
y cárceles juntamente
para castigar delitos,
y pague el que los debiere.</Unicode>
            </TextEquiv>
        </TextRegion>
    </Page>
</PcGts>
