1765 2512
294 179 326 216 4
148 225 702 269 donde con mas certidumbre
158 281 680 327 pudo averiguar su afrenta;
154 339 680 384 y aunque lo cegó el enojo,
154 393 646 435 se valió de la prudencia,
154 448 738 487 no qüeriendo que estas almas
154 503 634 543 perdiesen la vida eterna.
140 558 698 602 Se fué al cuarto del esclavo,
154 613 738 659 y lo halló que estaba en vela,
139 667 626 712 diciéndole con voz baja,
141 722 718 766 que lo mas breve que pueda
139 776 680 820 vaya al prócsimo Convento
137 830 659 877 de los Padres de la Regla
145 890 620 936 del Serafico Francisco,
146 942 630 987 y dé el Guardian licencia
132 1000 618 1041 á un Religioso que vaya
132 1055 646 1098 á confesar á una enferma,
133 1111 668 1153 que en articulo de muerte
140 1165 576 1208 está, y no se detenga.
135 1220 606 1265 Salió con este pretesto,
878 226 1480 276 y él se guedó en centinela
884 283 1485 330 á a puerta de la sala
880 339 1481 385 á fin que no se le fueran,:
878 393 1479 439 que las manchas del honor
876 447 1486 493 se curan, limpián y asean.
872 503 1482 547 con sangre, que es el remedio
877 558 1474 602 de mas importancia y fuerza.
877 615 1478 657 Aguí es bien que los dejemos
871 669 1485 717 cada cual en su tarea,
866 724 1475 774 á los dos en sus delicias,.
865 780 1485 822 al Mercader puesto en vela,
865 833 1477 879 y al esclavo en su mandado
872 890 1479 937 hecho en la calle estafeta;
866 945 1481 988 entre tanto que Morales
859 1003 1481 1044 queda cabilando ideas
865 1058 1476 1097 para que quede bien todo,
859 1111 1479 1153 sin que al crédito se ofenda.
868 1165 1483 1211 Y en otra segunda parte
867 1224 1480 1262 dará por estenso cuenta.
708 1951 924 2023 FIN
180 2199 1453 2241 de la primera parte.
