1752 2480
241 128 277 174 8
93 187 602 231 Le dió allí firme palabra,
97 245 638 287 qne en los dias que viviere
97 302 529 344 no volverá á remoyer
103 361 707 403 mas puntos de aquesta especie.
100 417 634 462 Y al esclavo le cumplieron,
96 477 640 519 por haber muchos haberes
99 534 529 578 la palabra, porque es
98 594 612 636 deuda lo que se promete.
105 651 588 694 Vivieron de allí adelante
95 708 626 753 en todo mas quietamente.
107 766 632 811 Todas son de una opinion,
107 825 773 872 porque aunque mil veces yerren,
103 886 729 938 ni aun la mas minima parte
108 943 650 987 de reprehensiones quieren.
110 999 528 1044 Vivamos todos alerta,
102 1059 725 1104 ni un momento ya se acuerden
111 1118 731 1162 que hay mugeres en el mundo,
115 1176 640 1219 que son peor que la peste,
115 1234 662 1278 que el pulgon y la langosta
115 1294 649 1338 y las vivoras que muerden,
821 189 1395 233 pues hacerle como al diablo
826 248 1442 292 la Cruz siempre que las vieren,
831 304 1405 350 porqne de hacer lo contrario
828 366 1361 407 la salvacion va en rehenes,
824 423 1260 464 sino vean en lo dicho
828 481 1378 525 si el Autor en nada miente,
831 540 1377 581 porque con las esperiencias
832 598 1337 640 que de las mugeres tiene
820 655 1345 699 no dice mas que verdades
828 711 1404 761 muy dignas que las aprecien,
830 770 1272 814 sino hagan las refleja
828 831 1354 877 por lo que pasa y sucede,
833 889 1297 933 verán al pie de la letra
831 948 1418 994 el como hoy viven las gentes.
828 1009 1340 1047 Donde Alonso de Morales
829 1058 1352 1096 que las conoció bien cree
837 1111 1439 1157 que por las frases de Eufrasia,
834 1169 1352 1215 y las ideas que emprende,
833 1229 1264 1271 es grande reputacion
836 1288 1434 1332 la que hoy las Señoras tienen.
706 1665 945 1818 FIN.
624 2136 1010 2176 CARMONA:—1859.
220 2187 1413 2228 Imp. de D. J. M.a Moreno, calle de Madre de Dios núm. 1.
