1765 2512
280 169 304 209 6
132 220 690 266 tú has de ir á ese Convento,
127 274 691 319 y luego al punto que llegues
128 328 640 376 has de llamar al Portero,
125 384 610 429 y hablarle secretamente,
121 439 584 484 y le dirás de mi parte,
134 493 676 536 vaya y diga á Fray Vicente,
124 547 701 591 que un Abito que en su celda
126 601 632 649 sé que tiene ciertamente,
126 657 704 703 que te lo dé, porque importa
128 714 698 755 para cieito encargo urgente.
121 768 721 812 Fué dicho y hecho el mandato
124 823 622 868 conforme se lo encarece;
123 878 610 920 fué y llamó á la portería
123 933 642 976 salió el Portero, y al verle
117 989 596 1034 le propuso lo mandado,
119 1046 758 1087 y en menos de un credo vuelze
124 1099 548 1140 con el Abio, y lo dió
127 1154 633 1195 al Criado sin que hubiese
128 1210 712 1252 ni aun la menor repugnancia,
127 1261 680 1308 y en sus manos se le ofrece
124 1318 510 1362 á la tia de lá Dama;
128 1375 528 1418 púsoselo fácilmente,
130 1430 718 1475 quedándose ingerta en Fraile,
123 1485 656 1528 como contemplarse puede.
125 1541 581 1584 Llegan á la dicha casa,
119 1593 586 1638 y con modales! cortéses
120 1650 570 1693 lo recibió el Mercader;
120 1706 618 1749 y al Padre le dice: entre,
118 1760 598 1805 Usencia en aquesta sala,
119 1815 566 1857 y sin dilacion confiese
120 1871 638 1916 dos ladrones de mi honra,
121 1926 588 1968 y este secreto se quedé
124 1982 599 2023 entre los dos, pues sino
123 2038 583 2078 haré que la causa vuele
121 2093 584 2136 entre furiosos vólcanes,
120 2149 606 2195 y Usencia primeramente;
119 2207 588 2247 no le cause menor susto
856 222 1338 263 esta amenaza tan fuerte,
855 277 1402 319 pues que pende de su mano
848 331 1296 376 á los dos favorecerles.
846 388 1382 433 Entró dentro, despertólos,
845 441 1333 486 que de los antecedentes
852 498 1376 542 dormian bien descuidados,
841 550 1463 596 y al instante que en sí vuelven
845 609 1336 650 les contó lo qne pasaba:
852 663 1386 710 mandó al galan se vistiese,
846 723 1378 762 y puesto el Abito, encima,
845 773 1444 818 que bien sus ropas cubriesen,
847 828 1240 868 calandose la capilla
848 882 1400 928 se quedó un Fraile patente,
847 939 1270 982 y el Religioso fingido
848 994 1336 1039 al Mercader reprebende,
850 1048 1402 1094 diciéndole, que los hombres
846 1102 1388 1149 sábios, doctos y prudentes,
850 1158 1280 1205 como lo es entendido,
847 1213 1302 1259 no se dejan fácilmente
846 1268 1290 1316 llevar de las ilusiones,
852 1324 1496 1391 pues el pecado anda siempre
850 1377 1366 1427 formando mil apariencias,
845 1435 1434 1481 para que los hombres pequen
848 1489 1384 1537 que es padre de la mentira,
852 1546 1391 1590 y su anhelo es ver si puede
852 1598 1386 1645 con sus cautelas y engaños
846 1657 1394 1703 perder las Almas sapientes,
849 1713 1285 1756 para llevarlas consigo
843 1769 1328 1813 á padecer para siempre.
850 1824 1496 1885 Y mire usted que le advierto
848 1879 1306 1923 y que lo sé claramente,
850 1935 1478 1978 que es Doña Eufrasia una Santa,
846 1990 1436 2032 pues le he confesado siempre
843 2046 1287 2088 y sé su modo de vida,
842 2102 1438 2144 y es muy dable y contingente
839 2158 1330 2198 que si aciertan á saberlo
839 2213 1378 2265 sus padres y sus parientes,
