1752 2480
1363 152 1584 307 Núm. 307.
266 1297 1566 1387 EL FRAILE FINGIDO.
205 1479 1627 1547 Nuevo y curioso romance, en que se manifies-
213 1549 1625 1619 tan los exesos de un amor profano, y hasta don-
277 1623 1566 1691 de llega el ardid, las astucias y cautelas de
720 1695 1114 1756 las mugeres.
636 1832 1204 1916 PRIMERA PARTE.
254 2047 893 2091 Cuando el Sacro Autor Supremo
212 2103 662 2146 crió los Cielos y tierra
209 2157 707 2203 las aves, brutos y peces,
205 2213 742 2260 las plantas, flores y yervas;
926 2053 1423 2102 hizo superior al hombre,
943 2114 1387 2153 para que domine y sea
940 2162 1362 2203 en superlativo grado,
932 2214 1444 2259 aun señor de las estrellas.
