1672 2400
149 233 639 268 A este tiemdo á Barcelona
149 281 546 315 le fué preciso pasarse
150 328 610 365 por mandado de su rey.
156 375 523 409 Paseábase una tarde
156 423 563 457 por las riberas del mar
161 470 603 504 en unos festines grandes:
153 517 555 551 reparó y vió una diosa
164 564 740 600 que es de la hermosura esmalte,
156 612 710 646 un instrumento en sus manos,
155 660 617 694 que daba gloria al tocarle.
160 707 598 743 En fin se acabó el sarao,
157 755 587 790 y hácia su casa se parte;
158 802 576 840 y siguiéndole los pasos,
162 850 616 887 sabe donde vive el ángel.
163 897 528 933 Solicitó el conocerle,
155 945 609 983 y en su balcon una tarde
162 993 519 1029 le hizo una cortesía,
168 1040 664 1078 con tal modo y con tal arte,
164 1088 630 1124 que atendiendo la señora,
161 1135 626 1171 quedó rendida al mirarle:
168 1182 707 1220 los dos quedaron á un tiempo
165 1229 582 1267 heridos en un instante.
168 1277 662 1318 Hablóle en fin don Gaspar,
171 1325 583 1363 y le dice : Bello ángel,
167 1373 666 1412 soy quien rendido te adoro,
172 1420 606 1457 imán de tus voluntades.
172 1468 614 1504 Doña Elena le responde:
163 1517 620 1553 señor, yo quiero pagarte
169 1564 623 1600 tu voluntad, y esta noche
165 1612 666 1647 ven á mi jardin, ó parque,
171 1659 711 1698 y en siendo las doce en punto
174 1707 618 1742 la respuesta podré darte.
169 1754 549 1790 Llegó la citada hora,
175 1803 623 1843 y para el jardin se parte,
175 1850 615 1887 y así que se vieron solos
179 1897 608 1933 estos dos finos amantes,
177 1944 641 1980 se dicen dos mil ternezas,
184 1992 676 2028 con el amor mas constante;
184 2039 606 2076 y él le dijo : mi señora,
175 2086 645 2123 si ahora gustais de darme
178 2133 640 2172 la dulce mano de esposa,
181 2181 613 2218 te cumpliré de mi parte
180 2230 644 2265 la palabra que te ofrezco,
188 2280 682 2317 que contigo he de casarme.
880 223 1272 261 La niña con vigilancia
878 272 1330 310 sacó la mano del guante,
873 319 1313 360 y le dice : Dueño mio,
870 365 1344 405 cúmplanse tus voluntades.
883 414 1309 452 Se despidieron gustosos,
871 460 1307 504 y cuando el alba renace
879 506 1359 548 dan á don Garpar la órden
884 554 1389 595 que para Orán se embarcase,
887 603 1371 641 Surcando las negras ondas,
871 650 1277 691 á otre dia por la tarde
884 698 1247 737 en Orán desembarcó
875 747 1260 786 este jóven arregante.
881 795 1285 833 Y pasados nueve dias,
882 843 1279 880 un barco de catalanes
880 890 1334 930 llegó á la playa de Orán,
881 938 1331 978 y don Gaspar al instante
887 985 1351 1021 bajó á registrarlo, y vido
883 1031 1405 1069 un amigo, al que al instante
885 1078 1331 1117 le pregunta por su dama
886 1125 1332 1163 y mudando de semblante
879 1173 1319 1213 le dice como es cautiva,
887 1220 1379 1259 y en Turquía podrá hallarle.
889 1268 1435 1309 Y él con mas pena que nunca
885 1315 1351 1356 se despidió, y al instante
892 1364 1343 1405 fué á su casa, y al punto
894 1411 1386 1452 se vistió en turquesco traje,
894 1459 1352 1499 y metiéndose en Turquía,
897 1507 1323 1548 por las villas y ugares,
892 1554 1400 1595 se fué sá la ciudad de Argel;
896 1603 1337 1643 pascábase en sus calles,
896 1651 1378 1690 porque la lengua turquesca
894 1698 1409 1737 muy bien la corta y la sabe.
897 1745 1387 1784 Conversaba con los moros,
896 1792 1418 1831 cuando en la plaza una tarde
903 1841 1315 1878 vido una gallarda turca
903 1888 1434 1926 tan hermosa, que una imágen
908 1936 1285 1975 era de la diosa Palas,
898 1983 1312 2023 y en su compañía trae
898 2030 1370 2068 á la hermosa doña Elena;
900 2077 1348 2115 y acercándose al instante
905 2125 1259 2166 le hizo una cortesía
910 2173 1408 2212 con tal garbo y con tal arte,
911 2221 1317 2260 que reparando la turca
907 2271 1341 2310 le causó novedad grande,
