1765 2512
117 278 583 320 despues que leyó la carta;
123 323 559 369 pero por el amor grande
127 372 631 415 que á su dulce esposa tiene,
119 420 595 462 se partió luego á buscarle
123 467 579 509 con su hija, y embarcóse
127 517 567 556 con felicidad tan grandé,
132 561 655 603 que en breve tiempo se halló
123 610 632 651 de Barcelona en la márgen.
128 659 627 699 Con la niña saltó ein tierra
124 709 544 746 á las cinco de la tarde;.
133 756 527 795 y cansado y pensativo.
133 803 609 841 se durmió en aquel paraje.
127 851 565 889 A las doce de la noche
127 899 595 937 hubo una quimera grande,
138 946 581 985 donde quedaron difuntos
137 994 578 1031 tres soldados arrogantes.
148 1042 656 1078 Vino á el punto uña patrulla,
133 1089 565 1131 y registrando el paraje,
135 1137 595 1175 á este solamente hallaron,
134 1184 575 1224 y al principal se lo traen,
137 1230 627 1271 y las muertes le acumulan,
138 1278 634 1318 y mandan luego al instante.
137 1328 583 1366 que muera arcabuceado,
131 1375 512 1413 á la capilla lo traen;
141 1421 631 1459 viéndose en tanto conflicto,
147 1468 610 1508 así empezó á lamentarse:
137 1516 587 1555 Dulce esposa de mi vida,
143 1563 590 1604 que por venir á buscarte.
139 1611 671 1651 me veo en tan grande apuro,
139 1658 635 1698 Tráiganme luego al instante
141 1707 566 1745 á mi muy querida hija;,
135 1757 655 1798 y con suspiros muy grandes
144 1804 538 1839 dice : hija de mi vida;,
142 1850 563 1889 la querida de su:padre,
147 1898 623 1938 oh, qué sin calor te hallas!.
143 1945 632 1984 doy pregunta por tu madre
149 1992 526 2031 doña Rosa de Leon,
149 2039 693 2080 que puede ser que te ampare.
149 2087 649 2128 Y un soldado de la guardia
149 2135 641 2177 pone atencion á escucharle,
149 2183 624 2222 que es cuñado del regente,
147 2231 591 2270 fueron y le dieron parte,
159 2279 579 2317 el cual vino muy ligero,
157 2326 527 2370 y llegando vigilante,
160 2374 553 2415 le dá relacion de todo.
841 262 1355 301 Doña Rosa en este instante:
839 311 1281 350 se hallaba en el oratorio,
837 359 1303 398 y tambien le dieron parte;
837 406 1333 446 se fué donde estaba el reo,
841 451 1347 494 y vió un sargento que afable
843 500 1331 541 tiene la niña en los brazos:
846 549 1289 589 ella reparó en su madre,
843 595 1328 637 la conoció, y dando gritos
847 644 1327 682 dice: cómo me olvidastes,
847 692 1243 731 madre de mi corazon,
844 739 1380 779 que á tus pechos me criastes ?
849 787 1267 826 No desampares tu hija.
854 833 1363 875 Y volviéndo en este instante
848 883 1280 921 doña Rosa sus dos soles
847 932 1276 970 la reconoció al instante,
853 979 1280 1016 y arrojándose hácia ella
858 1027 1328 1064 dice. dónde está tu padre?
854 1074 1308 1115 A el palació lo llevaron,
858 1122 1282 1159 y don Gaspar ignorante
855 1171 1338 1208 que era el turco su cuñado
863 1218 1237 1257 con alegría bastante
864 1267 1320 1304 se reconocen, y al punto
863 1313 1307 1352 pide que lós bautizaren:
863 1361 1309 1399 llevan la niña á la iglesia,
865 1408 1312 1448 júntamente con su padre
860 1455 1286 1495 los bautizaron, y luego
860 1504 1371 1543 con solemnidad muy grande
863 1551 1277 1590 se pasaron á el palacio,
863 1598 1294 1639 y. doña Rosa al instante
863 1646 1363 1686 se ha entrado en el oratorio
867 1694 1289 1732 á dar gracias incesantes
873 1741 1296 1779 al bendito san Antonio,
869 1788 1345 1834 y á la Vírgen del Carmen
875 1836 1395 1878 por el milagro que han hecho
875 1883 1349 1924 en la conversion constante
868 1932 1407 1971 de su esposo, y que con gusto
874 1978 1333 2019 el santo bautismo abrace
871 2026 1301 2067 En seguida los casaron,
875 2073 1323 2120 y á san Antonio le hacen
880 2121 1245 2165 una suntuosa fiesta.
871 2170 1374 2210 Cristianos los mas amantes,
879 2216 1344 2257 estos son en san Antonio
876 2265 1325 2307 sus prodigios admirables,
877 2313 1355 2355 tambien de nuestra Señora
877 2360 1367 2401 María Vírgen del Cármen.
356 2430 1333 2512 Carmona: 1859—Imp. de D. José María Moreno.
