1648 2448
279 207 708 246 y á doña Elena le dice:
277 255 742 292 Mira qué turco tan grave;
280 302 720 339 mas doña Elena le mira,
285 349 712 388 y le conoció al instante.
281 397 754 434 Cayó desmayada en tierra,
282 444 772 481 sus ojos hechos dos mares,
287 492 676 528 y la turca así le dice:
288 538 851 577 Aquí hay misterio muy grande,
285 587 705 628 y le dijo á la cristiana:
291 635 729 672 por tu vida me declares
289 680 811 719 lo que en tu pecho encerrado
287 729 785 766 tienes, porque soy bastante
298 777 736 813 para aliviar tus congojas,
291 825 706 860 y remediar tus pesares.
291 872 735 907 Doña Elena le responde:
292 920 790 959 Yo, señora, he de contarte
287 967 707 1005 el caso que me sucede,
294 1014 779 1053 escúchame en este instante.
287 1061 667 1101 Ese caballero turco,
294 1110 718 1148 tan cortés y tan afable,
293 1158 783 1195 es cristiano, no lo ignores.
291 1205 756 1241 La turca mandó llamarle,
299 1252 801 1290 y encerrándolo en su cuarto,
293 1301 769 1337 allí empezó á preguntarle,
299 1348 716 1386 y le dijo que de Elena
299 1395 746 1432 era muy rendido amante,
301 1443 743 1480 y su nombre don Gaspar
301 1491 710 1526 de Leon de alto linaje.
293 1537 772 1573 La turca al oir su nombre
299 1585 777 1621 con mas cuidado que antes
297 1634 782 1669 le preguntó, de qué patria
300 1680 772 1717 fué su orígen y su sangre.
297 1728 752 1765 Señora, yo soy de Orán,
298 1775 818 1812 para lo que usted me mande,
303 1822 774 1858 Tuvísteis alguna hermana,
307 1869 799 1905 que en sus pequeñas edades
307 1916 741 1952 la cautivaron los turcos ?
305 1965 811 2000 Y él respondió muy afable:
297 2011 788 2049 Ay, hermana de mi vida!
307 2060 821 2098 ah, quien pudiera encontrarte
312 2110 648 2144 para poder sosegar,
310 2156 775 2192 y aliviar pena tan grande!
312 2204 820 2241 Le echó los brazos al cuello,
311 2252 757 2288 hechos sus ojos raudales:
304 2301 724 2344 yo soy la infeliz mujer,
998 201 1532 236 soy tu hermana en este traje,
1007 250 1369 286 y mujer del general,
1002 293 1610 330 que olvidando un Dios tan grande
1005 341 1431 379 me casé, señor, ahora
1004 391 1338 427 no dilates el viaje;
1003 437 1405 477 y guardando el secreto
1005 487 1437 520 recoge luego al istante
1012 533 1398 568 oros , galas y dineros,
1011 579 1461 616 y sobre un bufete grande
1005 627 1511 663 dejó una carta á su esposo,
1014 675 1415 711 que si queria buscarle
1009 722 1516 758 que se pase leego á España,
1019 769 1399 805 y trate de bautrzarse.
1022 815 1537 853 Con cuarenta y dos cristianos
1008 866 1442 901 á una galera se parten,
1009 912 1513 949 por entre espumosas aguas,
1015 956 1555 997 corta el viento y rompeel aire.
1020 1007 1406 1045 Llegaron á Barcelona
1013 1054 1495 1095 guiados de aquella imágen
1022 1101 1491 1139 de san Antonio de Padua,
1012 1149 1488 1189 y la Patrona del Cármen.
1028 1196 1415 1235 Escriben esta noticia
1018 1243 1560 1281 á el Rey, el que al escucharle
1019 1290 1441 1330 á don Gaspar le mandó
1020 1339 1477 1377 que por Regente quedase
1027 1388 1451 1424 en la ilustre Barcelona,
1019 1435 1457 1471 y luego al palacio parte.
1025 1481 1431 1520 Disponen con regocijo
1029 1531 1463 1566 el casamiento al instante,
1031 1579 1537 1616 y en los brazos de himenéo,
1031 1626 1471 1660 gozan mil tranquilidades.
1030 1671 1471 1709 Doña Rosa á su oratorio
1028 1721 1516 1756 se ha ido luego al instante,
1032 1770 1512 1804 donde estaba san Antonio,
1027 1816 1410 1854 y la soberana imágen
1027 1864 1498 1900 de la Vírgen del Carmelo,
1030 1911 1541 1947 y humilde empezó á rogarles
1034 1959 1516 1998 por su esposo, y una niña
1035 2006 1451 2043 que siete años no hace,
1028 2053 1492 2090 que les traigan á su vista.
1032 2099 1435 2137 Dejemos en este lance
1036 2148 1510 2186 á su esposa, y la atencion
1039 2196 1497 2233 pasemos luego al instante
1031 2243 1482 2282 al general que en su casa
1035 2295 1447 2331 en lágrimas se deshace,
