1737 2508
1258 140 1518 298 (Núm. 223.)
430 1356 1494 1523 DOÑA ROSA LA CAUTIVA.
293 1572 818 1614 Gloria es de los horizontes
289 1624 644 1661 ese farol luminante
293 1670 837 1710 del Sol, que esparce sus luces
286 1719 716 1757 y destierra obscuridades
290 1767 756 1804 oireis la historia mas rara
291 1814 865 1852 que se ha escrito en los anales.
297 1862 801 1899 Digo, señor, que en Orán
297 1907 808 1946 nació de muy nobles padres
293 1957 750 1994 un don Gaspar de Leon;
297 2006 767 2042 y de muy realzada sangre:
300 2055 772 2089 este tal tuvo una hermana,
303 2101 747 2137 de ocho años no cabales
299 2150 737 2187 la cautivaron los turcos,
302 2197 753 2233 porque se salió una tarde
294 2244 662 2281 á pasear por el sitio
294 2290 819 2328 que llaman de los Ataques:.
304 2339 912 2378 Su hermano, que es de diezcaños,
1016 1565 1397 1605 esta noticia le traen
1016 1610 1425 1652 sintiendo su cautiverio
1010 1657 1447 1699 en lágrimas se deshace.
1014 1703 1467 1747 Se fué criando este jóven
1020 1753 1487 1794 hasta veinte años cabales,
1018 1803 1372 1843 salia todos los dias
1014 1851 1392 1889 al turco á desañarle;
1015 1896 1495 1938 mas ninguno se le atreve,
1028 1940 1571 1984 porque tiemblan al nombrarle.
1023 1992 1389 2032 Todos los dias traia
1018 2036 1555 2080 del moro presas muy grandes,
1022 2085 1466 2128 entre las cuales se trajo
1024 2133 1515 2175 del turco el real estandarte.
1016 2182 1492 2223 Supo el rey de este leon,
1026 2230 1468 2271 de este jóven arrogante,
1026 2277 1381 2318 y le dió de capitan
1022 2324 1475 2367 la Vengala por honrarlo,
