1765 2512
172 346 758 406 á quien vestí de alto abajo
181 408 737 463 e dí asilo y de comer;
172 467 673 522 el gastó mis doblones...
179 525 619 579 ese es el pago cruel
180 580 761 639 con que premias los afanes
177 642 693 695 de una escualida muger?
183 695 841 755 O se calla, ó por Dios santo,
184 754 771 815 que la estampo en la pared
183 816 697 872 sin miramiento ninguno;
182 873 705 930 Señora, me apesta usted!
187 930 787 988 Deslenguado! eso me dices!
188 994 633 1048 insultas mi doncelléz
195 1048 785 1108 porque ya no tengo un duro
191 1108 734 1163 de que puedes disponer?
194 1167 737 1223 Juegue usted á la loteria,
198 1226 665 1282 y si consigue obtener
202 1286 678 1338 un premiecito decente
204 1345 627 1397 á quererla volveré.
208 1394 745 1455 Escribale á su compadre
213 1450 841 1512 que es rico y la quiso bien;
211 1513 792 1575 y que le mande mil duros
211 1574 719 1625 ò dos mil por esta vez.
218 1626 912 1678 En fin dé usted algunos pasos,
221 1686 695 1746 esa es mucha dejadéz
219 1749 827 1815 mire usted á Doña Quiteria,
901 328 1361 376 como no falta al café
896 385 1491 436 ni al teatro, ni á los toros,
895 440 1445 496 ni al mas brillante soiré
901 497 1522 557 porque ¿porque tiene un bolso
906 556 1498 614 como un coche de alquiler!
897 616 1425 671 Esa si que es una mina
914 673 1450 733 que esplotar no alcanzaré
913 733 1468 788 pues adora á Don Pepito
911 792 1343 850 y se desvive por él!
909 851 1461 905 Empeñe usted el abanico,
909 911 1409 964 la sombrilla, el alfiler,
920 968 1371 1022 la saboneta de plata,
923 1025 1387 1078 la camisa y el corsé;
924 1084 1445 1135 haga de todo almoneda,
933 1140 1437 1198 que bien puede recogér
925 1199 1477 1259 para que echemos un dia
935 1257 1473 1312 en Pinton ó en Aranjuéz
935 1315 1541 1370 sinó, vaya usted al demonio
937 1375 1402 1432 pues tan solo Lucifér
944 1430 1457 1490 cargará con sus setenta
942 1488 1482 1546 ó algun mozo de cordel!
948 1546 1513 1608 Así le hablaba en la Corte
943 1600 1459 1658 á una vieja su doncél,
951 1655 1647 1727 que en Madrid siempre hay de sobra
951 1728 1399 1784 amantes de este jaéz,
942 2041 1057 2196 FIN.
