1737 2508
654 1139 1087 1306 EL CONSEJO
328 1397 1433 1491 DE UN AMIGO.
228 1818 704 1872 Diego se quiere casar,
186 1878 770 1934 Diego se ha sorbido el juicio;
194 1932 693 1989 Diego no sabe el bullicio
194 1985 876 2047 De ese gremio en que vá á entrar:
194 2050 751 2105 Tiene amor, en hora buena
194 2109 759 2162 Pero el amor pasa, y luego?
202 2170 712 2222 ¡Pobre mozo me dá pena,
204 2229 702 2283 Mira, no te cases, Diego.
954 1788 1437 1844 Lo que te ha de suceder
910 1853 1341 1902 Te lo pudiera contar,
912 1906 1417 1961 Pues he surcado ese mar
923 1967 1390 2021 En que te vas á meter,
924 2022 1429 2080 In primis, no verás nada,
927 2082 1467 2137 Pues todo marido es ciego,
924 2138 1372 2196 Es una chanza pesada,
930 2200 1427 2256 Mira, no te cases, Diego.
