1765 2512
317 190 739 233 En el libro soberano
272 248 768 290 Del destino, escrito está
273 308 867 351 Que el que cuernos te pondrá,
272 365 752 408 Tu lo lleves de la mano;
265 421 755 466 El que verás mas inerte,
270 480 803 525 El que tu creerás mas lego,
264 539 906 584 Será el que te ponga en suerte;
266 597 772 645 Mira, no te cases, Diego.
302 693 738 738 Si eres, celoso serás
266 751 734 798 Un tirano insorpotable,
272 812 791 855 Si eres un marido amable,
273 868 794 917 Un Juan Lanas, y no mas;
264 927 758 975 Duro; te dirán cernicalo,
269 987 706 1031 Si débil otra te pego,
268 1045 814 1091 Antes de tragar, masticalo,
270 1102 771 1148 Mira, no te cases, Diego.
318 1198 762 1244 Verás una, dos y tres,
266 1259 782 1304 Que te gusten, y no poco
267 1317 794 1359 Serás para ellas, lo que es
270 1374 728 1417 Para los niños, el coco.
271 1431 745 1474 Aunque digas la verdad
268 1490 811 1539 No harán caso de tu ruego,
268 1546 658 1591 Es una barbaridad,
267 1605 756 1653 Mira no te cases, Diego.
1040 187 1618 234 Hay mas, si te dan las minas
991 246 1568 290 Todas de hallende el atlante
990 305 1561 347 No hay con ellas lo bastante
990 365 1492 407 Para blonda y papalinas;
998 420 1504 464 Devora mas, en mi juicio,
992 479 1639 527 Cualquiera muger que un fuego,
999 537 1542 582 Si ir no quieres al hospicio,
992 594 1491 640 Mira, no te cases, Diego.
1039 693 1659 741 ¿Que es lo que te has figurado
997 750 1621 796 Que es un marido? un estorbo,
994 810 1469 851 Un ente tonto y pesado
995 868 1492 910 Un cuasi cólera morbo,
997 927 1641 970 Que cuando ha perdido el oro
992 983 1574 1029 Pierde la paz, y el sosiego,
992 1040 1490 1086 Creéme, pasate al moro,
1001 1102 1516 1146 Antes no te cases, Diego.
1038 1216 1546 1260 Es un milagro encontrar
996 1278 1500 1317 Muger que sea completa,
996 1328 1606 1366 La que no es tonta es coqueta,
990 1381 1548 1426 La hermosa, no sabe amar,
990 1439 1582 1486 A mi me ha tocado un angel,
990 1498 1568 1544 Me quiere con todo el fuego,
992 1554 1601 1603 Si tu encuentras un arcángel,
1000 1610 1510 1656 Mira, no te cases, Diego.
866 1805 1120 1961 FIN.
734 2061 1201 2110 Carmona:-1861
323 2119 1636 2169 Imprenta de D. José M. Moreno, calle de Madre de Dios núm. 1.
