1737 2508
194 191 722 237 se me anuda la garganta,
199 246 635 294 y el corazon afligido
206 307 725 353 quiere salir de su centro,
207 365 653 412 temeroso del peligro.
210 424 692 469 Pero ya que la licencia,
210 482 835 528 gran Señor, me has concedido,
207 540 697 586 antes de morir pretendo
214 596 691 642 oigas fines, y principios
214 655 719 701 del trascurso de mi vida,
212 712 768 759 que os lo esplicaré sucinto.
206 771 719 816 Nací en la noble Sevilla
214 828 662 873 de linage esclarecido:
219 884 748 929 mi padre no se quien fue,
213 941 753 986 aunque dice el pecho mio,
213 1000 820 1044 por el valor que en si ostenta,
207 1060 794 1103 por lo heroico, por lo altivo,
217 1117 671 1159 que debia de ser Rey,
227 1173 764 1214 ó Principe, aquesto es fijo.
213 1228 793 1270 Fuime, gran Señor, criando
221 1283 696 1326 con el cortesano estilo
229 1339 717 1382 y doctrina que requiere
229 1393 713 1436 sugeto tan bien nacido.
233 1447 802 1490 Llegué á tener quince años,
226 1501 721 1545 sin poder tener indícios
234 1557 854 1602 quien fuese mi Padre ó Madre,
232 1613 772 1655 que el cuidado, y el cariño
233 1667 779 1712 de una hermana que tenia,
234 1727 801 1771 siempre me acultó lo dicho.
233 1784 717 1827 En este tiempo, Señor,
237 1838 648 1879 mi espiritu volativo
237 1897 810 1945 á ver el mundo me arrastra,
253 1952 717 1998 y dueño de mi alvedrio,
249 2008 773 2054 sin reparar en los riesgos
239 2071 728 2118 en que me veo metido,
898 128 934 173 7
936 186 1454 226 determiné el ausentarme
936 240 1482 283 de mi Patria (gran delirio!(
940 295 1499 339 No bastaron de mi hermana
933 351 1417 393 las lágrimas y suspiros
937 405 1372 447 á poderme persuadir
947 462 1439 502 que dejase mi designio.
952 516 1436 561 Y viéndome ya resuelto,
940 572 1490 616 me dijo: Hermano querido,
949 627 1495 668 ya que el mundo vas á ver
948 679 1515 727 lo que te advierto y te digo,
946 735 1496 784 que en Italia está tu Padre,
945 790 1434 836 sea esta prenda testigo.
944 844 1447 891 busca su dueño y veras
949 899 1500 944 tus deseos bien cumplidos:
955 954 1480 1001 dióme este Toison, Señor,
951 1009 1469 1054 lo que humilde te dedico.
956 1064 1446 1104 Esta, Señor, en sumaria
956 1118 1488 1167 es de mi vida el principio,
961 1173 1392 1214 Don Enríque conoció
955 1229 1369 1270 era su Toison, y dijo
959 1285 1440 1326 en altas voces: Ay Dios!
955 1338 1454 1381 este es mi querido hijo.
957 1395 1444 1435 Primo, no os acordareis
963 1448 1434 1489 de los pasados cariños
961 1503 1505 1547 de las dos Damas tapadas?
973 1557 1468 1602 Valedme, Cielos divinos!
971 1613 1425 1658 Ven, hijo del corazon,
971 1669 1516 1713 vén, mi querido Francisco,
973 1725 1523 1767 contadme por vida vuestra,
972 1786 1558 1828 qué es esto que ha sucedido?
968 1842 1462 1883 Señor ya que mi fortuna
980 1898 1468 1938 á tu vista me ha traido,
976 1953 1370 1992 os digo; como salí
976 2007 1468 2049 de Sevilla, con designio
978 2072 1584 2117 de buscarte, y que los Cielos
