1765 2512
816 214 856 368 4
127 340 629 386 y una boveda hay en ella
127 399 713 443 que sé que á mi Jardin pasa,
128 458 592 500 por aí hermoso Adonis.
124 516 720 560 tendrán descanso mis ansias,
128 574 654 616 y los dos nos hablaremos.
127 632 738 674 Y advíerte, de que te aguarda
127 692 637 736 gran castigo, si no haces
122 750 696 792 lo que una Princesa manda,
126 807 750 851 porque hablándole á mi Padre,
120 866 598 909 haré como apasionada.
120 924 728 967 No hubo bien rompido el dia,
121 983 705 1025 Cuando D. Francisco estaba
124 1041 578 1086 en el patio de Palacio
127 1103 739 1143 con presunciones muy varias.
130 1158 576 1202 Vido llegar un criado,
126 1216 630 1261 un bolsillo le entregaba,
131 1275 625 1318 y una carta y le suplica,
133 1334 623 1377 que del Palacio se salga:
140 1392 662 1438 y abriendo el papel, leyo,
125 1452 619 1497 y del caso se admiraba.
125 1511 604 1550 A la española se viste,
130 1566 656 1610 y luego al Príncipe habla,
136 1624 712 1667 díciendo que el Padre Santo
128 1684 608 1728 por penitencia le daba
128 1742 654 1788 el que fuese Hospitalero,
120 1802 569 1849 y que asi le suplicaba
138 1861 690 1903 le vendiese aquella ermita,
856 343 1328 386 que la palabra le daba
860 398 1316 449 de fundar un Hospital,
851 457 1485 502 que es obra que á Dios agrada.
863 513 1418 560 Viendo el Príncipe su zelo,
859 574 1317 617 y disposicion gallarda,
856 630 1336 677 sin detencion se la dió,
860 689 1288 734 y la obra comenzaba.
851 748 1421 791 La Princesa en este tiempo
859 805 1288 849 diligente le mandaba
856 863 1306 909 cantidades de dinero,
859 921 1345 965 para que adelante vaya.
856 980 1288 1024 Rematada ya la obra,
862 1038 1328 1081 compuesta y finalizada,
864 1094 1423 1138 veinte y cuatro camas puso
863 1155 1409 1199 para los pobres que pasan.
863 1213 1361 1257 Todos le alaban el gusto,
864 1270 1332 1312 viendo como ejercitaba
872 1326 1335 1372 el acto de la humildad
865 1384 1423 1431 por lograr lo que esperaba.
859 1445 1353 1487 No pasó noche ninguna,
867 1500 1407 1548 que al Jardin no se bajára
865 1559 1397 1604 á hablar y ver la princesa
868 1615 1461 1664 donde amantes se estimaban.
864 1672 1359 1722 Dejemos en este estado
863 1733 1435 1783 esta historia en la sumaria,
875 1790 1401 1842 que en otra segunda parte
861 1849 1233 1902 quedará finalizada.
520 1971 1168 2132 FIN DE LA PRIMERA PARTE.
