1737 2508
382 336 1492 498 SEGUNDA PARTE.
226 642 1640 720 Romance en que se rejiere muy por
221 743 1658 819 menor e l dichoso jin que tubieron
226 843 1637 920 las prod igiosas aoenturas de los no-
226 944 1638 1021 bles Caballeros D. Enrique y D.
744 1041 1143 1118 Estefano.
273 1254 744 1300 Entre claveles y rosas,
236 1311 641 1355 azucenas y narcisos,
235 1364 704 1411 de violetas y jazmines,
227 1419 745 1463 arrayanes, verdes mirtos
231 1476 766 1518 se escuchaban los favores
234 1529 755 1573 de aquel Angel peregrino.
237 1585 677 1628 Una noche una criada,
239 1640 758 1687 de quien se habia valido,
232 1696 746 1740 ó cansada, ó mal pagada,
236 1752 719 1792 al Príncipe le dió aviso
221 1806 721 1849 del error de la Princesa:
226 1864 748 1903 partió al jardin improviso,
223 1917 836 1961 y entre unas yedras se oculta,
219 1974 692 2015 y vió todo lo que quiso.
220 2029 674 2068 En aquellos ocho dias
213 2083 725 2124 no se dió por entendido;
226 2140 818 2178 y al fin de este tiempo busca
219 2194 651 2235 un ordinario vestido
965 1253 1581 1293 de pobre, de aquellos que hoy
963 1308 1552 1351 dan el nombre de mendigos.
964 1362 1390 1402 Salióse de¿la Ciudad
969 1418 1490 1459 con gran cuidado y sigilo,
968 1472 1496 1513 cuando ya el dorado Febo
961 1527 1483 1568 se oculta hácia su retiro.
968 1583 1587 1630 Llegó al Hospital, y llama
971 1638 1532 1680 salió á abrirle D. Francisco,
973 1693 1534 1735 diciendo: descanse hermano
965 1747 1453 1789 del cansacio del camino.
972 1803 1406 1843 El Príncipe se acostó
960 1859 1458 1900 encima del mármol frio
953 1914 1426 1955 de la boca de la mina:
959 1970 1424 2010 con humildad y cariño
968 2025 1385 2068 el Hospitalero ruega,
957 2080 1432 2122 fingiéndose compasivo,
967 2137 1572 2177 quevaya á una blanda cama.
966 2192 1586 2235 A lo que el Principe ha dicho,
