<?xml version="1.0" encoding="UTF-8" standalone="yes"?>
<PcGts xmlns="http://schema.primaresearch.org/PAGE/gts/pagecontent/2013-07-15" xmlns:xsi="http://www.w3.org/2001/XMLSchema-instance" xsi:schemaLocation="http://schema.primaresearch.org/PAGE/gts/pagecontent/2013-07-15 http://schema.primaresearch.org/PAGE/gts/pagecontent/2013-07-15/pagecontent.xsd">
    <Metadata>
        <Creator>prov=University of Rostock/Institute of Mathematics/CITlab|PLANET AI GmbH/Gundram Leifert/gundram.leifert@planet-ai.de:name=Pliegos de Cordel (XIXe) - v4(htr_id=27283)::::v=2.6.7
prov=University of Rostock/Institute of Mathematics/CITlab|PLANET AI GmbH/Tobias Gruening/tobias.gruening@planet-ai.de:name=de.uros.citlab.module.baseline2polygon.B2PSeamMultiOriented:v=2.6.7
prov=University of Rostock/Institute of Mathematics/CITlab|PLANET AI GmbH/Tobias Gruening/tobias.gruening@planet-ai.de:name=/net_tf/LA73_249_0mod360.pb:de.uros.citlab.segmentation.CITlab_LA_ML:v=2.6.7
Transkribus</Creator>
        <Created>2020-12-01T15:06:46.474+01:00</Created>
        <LastChange>2020-12-08T17:51:06.746+01:00</LastChange>
        <Comments>
                Measurement unit: pixel
                PrimaryLanguage: 
                Producer: Transkribus
            </Comments>
        <TranskribusMetadata docId="525383" pageId="22318416" pageNr="113" tsid="50197034" status="DONE" userId="66244" imgUrl="https://files.transkribus.eu/Get?id=BUACNFJLHBQNAMQZTQIFQEGM&amp;fileType=view" xmlUrl="https://files.transkribus.eu/Get?id=ZFPLQBJWPKSYCITPYYSGKCJI" imageId="17387931"/>
    </Metadata>
    <Page imageFilename="Moreno_173_3.jpg" imageWidth="1737" imageHeight="2508">
        <PrintSpace>
            <Coords points="0,0 1736,0 1736,2508 0,2508"/>
        </PrintSpace>
        <ReadingOrder>
            <OrderedGroup id="ro_1607519342862" caption="Regions reading order">
                <RegionRefIndexed index="0" regionRef="r_1_1"/>
                <RegionRefIndexed index="1" regionRef="r_2_1"/>
            </OrderedGroup>
        </ReadingOrder>
        <TextRegion orientation="0.0" type="paragraph" id="r_1_1" custom="readingOrder {index:0;}">
            <Coords points="264,276 967,276 967,2223 264,2223"/>
            <TextLine id="r_1_1l1" custom="readingOrder {index:0;}">
                <Coords points="272,355 305,354 339,352 372,351 406,350 440,349 473,347 507,346 541,345 574,344 608,343 641,341 675,340 709,340 742,339 776,338 810,338 843,338 877,338 911,338 911,296 877,296 843,296 810,296 776,296 742,297 709,298 675,298 641,299 608,301 574,302 541,303 507,304 473,305 440,307 406,308 372,309 339,310 305,312 272,313"/>
                <Baseline points="272,341 305,340 339,338 372,337 406,336 440,335 473,333 507,332 541,331 574,330 608,329 641,327 675,326 709,326 742,325 776,324 810,324 843,324 877,324 911,324"/>
                <TextEquiv>
                    <Unicode>Busca al dueño de esta prenda,</Unicode>
                </TextEquiv>
            </TextLine>
            <TextLine id="r_1_1l2" custom="readingOrder {index:1;}">
                <Coords points="275,411 304,411 334,410 364,409 394,408 424,407 453,406 483,405 513,404 543,403 573,402 602,401 632,400 662,399 692,399 722,398 751,397 781,397 811,397 841,397 871,397 871,355 841,355 811,355 781,355 751,355 722,356 692,357 662,357 632,358 602,359 573,360 543,361 513,362 483,363 453,364 424,365 394,366 364,367 334,368 304,369 275,369"/>
                <Baseline points="275,397 304,397 334,396 364,395 394,394 424,393 453,392 483,391 513,390 543,389 573,388 602,387 632,386 662,385 692,385 722,384 751,383 781,383 811,383 841,383 871,383"/>
                <TextEquiv>
                    <Unicode>tendrá buen fin tu esperanza,</Unicode>
                </TextEquiv>
            </TextLine>
            <TextLine id="r_1_1l3" custom="readingOrder {index:2;}">
                <Coords points="280,469 308,468 337,468 365,466 394,465 423,464 451,463 480,462 508,461 537,460 566,459 594,458 623,457 651,456 680,455 709,455 737,455 766,454 794,454 823,455 852,455 852,415 823,415 794,414 766,414 737,415 709,415 680,415 651,416 623,417 594,418 566,419 537,420 508,421 480,422 451,423 423,424 394,425 365,426 337,428 308,428 280,429"/>
                <Baseline points="280,456 308,455 337,455 365,453 394,452 423,451 451,450 480,449 508,448 537,447 566,446 594,445 623,444 651,443 680,442 709,442 737,442 766,441 794,441 823,442 852,442"/>
                <TextEquiv>
                    <Unicode>y aunque padezcas trabajos,</Unicode>
                </TextEquiv>
            </TextLine>
            <TextLine id="r_1_1l4" custom="readingOrder {index:3;}">
                <Coords points="275,526 302,525 330,524 358,523 386,522 414,521 442,521 470,519 498,519 526,518 554,517 581,517 609,516 637,516 665,515 693,514 721,514 749,513 777,512 805,512 833,511 833,471 805,472 777,472 749,473 721,474 693,474 665,475 637,476 609,476 581,477 554,477 526,478 498,479 470,479 442,481 414,481 386,482 358,483 330,484 302,485 275,486"/>
                <Baseline points="275,513 302,512 330,511 358,510 386,509 414,508 442,508 470,506 498,506 526,505 554,504 581,504 609,503 637,503 665,502 693,501 721,501 749,500 777,499 805,499 833,498"/>
                <TextEquiv>
                    <Unicode>nunca de ella te deshagas.</Unicode>
                </TextEquiv>
            </TextLine>
            <TextLine id="r_1_1l5" custom="readingOrder {index:4;}">
                <Coords points="273,583 299,583 325,582 351,582 377,581 403,580 429,580 455,579 481,578 507,578 534,577 560,576 586,576 612,575 638,575 664,574 690,574 716,574 742,573 769,573 769,534 742,534 716,535 690,535 664,535 638,536 612,536 586,537 560,537 534,538 507,539 481,539 455,540 429,541 403,541 377,542 351,543 325,543 299,544 273,544"/>
                <Baseline points="273,570 299,570 325,569 351,569 377,568 403,567 429,567 455,566 481,565 507,565 534,564 560,563 586,563 612,562 638,562 664,561 690,561 716,561 742,560 769,560"/>
                <TextEquiv>
                    <Unicode>En ábitos de Estudiante</Unicode>
                </TextEquiv>
            </TextLine>
            <TextLine id="r_1_1l6" custom="readingOrder {index:5;}">
                <Coords points="283,640 308,639 333,638 358,637 383,637 409,636 434,635 459,634 484,634 510,633 535,632 560,632 585,631 610,631 636,630 661,630 686,629 711,628 737,628 737,589 711,589 686,590 661,591 636,591 610,592 585,592 560,593 535,593 510,594 484,595 459,595 434,596 409,597 383,598 358,598 333,599 308,600 283,601"/>
                <Baseline points="283,627 308,626 333,625 358,624 383,624 409,623 434,622 459,621 484,621 510,620 535,619 560,619 585,618 610,618 636,617 661,617 686,616 711,615 737,615"/>
                <TextEquiv>
                    <Unicode>hácia Roma caminaba</Unicode>
                </TextEquiv>
            </TextLine>
            <TextLine id="r_1_1l7" custom="readingOrder {index:6;}">
                <Coords points="283,694 308,694 333,693 358,692 383,691 408,691 434,690 459,689 484,689 509,689 534,688 559,688 585,687 610,687 635,686 660,686 685,685 711,684 711,645 685,646 660,647 635,647 610,648 585,648 559,649 534,649 509,650 484,650 459,650 434,651 408,652 383,652 358,653 333,654 308,655 283,655"/>
                <Baseline points="283,681 308,681 333,680 358,679 383,678 408,678 434,677 459,676 484,676 509,676 534,675 559,675 585,674 610,674 635,673 660,673 685,672 711,671"/>
                <TextEquiv>
                    <Unicode>Bajó á Viterbo, y alli</Unicode>
                </TextEquiv>
            </TextLine>
            <TextLine id="r_1_1l8" custom="readingOrder {index:7;}">
                <Coords points="288,755 314,754 341,754 367,753 394,753 420,752 447,751 473,750 500,749 526,749 553,748 580,747 606,746 633,746 659,745 686,744 712,744 739,744 765,743 792,743 819,743 819,701 792,701 765,701 739,702 712,702 686,702 659,703 633,704 606,704 580,705 553,706 526,707 500,707 473,708 447,709 420,710 394,711 367,711 341,712 314,712 288,713"/>
                <Baseline points="288,741 314,740 341,740 367,739 394,739 420,738 447,737 473,736 500,735 526,735 553,734 580,733 606,732 633,732 659,731 686,730 712,730 739,730 765,729 792,729 819,729"/>
                <TextEquiv>
                    <Unicode>quiso el cielo que parara</Unicode>
                </TextEquiv>
            </TextLine>
            <TextLine id="r_1_1l9" custom="readingOrder {index:8;}">
                <Coords points="293,815 319,814 346,812 373,811 400,810 427,809 453,808 480,807 507,806 534,805 561,804 587,804 614,803 641,802 668,802 695,801 721,801 748,800 775,800 802,800 829,799 829,760 802,761 775,761 748,761 721,762 695,762 668,763 641,763 614,764 587,765 561,765 534,766 507,767 480,768 453,769 427,770 400,771 373,772 346,773 319,775 293,776"/>
                <Baseline points="293,802 319,801 346,799 373,798 400,797 427,796 453,795 480,794 507,793 534,792 561,791 587,791 614,790 641,789 668,789 695,788 721,788 748,787 775,787 802,787 829,786"/>
                <TextEquiv>
                    <Unicode>por que la grande pobreza</Unicode>
                </TextEquiv>
            </TextLine>
            <TextLine id="r_1_1l10" custom="readingOrder {index:9;}">
                <Coords points="300,867 325,866 351,865 376,865 402,864 428,863 453,862 479,862 504,861 530,860 556,860 581,859 607,858 632,857 658,857 684,856 709,856 735,855 760,855 786,854 812,854 812,815 786,815 760,816 735,816 709,817 684,817 658,818 632,818 607,819 581,820 556,821 530,821 504,822 479,823 453,823 428,824 402,825 376,826 351,826 325,827 300,828"/>
                <Baseline points="300,854 325,853 351,852 376,852 402,851 428,850 453,849 479,849 504,848 530,847 556,847 581,846 607,845 632,844 658,844 684,843 709,843 735,842 760,842 786,841 812,841"/>
                <TextEquiv>
                    <Unicode>del transito fue la causa.</Unicode>
                </TextEquiv>
            </TextLine>
            <TextLine id="r_1_1l11" custom="readingOrder {index:10;}">
                <Coords points="290,928 315,927 340,927 366,926 391,925 417,924 442,923 468,923 493,922 519,921 544,919 569,918 595,918 620,917 646,916 671,916 697,916 722,916 748,916 773,917 799,918 799,876 773,875 748,874 722,874 697,874 671,874 646,874 620,875 595,876 569,876 544,877 519,879 493,880 468,881 442,881 417,882 391,883 366,884 340,885 315,885 290,886"/>
                <Baseline points="290,914 315,913 340,913 366,912 391,911 417,910 442,909 468,909 493,908 519,907 544,905 569,904 595,904 620,903 646,902 671,902 697,902 722,902 748,902 773,903 799,904"/>
                <TextEquiv>
                    <Unicode>Desnudo, triste, afligido,</Unicode>
                </TextEquiv>
            </TextLine>
            <TextLine id="r_1_1l12" custom="readingOrder {index:11;}">
                <Coords points="297,985 322,984 348,983 373,982 399,981 425,980 450,980 476,979 501,978 527,977 553,976 578,975 604,975 629,974 655,973 681,973 706,972 732,972 758,972 758,930 732,930 706,930 681,931 655,931 629,932 604,933 578,933 553,934 527,935 501,936 476,937 450,938 425,938 399,939 373,940 348,941 322,942 297,943"/>
                <Baseline points="297,971 322,970 348,969 373,968 399,967 425,966 450,966 476,965 501,964 527,963 553,962 578,961 604,961 629,960 655,959 681,959 706,958 732,958 758,958"/>
                <TextEquiv>
                    <Unicode>solo y en agena Pátria</Unicode>
                </TextEquiv>
            </TextLine>
            <TextLine id="r_1_1l13" custom="readingOrder {index:12;}">
                <Coords points="303,1045 329,1044 356,1043 382,1041 409,1040 435,1039 462,1037 488,1037 515,1036 541,1035 568,1034 594,1033 621,1033 647,1032 674,1032 700,1031 727,1031 753,1031 780,1031 806,1031 833,1031 833,989 806,989 780,989 753,989 727,989 700,989 674,990 647,990 621,991 594,991 568,992 541,993 515,994 488,995 462,995 435,997 409,998 382,999 356,1001 329,1002 303,1003"/>
                <Baseline points="303,1031 329,1030 356,1029 382,1027 409,1026 435,1025 462,1023 488,1023 515,1022 541,1021 568,1020 594,1019 621,1019 647,1018 674,1018 700,1017 727,1017 753,1017 780,1017 806,1017 833,1017"/>
                <TextEquiv>
                    <Unicode>se hallaba con mil fatigas,</Unicode>
                </TextEquiv>
            </TextLine>
            <TextLine id="r_1_1l14" custom="readingOrder {index:13;}">
                <Coords points="311,1101 339,1100 367,1099 395,1098 423,1097 451,1096 479,1096 507,1094 535,1093 563,1093 592,1092 620,1091 648,1091 676,1090 704,1089 732,1089 760,1088 788,1088 816,1087 844,1087 873,1086 873,1044 844,1045 816,1045 788,1046 760,1046 732,1047 704,1047 676,1048 648,1049 620,1049 592,1050 563,1051 535,1051 507,1052 479,1054 451,1054 423,1055 395,1056 367,1057 339,1058 311,1059"/>
                <Baseline points="311,1087 339,1086 367,1085 395,1084 423,1083 451,1082 479,1082 507,1080 535,1079 563,1079 592,1078 620,1077 648,1077 676,1076 704,1075 732,1075 760,1074 788,1074 816,1073 844,1073 873,1072"/>
                <TextEquiv>
                    <Unicode>rindiéndole al Cielo gracias.</Unicode>
                </TextEquiv>
            </TextLine>
            <TextLine id="r_1_1l15" custom="readingOrder {index:14;}">
                <Coords points="306,1160 334,1159 362,1158 390,1157 418,1156 446,1155 474,1154 503,1153 531,1152 559,1152 587,1151 615,1150 643,1149 671,1149 700,1148 728,1147 756,1146 784,1146 812,1146 840,1145 869,1145 869,1103 840,1103 812,1104 784,1104 756,1104 728,1105 700,1106 671,1107 643,1107 615,1108 587,1109 559,1110 531,1110 503,1111 474,1112 446,1113 418,1114 390,1115 362,1116 334,1117 306,1118"/>
                <Baseline points="306,1146 334,1145 362,1144 390,1143 418,1142 446,1141 474,1140 503,1139 531,1138 559,1138 587,1137 615,1136 643,1135 671,1135 700,1134 728,1133 756,1132 784,1132 812,1132 840,1131 869,1131"/>
                <TextEquiv>
                    <Unicode>A las puertas de un Palacio</Unicode>
                </TextEquiv>
            </TextLine>
            <TextLine id="r_1_1l16" custom="readingOrder {index:15;}">
                <Coords points="316,1218 344,1217 372,1215 400,1214 428,1213 457,1212 485,1211 513,1210 541,1209 569,1209 598,1208 626,1207 654,1207 682,1206 710,1206 739,1205 767,1205 795,1204 823,1204 851,1203 880,1203 880,1161 851,1161 823,1162 795,1162 767,1163 739,1163 710,1164 682,1164 654,1165 626,1165 598,1166 569,1167 541,1167 513,1168 485,1169 457,1170 428,1171 400,1172 372,1173 344,1175 316,1176"/>
                <Baseline points="316,1204 344,1203 372,1201 400,1200 428,1199 457,1198 485,1197 513,1196 541,1195 569,1195 598,1194 626,1193 654,1193 682,1192 710,1192 739,1191 767,1191 795,1190 823,1190 851,1189 880,1189"/>
                <TextEquiv>
                    <Unicode>nuestro D. Francisco estaba</Unicode>
                </TextEquiv>
            </TextLine>
            <TextLine id="r_1_1l17" custom="readingOrder {index:16;}">
                <Coords points="318,1276 344,1275 370,1274 396,1273 422,1272 448,1271 474,1270 500,1270 526,1269 552,1268 578,1267 604,1266 630,1266 656,1264 682,1264 708,1263 734,1262 760,1262 760,1220 734,1220 708,1221 682,1222 656,1222 630,1224 604,1224 578,1225 552,1226 526,1227 500,1228 474,1228 448,1229 422,1230 396,1231 370,1232 344,1233 318,1234"/>
                <Baseline points="318,1262 344,1261 370,1260 396,1259 422,1258 448,1257 474,1256 500,1256 526,1255 552,1254 578,1253 604,1252 630,1252 656,1250 682,1250 708,1249 734,1248 760,1248"/>
                <TextEquiv>
                    <Unicode>divirtiendose la vista</Unicode>
                </TextEquiv>
            </TextLine>
            <TextLine id="r_1_1l18" custom="readingOrder {index:17;}">
                <Coords points="313,1335 341,1334 370,1333 399,1332 428,1331 457,1329 486,1328 515,1328 544,1327 573,1325 602,1325 630,1324 659,1323 688,1322 717,1321 746,1321 775,1320 804,1320 833,1319 862,1319 891,1319 891,1277 862,1277 833,1277 804,1278 775,1278 746,1279 717,1279 688,1280 659,1281 630,1282 602,1283 573,1283 544,1285 515,1286 486,1286 457,1287 428,1289 399,1290 370,1291 341,1292 313,1293"/>
                <Baseline points="313,1321 341,1320 370,1319 399,1318 428,1317 457,1315 486,1314 515,1314 544,1313 573,1311 602,1311 630,1310 659,1309 688,1308 717,1307 746,1307 775,1306 804,1306 833,1305 862,1305 891,1305"/>
                <TextEquiv>
                    <Unicode>en ver embarcar dos damas</Unicode>
                </TextEquiv>
            </TextLine>
            <TextLine id="r_1_1l19" custom="readingOrder {index:18;}">
                <Coords points="322,1391 348,1390 374,1390 400,1389 426,1389 452,1388 478,1387 504,1386 530,1385 557,1385 583,1384 609,1383 635,1382 661,1381 687,1381 713,1380 739,1380 765,1379 792,1379 792,1337 765,1337 739,1338 713,1338 687,1339 661,1339 635,1340 609,1341 583,1342 557,1343 530,1343 504,1344 478,1345 452,1346 426,1347 400,1347 374,1348 348,1348 322,1349"/>
                <Baseline points="322,1377 348,1376 374,1376 400,1375 426,1375 452,1374 478,1373 504,1372 530,1371 557,1371 583,1370 609,1369 635,1368 661,1367 687,1367 713,1366 739,1366 765,1365 792,1365"/>
                <TextEquiv>
                    <Unicode>en un carrocin dorado,</Unicode>
                </TextEquiv>
            </TextLine>
            <TextLine id="r_1_1l20" custom="readingOrder {index:19;}">
                <Coords points="322,1448 349,1448 376,1447 403,1447 431,1446 458,1445 485,1444 512,1443 540,1442 567,1441 594,1440 621,1439 649,1438 676,1437 703,1437 730,1436 758,1436 785,1435 812,1435 839,1436 867,1436 867,1396 839,1396 812,1395 785,1395 758,1396 730,1396 703,1397 676,1397 649,1398 621,1399 594,1400 567,1401 540,1402 512,1403 485,1404 458,1405 431,1406 403,1407 376,1407 349,1408 322,1408"/>
                <Baseline points="322,1435 349,1435 376,1434 403,1434 431,1433 458,1432 485,1431 512,1430 540,1429 567,1428 594,1427 621,1426 649,1425 676,1424 703,1424 730,1423 758,1423 785,1422 812,1422 839,1423 867,1423"/>
                <TextEquiv>
                    <Unicode>hermosas como adornadas,</Unicode>
                </TextEquiv>
            </TextLine>
            <TextLine id="r_1_1l21" custom="readingOrder {index:20;}">
                <Coords points="341,1508 367,1507 393,1506 419,1505 446,1504 472,1503 498,1502 524,1501 551,1501 577,1500 603,1499 629,1498 656,1497 682,1496 708,1495 734,1494 761,1493 787,1493 813,1492 839,1491 866,1491 866,1451 839,1451 813,1452 787,1453 761,1453 734,1454 708,1455 682,1456 656,1457 629,1458 603,1459 577,1460 551,1461 524,1461 498,1462 472,1463 446,1464 419,1465 393,1466 367,1467 341,1468"/>
                <Baseline points="341,1495 367,1494 393,1493 419,1492 446,1491 472,1490 498,1489 524,1488 551,1488 577,1487 603,1486 629,1485 656,1484 682,1483 708,1482 734,1481 761,1480 787,1480 813,1479 839,1478 866,1478"/>
                <TextEquiv>
                    <Unicode>y á la Española costumbre</Unicode>
                </TextEquiv>
            </TextLine>
            <TextLine id="r_1_1l22" custom="readingOrder {index:21;}">
                <Coords points="330,1566 356,1565 382,1564 408,1563 434,1563 460,1562 486,1561 512,1560 538,1560 564,1559 590,1558 616,1557 642,1557 668,1556 694,1555 720,1554 746,1554 772,1552 798,1552 825,1551 825,1509 798,1510 772,1510 746,1512 720,1512 694,1513 668,1514 642,1515 616,1515 590,1516 564,1517 538,1518 512,1518 486,1519 460,1520 434,1521 408,1521 382,1522 356,1523 330,1524"/>
                <Baseline points="330,1552 356,1551 382,1550 408,1549 434,1549 460,1548 486,1547 512,1546 538,1546 564,1545 590,1544 616,1543 642,1543 668,1542 694,1541 720,1540 746,1540 772,1538 798,1538 825,1537"/>
                <TextEquiv>
                    <Unicode>el sombrero les quitaba.</Unicode>
                </TextEquiv>
            </TextLine>
            <TextLine id="r_1_1l23" custom="readingOrder {index:22;}">
                <Coords points="332,1624 358,1623 384,1622 410,1622 436,1621 462,1620 488,1619 515,1618 541,1618 567,1617 593,1616 619,1615 645,1615 671,1614 698,1613 724,1613 750,1612 776,1612 802,1612 828,1612 855,1613 855,1571 828,1570 802,1570 776,1570 750,1570 724,1571 698,1571 671,1572 645,1573 619,1573 593,1574 567,1575 541,1576 515,1576 488,1577 462,1578 436,1579 410,1580 384,1580 358,1581 332,1582"/>
                <Baseline points="332,1610 358,1609 384,1608 410,1608 436,1607 462,1606 488,1605 515,1604 541,1604 567,1603 593,1602 619,1601 645,1601 671,1600 698,1599 724,1599 750,1598 776,1598 802,1598 828,1598 855,1599"/>
                <TextEquiv>
                    <Unicode>Mandaron parar el coche,</Unicode>
                </TextEquiv>
            </TextLine>
            <TextLine id="r_1_1l24" custom="readingOrder {index:23;}">
                <Coords points="338,1682 364,1681 390,1681 417,1680 443,1679 470,1678 496,1678 522,1677 549,1676 575,1675 602,1674 628,1674 654,1673 681,1672 707,1672 734,1671 760,1671 787,1671 787,1629 760,1629 734,1629 707,1630 681,1630 654,1631 628,1632 602,1632 575,1633 549,1634 522,1635 496,1636 470,1636 443,1637 417,1638 390,1639 364,1639 338,1640"/>
                <Baseline points="338,1668 364,1667 390,1667 417,1666 443,1665 470,1664 496,1664 522,1663 549,1662 575,1661 602,1660 628,1660 654,1659 681,1658 707,1658 734,1657 760,1657 787,1657"/>
                <TextEquiv>
                    <Unicode>hizole seña una dama</Unicode>
                </TextEquiv>
            </TextLine>
            <TextLine id="r_1_1l25" custom="readingOrder {index:24;}">
                <Coords points="340,1740 368,1739 396,1738 424,1737 452,1737 480,1736 508,1735 536,1734 564,1733 592,1733 620,1732 648,1731 676,1730 704,1730 732,1729 760,1728 788,1728 816,1727 844,1727 872,1727 901,1727 901,1685 872,1685 844,1685 816,1685 788,1686 760,1686 732,1687 704,1688 676,1688 648,1689 620,1690 592,1691 564,1691 536,1692 508,1693 480,1694 452,1695 424,1695 396,1696 368,1697 340,1698"/>
                <Baseline points="340,1726 368,1725 396,1724 424,1723 452,1723 480,1722 508,1721 536,1720 564,1719 592,1719 620,1718 648,1717 676,1716 704,1716 732,1715 760,1714 788,1714 816,1713 844,1713 872,1713 901,1713"/>
                <TextEquiv>
                    <Unicode>de las dos, y acudió pronto</Unicode>
                </TextEquiv>
            </TextLine>
            <TextLine id="r_1_1l26" custom="readingOrder {index:25;}">
                <Coords points="334,1797 361,1796 388,1796 416,1795 443,1795 470,1794 498,1793 525,1793 552,1792 580,1791 607,1791 634,1790 662,1790 689,1789 716,1789 744,1788 771,1788 798,1787 826,1787 853,1787 881,1787 881,1745 853,1745 826,1745 798,1745 771,1746 744,1746 716,1747 689,1747 662,1748 634,1748 607,1749 580,1749 552,1750 525,1751 498,1751 470,1752 443,1753 416,1753 388,1754 361,1754 334,1755"/>
                <Baseline points="334,1783 361,1782 388,1782 416,1781 443,1781 470,1780 498,1779 525,1779 552,1778 580,1777 607,1777 634,1776 662,1776 689,1775 716,1775 744,1774 771,1774 798,1773 826,1773 853,1773 881,1773"/>
                <TextEquiv>
                    <Unicode>á ver lo que le mandaban.</Unicode>
                </TextEquiv>
            </TextLine>
            <TextLine id="r_1_1l27" custom="readingOrder {index:26;}">
                <Coords points="338,1857 364,1856 390,1855 416,1854 442,1853 468,1852 494,1851 520,1851 546,1850 573,1849 599,1849 625,1848 651,1848 677,1847 703,1847 729,1847 755,1846 782,1845 782,1803 755,1804 729,1805 703,1805 677,1805 651,1806 625,1806 599,1807 573,1807 546,1808 520,1809 494,1809 468,1810 442,1811 416,1812 390,1813 364,1814 338,1815"/>
                <Baseline points="338,1843 364,1842 390,1841 416,1840 442,1839 468,1838 494,1837 520,1837 546,1836 573,1835 599,1835 625,1834 651,1834 677,1833 703,1833 729,1833 755,1832 782,1831"/>
                <TextEquiv>
                    <Unicode>Le dice: de que Pais </Unicode>
                </TextEquiv>
            </TextLine>
            <TextLine id="r_1_1l28" custom="readingOrder {index:27;}">
                <Coords points="348,1915 376,1914 405,1913 434,1912 463,1911 492,1910 520,1909 549,1908 578,1908 607,1907 636,1907 664,1906 693,1906 722,1906 751,1905 780,1905 808,1904 837,1904 866,1903 895,1903 924,1902 924,1860 895,1861 866,1861 837,1862 808,1862 780,1863 751,1863 722,1864 693,1864 664,1864 636,1865 607,1865 578,1866 549,1866 520,1867 492,1868 463,1869 434,1870 405,1871 376,1872 348,1873"/>
                <Baseline points="348,1901 376,1900 405,1899 434,1898 463,1897 492,1896 520,1895 549,1894 578,1894 607,1893 636,1893 664,1892 693,1892 722,1892 751,1891 780,1891 808,1890 837,1890 866,1889 895,1889 924,1888"/>
                <TextEquiv>
                    <Unicode>de las Provincias de España</Unicode>
                </TextEquiv>
            </TextLine>
            <TextLine id="r_1_1l29" custom="readingOrder {index:28;}">
                <Coords points="350,1974 375,1972 401,1971 427,1969 453,1968 478,1967 504,1967 530,1966 556,1965 581,1965 607,1964 633,1963 659,1963 684,1963 710,1962 736,1962 762,1962 787,1961 813,1961 839,1961 865,1960 865,1920 839,1921 813,1921 787,1921 762,1922 736,1922 710,1922 684,1923 659,1923 633,1923 607,1924 581,1925 556,1925 530,1926 504,1927 478,1927 453,1928 427,1929 401,1931 375,1932 350,1934"/>
                <Baseline points="350,1961 375,1959 401,1958 427,1956 453,1955 478,1954 504,1954 530,1953 556,1952 581,1952 607,1951 633,1950 659,1950 684,1950 710,1949 736,1949 762,1949 787,1948 813,1948 839,1948 865,1947"/>
                <TextEquiv>
                    <Unicode>sois hijo? Nací en Sevilla.</Unicode>
                </TextEquiv>
            </TextLine>
            <TextLine id="r_1_1l30" custom="readingOrder {index:29;}">
                <Coords points="349,2029 374,2029 399,2029 425,2028 450,2028 476,2027 501,2027 526,2026 552,2025 577,2025 603,2024 628,2023 653,2022 679,2022 704,2021 730,2020 755,2020 780,2019 806,2019 831,2019 857,2019 857,1979 831,1979 806,1979 780,1979 755,1980 730,1980 704,1981 679,1982 653,1982 628,1983 603,1984 577,1985 552,1985 526,1986 501,1987 476,1987 450,1988 425,1988 399,1989 374,1989 349,1989"/>
                <Baseline points="349,2016 374,2016 399,2016 425,2015 450,2015 476,2014 501,2014 526,2013 552,2012 577,2012 603,2011 628,2010 653,2009 679,2009 704,2008 730,2007 755,2007 780,2006 806,2006 831,2006 857,2006"/>
                <TextEquiv>
                    <Unicode>Y dime, como te llamas?</Unicode>
                </TextEquiv>
            </TextLine>
            <TextLine id="r_1_1l31" custom="readingOrder {index:30;}">
                <Coords points="354,2089 383,2088 413,2088 443,2087 473,2087 503,2086 533,2085 562,2085 592,2084 622,2083 652,2082 682,2081 712,2080 742,2079 771,2079 801,2078 831,2077 861,2076 891,2076 921,2075 951,2075 951,2033 921,2033 891,2034 861,2034 831,2035 801,2036 771,2037 742,2037 712,2038 682,2039 652,2040 622,2041 592,2042 562,2043 533,2043 503,2044 473,2045 443,2045 413,2046 383,2046 354,2047"/>
                <Baseline points="354,2075 383,2074 413,2074 443,2073 473,2073 503,2072 533,2071 562,2071 592,2070 622,2069 652,2068 682,2067 712,2066 742,2065 771,2065 801,2064 831,2063 861,2062 891,2062 921,2061 951,2061"/>
                <TextEquiv>
                    <Unicode>Francisco al servicio vuestro.</Unicode>
                </TextEquiv>
            </TextLine>
            <TextLine id="r_1_1l32" custom="readingOrder {index:31;}">
                <Coords points="350,2147 377,2147 404,2147 431,2147 459,2147 486,2147 513,2146 540,2145 568,2145 595,2144 622,2143 649,2142 677,2141 704,2140 731,2139 758,2138 786,2138 813,2137 840,2136 867,2135 895,2134 895,2092 867,2093 840,2094 813,2095 786,2096 758,2096 731,2097 704,2098 677,2099 649,2100 622,2101 595,2102 568,2103 540,2103 513,2104 486,2105 459,2105 431,2105 404,2105 377,2105 350,2105"/>
                <Baseline points="350,2133 377,2133 404,2133 431,2133 459,2133 486,2133 513,2132 540,2131 568,2131 595,2130 622,2129 649,2128 677,2127 704,2126 731,2125 758,2124 786,2124 813,2123 840,2122 867,2121 895,2120"/>
                <TextEquiv>
                    <Unicode>Pues mira, por la mañana</Unicode>
                </TextEquiv>
            </TextLine>
            <TextLine id="r_1_1l33" custom="readingOrder {index:32;}">
                <Coords points="363,2215 388,2216 414,2216 440,2216 465,2216 491,2215 517,2214 542,2213 568,2212 594,2210 619,2209 645,2207 671,2207 696,2205 722,2204 748,2204 773,2203 799,2203 825,2204 851,2205 851,2163 825,2162 799,2161 773,2161 748,2162 722,2162 696,2163 671,2165 645,2165 619,2167 594,2168 568,2170 542,2171 517,2172 491,2173 465,2174 440,2174 414,2174 388,2174 363,2173"/>
                <Baseline points="363,2201 388,2202 414,2202 440,2202 465,2202 491,2201 517,2200 542,2199 568,2198 594,2196 619,2195 645,2193 671,2193 696,2191 722,2190 748,2190 773,2189 799,2189 825,2190 851,2191"/>
                <TextEquiv>
                    <Unicode>vete al patio de Palacio,</Unicode>
                </TextEquiv>
            </TextLine>
            <TextEquiv>
                <Unicode>Busca al dueño de esta prenda,
tendrá buen fin tu esperanza,
y aunque padezcas trabajos,
nunca de ella te deshagas.
En ábitos de Estudiante
hácia Roma caminaba
Bajó á Viterbo, y alli
quiso el cielo que parara
por que la grande pobreza
del transito fue la causa.
Desnudo, triste, afligido,
solo y en agena Pátria
se hallaba con mil fatigas,
rindiéndole al Cielo gracias.
A las puertas de un Palacio
nuestro D. Francisco estaba
divirtiendose la vista
en ver embarcar dos damas
en un carrocin dorado,
hermosas como adornadas,
y á la Española costumbre
el sombrero les quitaba.
Mandaron parar el coche,
hizole seña una dama
de las dos, y acudió pronto
á ver lo que le mandaban.
Le dice: de que Pais 
de las Provincias de España
sois hijo? Nací en Sevilla.
Y dime, como te llamas?
Francisco al servicio vuestro.
Pues mira, por la mañana
vete al patio de Palacio,</Unicode>
            </TextEquiv>
        </TextRegion>
        <TextRegion orientation="0.0" type="paragraph" id="r_2_1" custom="readingOrder {index:1;}">
            <Coords points="957,209 1717,209 1717,2197 957,2197"/>
            <TextLine id="r_2_1l1" custom="readingOrder {index:0;}">
                <Coords points="963,274 1007,268 1007,228 963,234"/>
                <Baseline points="963,261 1007,255"/>
                <TextEquiv>
                    <Unicode>3</Unicode>
                </TextEquiv>
            </TextLine>
            <TextLine id="r_2_1l2" custom="readingOrder {index:1;}">
                <Coords points="1007,330 1033,329 1059,327 1085,326 1111,325 1138,324 1164,323 1190,323 1216,323 1242,322 1269,322 1295,321 1321,321 1347,320 1373,320 1400,319 1426,318 1452,316 1478,315 1505,313 1505,273 1478,275 1452,276 1426,278 1400,279 1373,280 1347,280 1321,281 1295,281 1269,282 1242,282 1216,283 1190,283 1164,283 1138,284 1111,285 1085,286 1059,287 1033,289 1007,290"/>
                <Baseline points="1007,317 1033,316 1059,314 1085,313 1111,312 1138,311 1164,310 1190,310 1216,310 1242,309 1269,309 1295,308 1321,308 1347,307 1373,307 1400,306 1426,305 1452,303 1478,302 1505,300"/>
                <TextEquiv>
                    <Unicode>y me leerás unas cartás:</Unicode>
                </TextEquiv>
            </TextLine>
            <TextLine id="r_2_1l3" custom="readingOrder {index:2;}">
                <Coords points="1009,386 1034,386 1060,385 1085,384 1111,383 1137,383 1162,382 1188,381 1213,381 1239,380 1265,380 1290,379 1316,379 1341,379 1367,378 1393,378 1393,338 1367,338 1341,339 1316,339 1290,339 1265,340 1239,340 1213,341 1188,341 1162,342 1137,343 1111,343 1085,344 1060,345 1034,346 1009,346"/>
                <Baseline points="1009,373 1034,373 1060,372 1085,371 1111,370 1137,370 1162,369 1188,368 1213,368 1239,367 1265,367 1290,366 1316,366 1341,366 1367,365 1393,365"/>
                <TextEquiv>
                    <Unicode>en idióma Español,</Unicode>
                </TextEquiv>
            </TextLine>
            <TextLine id="r_2_1l4" custom="readingOrder {index:3;}">
                <Coords points="1008,445 1036,444 1065,443 1094,443 1123,442 1151,441 1180,440 1209,440 1238,439 1266,438 1295,437 1324,436 1353,436 1381,435 1410,434 1439,433 1468,432 1496,431 1525,430 1554,430 1583,429 1583,389 1554,390 1525,390 1496,391 1468,392 1439,393 1410,394 1381,395 1353,396 1324,396 1295,397 1266,398 1238,399 1209,400 1180,400 1151,401 1123,402 1094,403 1065,403 1036,404 1008,405"/>
                <Baseline points="1008,432 1036,431 1065,430 1094,430 1123,429 1151,428 1180,427 1209,427 1238,426 1266,425 1295,424 1324,423 1353,423 1381,422 1410,421 1439,420 1468,419 1496,418 1525,417 1554,417 1583,416"/>
                <TextEquiv>
                    <Unicode>y advierte que no haya falta.</Unicode>
                </TextEquiv>
            </TextLine>
            <TextLine id="r_2_1l5" custom="readingOrder {index:4;}">
                <Coords points="1008,501 1037,502 1066,502 1095,501 1125,501 1154,500 1183,499 1212,498 1242,497 1271,496 1300,495 1329,494 1359,493 1388,492 1417,491 1446,490 1476,489 1505,489 1534,488 1563,488 1593,488 1593,448 1563,448 1534,448 1505,449 1476,449 1446,450 1417,451 1388,452 1359,453 1329,454 1300,455 1271,456 1242,457 1212,458 1183,459 1154,460 1125,461 1095,461 1066,462 1037,462 1008,461"/>
                <Baseline points="1008,488 1037,489 1066,489 1095,488 1125,488 1154,487 1183,486 1212,485 1242,484 1271,483 1300,482 1329,481 1359,480 1388,479 1417,478 1446,477 1476,476 1505,476 1534,475 1563,475 1593,475"/>
                <TextEquiv>
                    <Unicode>Joven, guárdente los Cielos,</Unicode>
                </TextEquiv>
            </TextLine>
            <TextLine id="r_2_1l6" custom="readingOrder {index:5;}">
                <Coords points="1018,562 1045,561 1072,560 1099,559 1126,558 1153,558 1180,557 1207,556 1234,555 1261,554 1288,553 1315,553 1342,552 1369,551 1396,550 1423,549 1450,548 1477,548 1504,547 1531,546 1558,546 1558,506 1531,506 1504,507 1477,508 1450,508 1423,509 1396,510 1369,511 1342,512 1315,513 1288,513 1261,514 1234,515 1207,516 1180,517 1153,518 1126,518 1099,519 1072,520 1045,521 1018,522"/>
                <Baseline points="1018,549 1045,548 1072,547 1099,546 1126,545 1153,545 1180,544 1207,543 1234,542 1261,541 1288,540 1315,540 1342,539 1369,538 1396,537 1423,536 1450,535 1477,535 1504,534 1531,533 1558,533"/>
                <TextEquiv>
                    <Unicode>y cumplan mis esperanzas.</Unicode>
                </TextEquiv>
            </TextLine>
            <TextLine id="r_2_1l7" custom="readingOrder {index:6;}">
                <Coords points="1017,619 1043,619 1070,619 1096,618 1123,617 1149,617 1176,616 1202,615 1229,614 1255,614 1282,612 1309,612 1335,610 1362,610 1388,609 1415,608 1441,607 1468,606 1494,606 1521,605 1548,605 1548,565 1521,565 1494,566 1468,566 1441,567 1415,568 1388,569 1362,570 1335,570 1309,572 1282,572 1255,574 1229,574 1202,575 1176,576 1149,577 1123,577 1096,578 1070,579 1043,579 1017,579"/>
                <Baseline points="1017,606 1043,606 1070,606 1096,605 1123,604 1149,604 1176,603 1202,602 1229,601 1255,601 1282,599 1309,599 1335,597 1362,597 1388,596 1415,595 1441,594 1468,593 1494,593 1521,592 1548,592"/>
                <TextEquiv>
                    <Unicode>Ahora es preciso advertir,</Unicode>
                </TextEquiv>
            </TextLine>
            <TextLine id="r_2_1l8" custom="readingOrder {index:7;}">
                <Coords points="1026,677 1055,677 1084,676 1113,676 1143,675 1172,674 1201,673 1231,672 1260,672 1289,670 1319,669 1348,668 1377,667 1406,666 1436,665 1465,664 1494,663 1524,663 1553,662 1582,661 1612,661 1612,621 1582,621 1553,622 1524,623 1494,623 1465,624 1436,625 1406,626 1377,627 1348,628 1319,629 1289,630 1260,632 1231,632 1201,633 1172,634 1143,635 1113,636 1084,636 1055,637 1026,637"/>
                <Baseline points="1026,664 1055,664 1084,663 1113,663 1143,662 1172,661 1201,660 1231,659 1260,659 1289,657 1319,656 1348,655 1377,654 1406,653 1436,652 1465,651 1494,650 1524,650 1553,649 1582,648 1612,648"/>
                <TextEquiv>
                    <Unicode>como estas dos bellas damas</Unicode>
                </TextEquiv>
            </TextLine>
            <TextLine id="r_2_1l9" custom="readingOrder {index:8;}">
                <Coords points="1028,735 1056,734 1085,734 1114,733 1143,733 1171,732 1200,731 1229,730 1258,729 1286,729 1315,728 1344,727 1373,726 1401,725 1430,725 1459,724 1488,723 1516,723 1545,723 1574,723 1603,723 1603,683 1574,683 1545,683 1516,683 1488,683 1459,684 1430,685 1401,685 1373,686 1344,687 1315,688 1286,689 1258,689 1229,690 1200,691 1171,692 1143,693 1114,693 1085,694 1056,694 1028,695"/>
                <Baseline points="1028,722 1056,721 1085,721 1114,720 1143,720 1171,719 1200,718 1229,717 1258,716 1286,716 1315,715 1344,714 1373,713 1401,712 1430,712 1459,711 1488,710 1516,710 1545,710 1574,710 1603,710"/>
                <TextEquiv>
                    <Unicode>son hijas de los dos primos,</Unicode>
                </TextEquiv>
            </TextLine>
            <TextLine id="r_2_1l10" custom="readingOrder {index:9;}">
                <Coords points="1030,795 1056,795 1082,794 1108,793 1134,792 1160,791 1187,790 1213,789 1239,788 1265,787 1291,787 1317,786 1344,785 1370,784 1396,783 1422,783 1448,782 1475,782 1475,742 1448,742 1422,743 1396,743 1370,744 1344,745 1317,746 1291,747 1265,747 1239,748 1213,749 1187,750 1160,751 1134,752 1108,753 1082,754 1056,755 1030,755"/>
                <Baseline points="1030,782 1056,782 1082,781 1108,780 1134,779 1160,778 1187,777 1213,776 1239,775 1265,774 1291,774 1317,773 1344,772 1370,771 1396,770 1422,770 1448,769 1475,769"/>
                <TextEquiv>
                    <Unicode>y la prima enamerada</Unicode>
                </TextEquiv>
            </TextLine>
            <TextLine id="r_2_1l11" custom="readingOrder {index:10;}">
                <Coords points="1032,851 1058,850 1085,850 1112,850 1139,849 1165,848 1192,848 1219,847 1246,846 1272,845 1299,845 1326,844 1353,843 1379,842 1406,842 1433,842 1460,841 1486,841 1513,841 1540,841 1567,842 1567,802 1540,801 1513,801 1486,801 1460,801 1433,802 1406,802 1379,802 1353,803 1326,804 1299,805 1272,805 1246,806 1219,807 1192,808 1165,808 1139,809 1112,810 1085,810 1058,810 1032,811"/>
                <Baseline points="1032,838 1058,837 1085,837 1112,837 1139,836 1165,835 1192,835 1219,834 1246,833 1272,832 1299,832 1326,831 1353,830 1379,829 1406,829 1433,829 1460,828 1486,828 1513,828 1540,828 1567,829"/>
                <TextEquiv>
                    <Unicode>de su primo D. Francisco,</Unicode>
                </TextEquiv>
            </TextLine>
            <TextLine id="r_2_1l12" custom="readingOrder {index:11;}">
                <Coords points="1028,908 1055,908 1083,908 1110,907 1138,907 1166,906 1193,906 1221,905 1249,904 1276,904 1304,903 1332,903 1359,902 1387,901 1415,901 1442,900 1470,899 1498,899 1525,898 1553,898 1581,898 1581,858 1553,858 1525,858 1498,859 1470,859 1442,860 1415,861 1387,861 1359,862 1332,863 1304,863 1276,864 1249,864 1221,865 1193,866 1166,866 1138,867 1110,867 1083,868 1055,868 1028,868"/>
                <Baseline points="1028,895 1055,895 1083,895 1110,894 1138,894 1166,893 1193,893 1221,892 1249,891 1276,891 1304,890 1332,890 1359,889 1387,888 1415,888 1442,887 1470,886 1498,886 1525,885 1553,885 1581,885"/>
                <TextEquiv>
                    <Unicode>en vivo incendio se abrasa.</Unicode>
                </TextEquiv>
            </TextLine>
            <TextLine id="r_2_1l13" custom="readingOrder {index:12;}">
                <Coords points="1026,966 1051,966 1077,966 1102,965 1128,965 1153,964 1179,964 1204,964 1230,963 1255,962 1281,962 1306,961 1332,960 1357,960 1383,959 1408,958 1434,958 1459,957 1485,956 1510,956 1536,955 1536,915 1510,916 1485,916 1459,917 1434,918 1408,918 1383,919 1357,920 1332,920 1306,921 1281,922 1255,922 1230,923 1204,924 1179,924 1153,924 1128,925 1102,925 1077,926 1051,926 1026,926"/>
                <Baseline points="1026,953 1051,953 1077,953 1102,952 1128,952 1153,951 1179,951 1204,951 1230,950 1255,949 1281,949 1306,948 1332,947 1357,947 1383,946 1408,945 1434,945 1459,944 1485,943 1510,943 1536,942"/>
                <TextEquiv>
                    <Unicode>Herida del Dios vendado</Unicode>
                </TextEquiv>
            </TextLine>
            <TextLine id="r_2_1l14" custom="readingOrder {index:13;}">
                <Coords points="1038,1027 1063,1026 1089,1026 1115,1025 1140,1025 1166,1024 1192,1023 1217,1022 1243,1021 1269,1021 1295,1019 1320,1019 1346,1018 1372,1018 1397,1018 1423,1018 1449,1018 1475,1019 1475,980 1449,979 1423,979 1397,979 1372,979 1346,979 1320,980 1295,980 1269,982 1243,982 1217,983 1192,984 1166,985 1140,986 1115,986 1089,987 1063,987 1038,988"/>
                <Baseline points="1038,1014 1063,1013 1089,1013 1115,1012 1140,1012 1166,1011 1192,1010 1217,1009 1243,1008 1269,1008 1295,1006 1320,1006 1346,1005 1372,1005 1397,1005 1423,1005 1449,1005 1475,1006"/>
                <TextEquiv>
                    <Unicode>y mariposa abrasada,</Unicode>
                </TextEquiv>
            </TextLine>
            <TextLine id="r_2_1l15" custom="readingOrder {index:14;}">
                <Coords points="1039,1086 1064,1085 1090,1084 1115,1083 1141,1082 1166,1081 1192,1080 1217,1080 1243,1079 1268,1078 1294,1078 1319,1077 1345,1077 1370,1076 1396,1075 1421,1075 1447,1074 1473,1073 1473,1034 1447,1035 1421,1036 1396,1036 1370,1037 1345,1038 1319,1038 1294,1039 1268,1039 1243,1040 1217,1041 1192,1041 1166,1042 1141,1043 1115,1044 1090,1045 1064,1046 1039,1047"/>
                <Baseline points="1039,1073 1064,1072 1090,1071 1115,1070 1141,1069 1166,1068 1192,1067 1217,1067 1243,1066 1268,1065 1294,1065 1319,1064 1345,1064 1370,1063 1396,1062 1421,1062 1447,1061 1473,1060"/>
                <TextEquiv>
                    <Unicode>determinóse, y tomó</Unicode>
                </TextEquiv>
            </TextLine>
            <TextLine id="r_2_1l16" custom="readingOrder {index:15;}">
                <Coords points="1044,1147 1069,1145 1095,1144 1121,1142 1147,1142 1173,1141 1199,1140 1225,1140 1251,1139 1277,1139 1302,1138 1328,1138 1354,1137 1380,1137 1406,1136 1432,1135 1458,1134 1484,1133 1510,1131 1510,1091 1484,1093 1458,1094 1432,1095 1406,1096 1380,1097 1354,1097 1328,1098 1302,1098 1277,1099 1251,1099 1225,1100 1199,1100 1173,1101 1147,1102 1121,1102 1095,1104 1069,1105 1044,1107"/>
                <Baseline points="1044,1134 1069,1132 1095,1131 1121,1129 1147,1129 1173,1128 1199,1127 1225,1127 1251,1126 1277,1126 1302,1125 1328,1125 1354,1124 1380,1124 1406,1123 1432,1122 1458,1121 1484,1120 1510,1118"/>
                <TextEquiv>
                    <Unicode>lá pluma y asi notaba:</Unicode>
                </TextEquiv>
            </TextLine>
            <TextLine id="r_2_1l17" custom="readingOrder {index:16;}">
                <Coords points="1052,1203 1078,1203 1104,1202 1130,1201 1156,1200 1183,1200 1209,1199 1235,1198 1261,1197 1288,1196 1314,1195 1340,1195 1366,1194 1393,1193 1419,1193 1445,1192 1471,1191 1498,1191 1498,1151 1471,1151 1445,1152 1419,1153 1393,1153 1366,1154 1340,1155 1314,1155 1288,1156 1261,1157 1235,1158 1209,1159 1183,1160 1156,1160 1130,1161 1104,1162 1078,1163 1052,1163"/>
                <Baseline points="1052,1190 1078,1190 1104,1189 1130,1188 1156,1187 1183,1187 1209,1186 1235,1185 1261,1184 1288,1183 1314,1182 1340,1182 1366,1181 1393,1180 1419,1180 1445,1179 1471,1178 1498,1178"/>
                <TextEquiv>
                    <Unicode>Con el dador te envio</Unicode>
                </TextEquiv>
            </TextLine>
            <TextLine id="r_2_1l18" custom="readingOrder {index:17;}">
                <Coords points="1044,1262 1069,1261 1094,1260 1120,1259 1145,1259 1171,1258 1196,1257 1222,1256 1247,1256 1273,1255 1298,1255 1323,1254 1349,1254 1374,1253 1400,1253 1425,1252 1451,1251 1476,1250 1502,1249 1527,1249 1553,1247 1553,1207 1527,1209 1502,1209 1476,1210 1451,1211 1425,1212 1400,1213 1374,1213 1349,1214 1323,1214 1298,1215 1273,1215 1247,1216 1222,1216 1196,1217 1171,1218 1145,1219 1120,1219 1094,1220 1069,1221 1044,1222"/>
                <Baseline points="1044,1249 1069,1248 1094,1247 1120,1246 1145,1246 1171,1245 1196,1244 1222,1243 1247,1243 1273,1242 1298,1242 1323,1241 1349,1241 1374,1240 1400,1240 1425,1239 1451,1238 1476,1237 1502,1236 1527,1236 1553,1234"/>
                <TextEquiv>
                    <Unicode>esos cien doblones, para</Unicode>
                </TextEquiv>
            </TextLine>
            <TextLine id="r_2_1l19" custom="readingOrder {index:18;}">
                <Coords points="1058,1321 1087,1320 1116,1319 1145,1318 1175,1317 1204,1316 1233,1315 1262,1314 1292,1313 1321,1313 1350,1312 1379,1311 1409,1310 1438,1310 1467,1308 1496,1307 1526,1306 1555,1306 1584,1304 1613,1303 1643,1302 1643,1262 1613,1263 1584,1264 1555,1266 1526,1266 1496,1267 1467,1268 1438,1270 1409,1270 1379,1271 1350,1272 1321,1273 1292,1273 1262,1274 1233,1275 1204,1276 1175,1277 1145,1278 1116,1279 1087,1280 1058,1281"/>
                <Baseline points="1058,1308 1087,1307 1116,1306 1145,1305 1175,1304 1204,1303 1233,1302 1262,1301 1292,1300 1321,1300 1350,1299 1379,1298 1409,1297 1438,1297 1467,1295 1496,1294 1526,1293 1555,1293 1584,1291 1613,1290 1643,1289"/>
                <TextEquiv>
                    <Unicode>que os vistais decentemente</Unicode>
                </TextEquiv>
            </TextLine>
            <TextLine id="r_2_1l20" custom="readingOrder {index:19;}">
                <Coords points="1054,1385 1079,1383 1105,1380 1130,1379 1156,1377 1181,1376 1207,1375 1232,1374 1258,1373 1283,1372 1309,1371 1334,1371 1360,1370 1385,1369 1411,1369 1436,1368 1462,1368 1487,1367 1513,1366 1539,1365 1539,1326 1513,1327 1487,1328 1462,1329 1436,1329 1411,1330 1385,1330 1360,1331 1334,1332 1309,1332 1283,1333 1258,1334 1232,1335 1207,1336 1181,1337 1156,1338 1130,1340 1105,1341 1079,1344 1054,1346"/>
                <Baseline points="1054,1372 1079,1370 1105,1367 1130,1366 1156,1364 1181,1363 1207,1362 1232,1361 1258,1360 1283,1359 1309,1358 1334,1358 1360,1357 1385,1356 1411,1356 1436,1355 1462,1355 1487,1354 1513,1353 1539,1352"/>
                <TextEquiv>
                    <Unicode>y con las mejores galas.</Unicode>
                </TextEquiv>
            </TextLine>
            <TextLine id="r_2_1l21" custom="readingOrder {index:20;}">
                <Coords points="1058,1437 1084,1436 1110,1435 1136,1434 1162,1434 1188,1433 1214,1432 1240,1431 1266,1431 1292,1430 1318,1429 1344,1428 1370,1427 1396,1426 1422,1426 1448,1425 1474,1423 1501,1422 1501,1383 1474,1384 1448,1386 1422,1387 1396,1387 1370,1388 1344,1389 1318,1390 1292,1391 1266,1392 1240,1392 1214,1393 1188,1394 1162,1395 1136,1395 1110,1396 1084,1397 1058,1398"/>
                <Baseline points="1058,1424 1084,1423 1110,1422 1136,1421 1162,1421 1188,1420 1214,1419 1240,1418 1266,1418 1292,1417 1318,1416 1344,1415 1370,1414 1396,1413 1422,1413 1448,1412 1474,1410 1501,1409"/>
                <TextEquiv>
                    <Unicode>Y si merezco la dicha</Unicode>
                </TextEquiv>
            </TextLine>
            <TextLine id="r_2_1l22" custom="readingOrder {index:21;}">
                <Coords points="1059,1496 1090,1496 1122,1495 1153,1494 1185,1493 1216,1492 1248,1491 1279,1490 1311,1489 1342,1488 1374,1487 1405,1486 1437,1485 1468,1484 1500,1483 1531,1482 1563,1481 1594,1480 1626,1479 1657,1479 1689,1478 1689,1438 1657,1439 1626,1439 1594,1440 1563,1441 1531,1442 1500,1443 1468,1444 1437,1445 1405,1446 1374,1447 1342,1448 1311,1449 1279,1450 1248,1451 1216,1452 1185,1453 1153,1454 1122,1455 1090,1456 1059,1456"/>
                <Baseline points="1059,1483 1090,1483 1122,1482 1153,1481 1185,1480 1216,1479 1248,1478 1279,1477 1311,1476 1342,1475 1374,1474 1405,1473 1437,1472 1468,1471 1500,1470 1531,1469 1563,1468 1594,1467 1626,1466 1657,1466 1689,1465"/>
                <TextEquiv>
                    <Unicode>de que os rindais á mis ancias,</Unicode>
                </TextEquiv>
            </TextLine>
            <TextLine id="r_2_1l23" custom="readingOrder {index:22;}">
                <Coords points="1062,1556 1088,1555 1115,1554 1142,1552 1169,1552 1196,1551 1223,1550 1250,1549 1277,1548 1304,1548 1331,1547 1357,1546 1384,1545 1411,1544 1438,1544 1465,1543 1492,1542 1519,1541 1546,1540 1573,1539 1600,1537 1600,1497 1573,1499 1546,1500 1519,1501 1492,1502 1465,1503 1438,1504 1411,1504 1384,1505 1357,1506 1331,1507 1304,1508 1277,1508 1250,1509 1223,1510 1196,1511 1169,1512 1142,1512 1115,1514 1088,1515 1062,1516"/>
                <Baseline points="1062,1543 1088,1542 1115,1541 1142,1539 1169,1539 1196,1538 1223,1537 1250,1536 1277,1535 1304,1535 1331,1534 1357,1533 1384,1532 1411,1531 1438,1531 1465,1530 1492,1529 1519,1528 1546,1527 1573,1526 1600,1524"/>
                <TextEquiv>
                    <Unicode>os daré, Señor, un medio,</Unicode>
                </TextEquiv>
            </TextLine>
            <TextLine id="r_2_1l24" custom="readingOrder {index:23;}">
                <Coords points="1066,1615 1092,1614 1118,1613 1145,1612 1171,1611 1197,1610 1224,1609 1250,1608 1276,1607 1303,1606 1329,1605 1355,1603 1382,1603 1408,1602 1434,1601 1461,1600 1487,1599 1513,1598 1540,1597 1566,1596 1593,1595 1593,1555 1566,1556 1540,1557 1513,1558 1487,1559 1461,1560 1434,1561 1408,1562 1382,1563 1355,1563 1329,1565 1303,1566 1276,1567 1250,1568 1224,1569 1197,1570 1171,1571 1145,1572 1118,1573 1092,1574 1066,1575"/>
                <Baseline points="1066,1602 1092,1601 1118,1600 1145,1599 1171,1598 1197,1597 1224,1596 1250,1595 1276,1594 1303,1593 1329,1592 1355,1590 1382,1590 1408,1589 1434,1588 1461,1587 1487,1586 1513,1585 1540,1584 1566,1583 1593,1582"/>
                <TextEquiv>
                    <Unicode>con que se vean logradas</Unicode>
                </TextEquiv>
            </TextLine>
            <TextLine id="r_2_1l25" custom="readingOrder {index:24;}">
                <Coords points="1068,1673 1093,1673 1118,1672 1143,1672 1168,1671 1194,1670 1219,1668 1244,1667 1269,1666 1294,1665 1320,1664 1345,1662 1370,1661 1395,1660 1420,1659 1446,1658 1471,1657 1496,1656 1521,1655 1546,1654 1572,1654 1572,1614 1546,1614 1521,1615 1496,1616 1471,1617 1446,1618 1420,1619 1395,1620 1370,1621 1345,1622 1320,1624 1294,1625 1269,1626 1244,1627 1219,1628 1194,1630 1168,1631 1143,1632 1118,1632 1093,1633 1068,1633"/>
                <Baseline points="1068,1660 1093,1660 1118,1659 1143,1659 1168,1658 1194,1657 1219,1655 1244,1654 1269,1653 1294,1652 1320,1651 1345,1649 1370,1648 1395,1647 1420,1646 1446,1645 1471,1644 1496,1643 1521,1642 1546,1641 1572,1641"/>
                <TextEquiv>
                    <Unicode>en los lazos de Himeneo</Unicode>
                </TextEquiv>
            </TextLine>
            <TextLine id="r_2_1l26" custom="readingOrder {index:25;}">
                <Coords points="1076,1731 1103,1730 1131,1729 1158,1728 1186,1727 1214,1726 1241,1725 1269,1724 1296,1722 1324,1722 1352,1720 1379,1719 1407,1718 1434,1717 1462,1716 1490,1715 1517,1714 1545,1712 1572,1711 1600,1710 1628,1709 1628,1669 1600,1670 1572,1671 1545,1672 1517,1674 1490,1675 1462,1676 1434,1677 1407,1678 1379,1679 1352,1680 1324,1682 1296,1682 1269,1684 1241,1685 1214,1686 1186,1687 1158,1688 1131,1689 1103,1690 1076,1691"/>
                <Baseline points="1076,1718 1103,1717 1131,1716 1158,1715 1186,1714 1214,1713 1241,1712 1269,1711 1296,1709 1324,1709 1352,1707 1379,1706 1407,1705 1434,1704 1462,1703 1490,1702 1517,1701 1545,1699 1572,1698 1600,1697 1628,1696"/>
                <TextEquiv>
                    <Unicode>mis mas firmes esperanzas.</Unicode>
                </TextEquiv>
            </TextLine>
            <TextLine id="r_2_1l27" custom="readingOrder {index:26;}">
                <Coords points="1071,1787 1098,1787 1125,1786 1152,1785 1179,1784 1206,1783 1233,1782 1260,1781 1287,1781 1314,1780 1342,1779 1369,1778 1396,1777 1423,1776 1450,1775 1477,1774 1504,1773 1531,1772 1558,1770 1585,1769 1613,1768 1613,1728 1585,1729 1558,1730 1531,1732 1504,1733 1477,1734 1450,1735 1423,1736 1396,1737 1369,1738 1342,1739 1314,1740 1287,1741 1260,1741 1233,1742 1206,1743 1179,1744 1152,1745 1125,1746 1098,1747 1071,1747"/>
                <Baseline points="1071,1774 1098,1774 1125,1773 1152,1772 1179,1771 1206,1770 1233,1769 1260,1768 1287,1768 1314,1767 1342,1766 1369,1765 1396,1764 1423,1763 1450,1762 1477,1761 1504,1760 1531,1759 1558,1757 1585,1756 1613,1755"/>
                <TextEquiv>
                    <Unicode>Mi padre el príncipe tiene</Unicode>
                </TextEquiv>
            </TextLine>
            <TextLine id="r_2_1l28" custom="readingOrder {index:27;}">
                <Coords points="1076,1845 1104,1844 1132,1843 1161,1843 1189,1842 1217,1841 1246,1840 1274,1839 1302,1839 1331,1838 1359,1837 1388,1836 1416,1835 1444,1834 1473,1833 1501,1832 1529,1831 1558,1830 1586,1830 1615,1829 1615,1789 1586,1790 1558,1790 1529,1791 1501,1792 1473,1793 1444,1794 1416,1795 1388,1796 1359,1797 1331,1798 1302,1799 1274,1799 1246,1800 1217,1801 1189,1802 1161,1803 1132,1803 1104,1804 1076,1805"/>
                <Baseline points="1076,1832 1104,1831 1132,1830 1161,1830 1189,1829 1217,1828 1246,1827 1274,1826 1302,1826 1331,1825 1359,1824 1388,1823 1416,1822 1444,1821 1473,1820 1501,1819 1529,1818 1558,1817 1586,1817 1615,1816"/>
                <TextEquiv>
                    <Unicode>de su palocio á la espalda,</Unicode>
                </TextEquiv>
            </TextLine>
            <TextLine id="r_2_1l29" custom="readingOrder {index:28;}">
                <Coords points="1084,1903 1109,1902 1134,1902 1160,1901 1185,1900 1211,1899 1236,1898 1261,1897 1287,1896 1312,1895 1338,1895 1363,1894 1389,1893 1414,1892 1439,1892 1465,1891 1490,1891 1516,1890 1541,1890 1567,1890 1567,1850 1541,1850 1516,1850 1490,1851 1465,1851 1439,1852 1414,1852 1389,1853 1363,1854 1338,1855 1312,1855 1287,1856 1261,1857 1236,1858 1211,1859 1185,1860 1160,1861 1134,1862 1109,1862 1084,1863"/>
                <Baseline points="1084,1890 1109,1889 1134,1889 1160,1888 1185,1887 1211,1886 1236,1885 1261,1884 1287,1883 1312,1882 1338,1882 1363,1881 1389,1880 1414,1879 1439,1879 1465,1878 1490,1878 1516,1877 1541,1877 1567,1877"/>
                <TextEquiv>
                    <Unicode>como un tiro de pistola,</Unicode>
                </TextEquiv>
            </TextLine>
            <TextLine id="r_2_1l30" custom="readingOrder {index:29;}">
                <Coords points="1084,1962 1109,1961 1134,1961 1159,1960 1185,1959 1210,1958 1235,1957 1260,1956 1286,1956 1311,1954 1336,1954 1362,1953 1387,1952 1412,1951 1437,1951 1463,1950 1488,1950 1513,1949 1539,1949 1539,1909 1513,1909 1488,1910 1463,1910 1437,1911 1412,1911 1387,1912 1362,1913 1336,1914 1311,1914 1286,1916 1260,1916 1235,1917 1210,1918 1185,1919 1159,1920 1134,1921 1109,1921 1084,1922"/>
                <Baseline points="1084,1949 1109,1948 1134,1948 1159,1947 1185,1946 1210,1945 1235,1944 1260,1943 1286,1943 1311,1941 1336,1941 1362,1940 1387,1939 1412,1938 1437,1938 1463,1937 1488,1937 1513,1936 1539,1936"/>
                <TextEquiv>
                    <Unicode>una Ermita derribada,</Unicode>
                </TextEquiv>
            </TextLine>
            <TextLine id="r_2_1l31" custom="readingOrder {index:30;}">
                <Coords points="1091,2018 1116,2018 1142,2018 1168,2018 1193,2017 1219,2016 1245,2016 1270,2015 1296,2013 1322,2011 1347,2011 1373,2010 1399,2009 1424,2008 1450,2007 1476,2007 1501,2007 1527,2008 1553,2009 1553,1969 1527,1968 1501,1967 1476,1967 1450,1967 1424,1968 1399,1969 1373,1970 1347,1971 1322,1971 1296,1973 1270,1975 1245,1976 1219,1976 1193,1977 1168,1978 1142,1978 1116,1978 1091,1978"/>
                <Baseline points="1091,2005 1116,2005 1142,2005 1168,2005 1193,2004 1219,2003 1245,2003 1270,2002 1296,2000 1322,1998 1347,1998 1373,1997 1399,1996 1424,1995 1450,1994 1476,1994 1501,1994 1527,1995 1553,1996"/>
                <TextEquiv>
                    <Unicode>vos se la podeis pedir,</Unicode>
                </TextEquiv>
            </TextLine>
            <TextLine id="r_2_1l32" custom="readingOrder {index:31;}">
                <Coords points="1089,2079 1115,2078 1141,2077 1167,2076 1193,2075 1219,2074 1245,2073 1271,2072 1297,2071 1323,2070 1350,2069 1376,2068 1402,2067 1428,2066 1454,2065 1480,2065 1506,2064 1532,2063 1558,2063 1584,2063 1611,2063 1611,2023 1584,2023 1558,2023 1532,2023 1506,2024 1480,2025 1454,2025 1428,2026 1402,2027 1376,2028 1350,2029 1323,2030 1297,2031 1271,2032 1245,2033 1219,2034 1193,2035 1167,2036 1141,2037 1115,2038 1089,2039"/>
                <Baseline points="1089,2066 1115,2065 1141,2064 1167,2063 1193,2062 1219,2061 1245,2060 1271,2059 1297,2058 1323,2057 1350,2056 1376,2055 1402,2054 1428,2053 1454,2052 1480,2052 1506,2051 1532,2050 1558,2050 1584,2050 1611,2050"/>
                <TextEquiv>
                    <Unicode>y en ella hacer habitanza.</Unicode>
                </TextEquiv>
            </TextLine>
            <TextLine id="r_2_1l33" custom="readingOrder {index:32;}">
                <Coords points="1090,2137 1115,2136 1140,2134 1165,2134 1190,2133 1215,2131 1241,2130 1266,2130 1291,2128 1316,2127 1341,2126 1366,2126 1392,2124 1417,2124 1442,2123 1467,2122 1492,2121 1517,2120 1543,2120 1543,2083 1517,2083 1492,2084 1467,2085 1442,2086 1417,2087 1392,2087 1366,2089 1341,2089 1316,2090 1291,2091 1266,2093 1241,2093 1215,2094 1190,2096 1165,2097 1140,2097 1115,2099 1090,2100"/>
                <Baseline points="1090,2125 1115,2124 1140,2122 1165,2122 1190,2121 1215,2119 1241,2118 1266,2118 1291,2116 1316,2115 1341,2114 1366,2114 1392,2112 1417,2112 1442,2111 1467,2110 1492,2109 1517,2108 1543,2108"/>
                <TextEquiv>
                    <Unicode>Labrareis un Hospital</Unicode>
                </TextEquiv>
            </TextLine>
            <TextLine id="r_2_1l34" custom="readingOrder {index:33;}">
                <Coords points="1097,2187 1123,2186 1150,2185 1177,2184 1203,2184 1230,2182 1257,2181 1283,2180 1310,2179 1337,2178 1364,2177 1390,2176 1417,2175 1444,2174 1470,2173 1497,2172 1524,2172 1550,2171 1577,2171 1604,2170 1631,2170 1631,2133 1604,2133 1577,2134 1550,2134 1524,2135 1497,2135 1470,2136 1444,2137 1417,2138 1390,2139 1364,2140 1337,2141 1310,2142 1283,2143 1257,2144 1230,2145 1203,2147 1177,2147 1150,2148 1123,2149 1097,2150"/>
                <Baseline points="1097,2175 1123,2174 1150,2173 1177,2172 1203,2172 1230,2170 1257,2169 1283,2168 1310,2167 1337,2166 1364,2165 1390,2164 1417,2163 1444,2162 1470,2161 1497,2160 1524,2160 1550,2159 1577,2159 1604,2158 1631,2158"/>
                <TextEquiv>
                    <Unicode>para los pobres que pasan;</Unicode>
                </TextEquiv>
            </TextLine>
            <TextEquiv>
                <Unicode>3
y me leerás unas cartás:
en idióma Español,
y advierte que no haya falta.
Joven, guárdente los Cielos,
y cumplan mis esperanzas.
Ahora es preciso advertir,
como estas dos bellas damas
son hijas de los dos primos,
y la prima enamerada
de su primo D. Francisco,
en vivo incendio se abrasa.
Herida del Dios vendado
y mariposa abrasada,
determinóse, y tomó
lá pluma y asi notaba:
Con el dador te envio
esos cien doblones, para
que os vistais decentemente
y con las mejores galas.
Y si merezco la dicha
de que os rindais á mis ancias,
os daré, Señor, un medio,
con que se vean logradas
en los lazos de Himeneo
mis mas firmes esperanzas.
Mi padre el príncipe tiene
de su palocio á la espalda,
como un tiro de pistola,
una Ermita derribada,
vos se la podeis pedir,
y en ella hacer habitanza.
Labrareis un Hospital
para los pobres que pasan;</Unicode>
            </TextEquiv>
        </TextRegion>
    </Page>
</PcGts>
