1737 2508
1264 179 1511 342 (Num. 183.)
219 1149 1647 1263 LOS DOS PRINCIPES DE ITALIA.
212 1285 1635 1396 ROMANCE QUE TRATA DE LAS AVENTURAS
212 1357 1646 1470 de dos Caballeros Italianos, llamados D. Enrique
212 1433 1620 1538 y D. Estefanolos cuales eran primos hermanos.
202 1499 1621 1604 Declarase como corrieron lo mas de nuestra Es-
209 1571 1629 1680 paña, y el caso mas particular que les sucedió
809 1666 1031 1727 en ella.
590 1743 1222 1921 PRIMERA PARTE.
244 1938 727 2002 Deseosos de ver mundo
181 1994 740 2060 de las Provincias de Italia
181 2050 711 2116 dos Principes se salieron
182 2107 752 2179 á ver los Reinos de España,
926 1969 1436 2034 primos hermanos los dos,
916 2025 1428 2094 á uno D. Enrique llaman,
920 2088 1376 2149 y al otro D. Estefano,
918 2145 1358 2206 los apellidos de Lara
