1737 2508
188 326 385 371 de verdá!
188 388 638 439 yo dirijo á ese infelis,
187 445 615 493 porque sino por Jesú
189 504 630 550 que lo guerve aya jili,
184 562 749 611 porque el probe está barlú.
184 615 814 674 —Pues la paquiya es mu mona,
171 675 663 727 baila con mucho salero,
179 732 642 784 y vale aquella presona
182 794 838 845 mas que toito er mundo entero.
170 852 658 906 Si piliera á la Paquiya,
177 909 635 960 poco á poco jonjavá...
167 969 763 1023 Jesú vale ma qne er mundo,
170 1026 672 1076 su cuerpesito y su sá....
167 1083 681 1133 Como me quiera me caso
173 1141 686 1194 con eya, pronto y en pá:
167 1199 709 1253 su presona me ha gustao;
171 1257 585 1307 pero me quiero casá
175 1315 800 1371 con quien jaga ar mundo arina,
159 1373 590 1421 laigando una puñalá.
160 1432 780 1482 Po mioste, con toos los mosos
167 1491 820 1545 que echan pranta aya en Sevilla,
162 1548 654 1602 me la apuesto con toito;
162 1607 626 1657 y sin que sea fantesia,
161 1662 637 1714 ande vaya er primerito
155 1720 603 1773 ayí raya er tio Fatiga,
157 1779 796 1839 y en jaciendo osté una apuesta,
158 1835 692 1894 lo agarro por los fondiyos,
154 1899 689 1950 y pa que no sea travieso,
151 1951 702 2010 le rompo toitos los guesos,
155 2008 732 2071 como se rompe un baiquiyo.
157 2065 659 2127 Er demonio der mosuelo,
156 2124 525 2177 pajariyo volanton,
914 342 1361 396 sin sortar el cascaron
916 404 1478 460 ya quié meterse en el selo;
910 460 1424 516 po no te dará en er pico.
964 520 1422 573 ¿Poique carita de rosa?
941 578 1532 636 —Porque yo soy mucha mosa,
915 637 1540 694 y osté es un hombre mu chico,
957 697 1437 751 Aunque tengo poca edá,
903 755 1341 807 á mi naide me la dá,
914 814 1408 868 y ya me voy abroncando;
906 873 1499 927 mia Concha que soy mu piyo.
931 926 1391 985 —Dende luego te lo ije,
902 987 1414 1043 y siento no tené un dige,
908 1047 1421 1100 pa contentar ar chiquiyo.
910 1101 1429 1159 —Escuche osté so chavá
908 1162 1419 1219 oste lo que quié es voleo,
897 1221 1418 1276 po mie osté, rese er creo
907 1277 1355 1335 porque lo voy á esoyá.
929 1334 1433 1395 —Miste que si yo me jarto
899 1394 1486 1459 en viendo á oste con braveza,
900 1454 1397 1511 le majo á osté la cabeza
896 1514 1408 1573 como se maja un esparto,
896 1574 1318 1628 oiga lo que se le ise,
892 1632 1487 1689 y escucheme oste con carma
892 1690 1450 1746 sinó quiere hechar el arma
891 1753 1405 1803 por encíma é las narices.
918 1803 1412 1863 —Vale mas ay! me jundo,
888 1863 1414 1925 un pelito er que yo adoro,
893 1919 1390 1981 que el diamante y el oro
893 1979 1544 2046 que se ha criao en too er mundo.
891 2034 1360 2098 Viva los cuerpos salao!
881 2098 1432 2161 y quien por ellá se muere,,
880 2158 1295 2211 y los mosos resalao,
