1765 2512
76 305 570 353 —Y que á sio de tu via?
84 359 598 412 —Dende que á Seviya jui,
76 420 618 471 á too er mundo asusté ayí,
76 480 568 529 Triana se queo por mia,
61 538 548 587 lle matao ayí ma gente,
68 597 738 645 mas que la que quea en er mundo,
72 658 696 704 porque esta mano me jundo...
64 714 652 758 me he jecho yo mu valiente.
60 769 580 820 Po yo soy un hobre atró,
57 830 587 876 no he jecho ma que yegá
63 890 429 931 po mirá la catrea
66 946 536 991 ar verme vení tembró.
60 1004 556 1051 Sin queré jago estravio,
64 1063 570 1111 tengo tan pesá la mano,
64 1120 661 1166 que no hay moro ni cristiano
67 1179 468 1224 caguante mi poerio.
62 1236 728 1288 Pa mi en el mundo no hay jente,
56 1292 500 1341 ni fusiles ni cañones.
63 1352 644 1401 tengoyo... mucho... carsone;
56 1412 570 1460 primiyo soy mu valiente.
52 1469 537 1515 Diquela en esa ventana
63 1528 509 1572 que ahora se abre ayí?
54 1582 510 1630 no la vé chiquillo, dí?
60 1639 465 1688 es una mosa jitana.
56 1697 462 1750 Consuelíto resalá...
68 1758 626 1808 —Pa que sa cerca osté aquí?
76 1812 640 1870 —Poique estoy chalao por tí,
54 1882 434 1918 y tu me jase pená.
52 1930 538 1981 —Váyase osté esavorio,
64 1993 671 2045 que está osté ya mu sangroso;
58 2050 538 2097 chíquiya soy argun oso?
73 2107 581 2159 —Soy argun toro gravio?
830 307 1344 364 —Sino lo pueo á osté vé.
814 369 1263 419 poíque se pone elante?
808 423 1398 482 —NNajese osté en el instante;
810 479 1276 536 —No grite tanto mujé.
808 538 1241 593 —Je... quien va ayá?
809 593 1096 648 —Somo jente:
824 653 1234 711 —Y osté mosito varí,
800 713 1298 772 erque se acerque paquí
805 773 1302 829 se vá á morí de ripente.
808 829 1330 885 —Es osté el cólera acaso?
806 886 1368 946 —Yo soy un hombre no ma
800 952 1338 1004 y er que se acerque pacá,
799 1007 1292 1057 lo mato de un sapataso.
799 1064 1376 1120 Es mucha Paca, que grasia,
804 1123 1280 1177 Jesucristo y que salero,
800 1181 1364 1237 bien vaya las mosas güenas,
797 1239 1238 1290 es un peasito é sielo.
800 1301 1392 1356 Que Dios te guarde chiquiya,
788 1358 1312 1409 tu fartaba aquí Consuelo:
798 1411 1296 1468 —Si farto yo solamente,
794 1474 1404 1529 ya está el fandango compreto.
790 1532 1414 1585 El gasto lo ase haora Paquilla:
800 1591 1159 1639 que lindo cuerpo,
797 1649 1360 1700 toos por ella estan chalaos.
835 1708 1425 1760 —Que es lo que jablas gayego?
783 1765 1258 1814 aonde yo me presento
787 1822 1251 1873 ¡es la Paca una vasura.
789 1880 1459 1937 Viva er sielo! la casa se vá ajundí
794 1941 1258 1991 que olcaje, aya va eso,
791 2001 1257 2046 ese moso está asustao.
802 2056 1312 2105 —Y porque lo tiene está?
784 2118 1419 2172 está mu enamorao de Consuelo,
