1765 2512
119 349 651 398 y la jembra que lo quiere.
134 408 720 450 No é quererte yo chiquiya,
121 462 633 510 cuando con esas faciones
117 523 671 568 conquistas mas corasones,
124 579 607 627 que el obispo de Seviya
124 637 627 684 repartiendo bendiciones,
127 695 643 745 Que sabrá pensao mi tio!
127 754 519 800 ami regalo, canela!
122 811 722 856 cuando tu quieras un vestio,
128 867 678 915 te traire yo aquí un navio.
126 925 671 973 con diez mil varas de tela.
171 983 722 1028 —Cuando me miras tunante,
136 1043 532 1090 con esos ojos salao,
127 1096 729 1148 se me escompene al instante.
131 1158 605 1204 er talego é los pecaos,
130 1214 601 1262 Ya me tienes ensendia
130 1271 661 1320 con tu mirá ¡ay! te temo.
127 1330 551 1379 no me jaga burleria,
133 1387 623 1439 cariñito que me quemo.
141 1447 641 1499 ¿Piensa tu prenda adorá,
139 1506 735 1560 que tu chacho no te quiere?,
847 327 1383 386 ¿No sabe tu que se muere
851 389 1265 441 por mirá esa verdá?
852 448 1361 495 Cara é visto estrangera,
854 507 1223 553 arpasá los Pirineo,
855 563 1319 610 ninguna tan jechisera,
856 619 1386 669 ninguna tan sandunguera
858 678 1332 725 como en España la veo.
857 733 1547 782 Bamos haber, tu que tiene chavó?
860 791 1467 840 Yo tengo mirreales ya demá
859 849 1461 898 siete cochino metio en carne
866 908 1477 956 juncales y cuatro betio, Jesú,
866 967 1277 1015 capa parda y la sur
867 1022 1391 1074 y aluego un don Calletano
862 1085 1311 1130 que useñó muy formá,
871 1141 1291 1189 y enetiempo de párá
863 1201 1337 1248 me da inero á la mano;
865 1260 1339 1304 con tio Tripa me casé,
866 1315 1327 1364 y no por guto, clarito
873 1374 1317 1425 porque abelaba parné,
873 1432 1347 1486 que lo que yo necesito.
736 1745 990 1898 FIN.
513 2084 1203 2135 REIMPRESO EN CARMONA.
150 2133 1563 2197 Imprenta de D. José M. Moreno, calle Juan de la Cabra núm. 4.
