1704 2444
141 164 679 199 hombres niños y mugeres
148 212 764 251 cuantos en la iglesia entrasen,
137 260 730 300 y aunque llegó mucha gente,
133 309 662 347 en vano fue que llegasen,
132 357 578 394 hasta que doña Maria
130 407 699 443 fue á darle gracias al padre
123 453 692 491 san Antonio, por mercedes
135 501 712 538 tan colmadas y tan grandes.
125 549 616 587 Mandáronla que llegára,
129 597 626 635 y al punto la mano abre
123 646 655 683 san Antonio, y le entregó
119 693 562 730 la carta sin dilatarse,
129 739 691 779 y asi en presencia de todos
119 790 614 827 el padre guardían la abre
117 835 497 875 y leyendola, decia
121 885 617 922 estas palabras formales.
120 929 654 971 ¿Quiera Dios, esposa mia,
123 983 648 1018 que este mi carta te halle
124 1029 650 1067 en compañia de mis hijos,
119 1075 587 1114 y de tu querida madre
115 1126 653 1163 con salud, la mia es buena
115 1174 615 1210 en las Iudias Orientales;
112 1222 608 1257 ha nueve años que estoy
115 1270 644 1308 cumplidos y muy cabales,
119 1317 588 1354 y en este mes de enero
109 1366 748 1404 sabrás que hablé con un padre
115 1414 594 1451 de la orden franciscana,
107 1461 573 1499 muy cariñoso y afable,
120 1510 670 1548 que le llaman fray Antonio;
113 1558 630 1593 y me dijo que al instante
102 1606 664 1643 se embarcaba para España,
108 1654 570 1690 si tenia que mandarle,
111 1701 628 1738 que en la ciudad de Jerez
107 1749 544 1786 estaba por habitante,
105 1797 568 1833 y por irse tan de prisa
111 1846 671 1881 no tuve al pronto que darle
109 1895 645 1929 sino un doblon de ochenta
109 1942 661 1978 con que puedes remediarte,
112 1991 696 2026 que si Dios quiere, pretendo
864 166 1327 205 estar ahí cuanto antes,
866 212 1280 249 para pedirte perdon
870 260 1373 299 de las miserias y hambre
872 307 1536 354 que has pasado por mi ausencia,
874 354 1426 397 pues ya este gloríoso padre
866 404 1297 443 ha disipado sospechas
863 451 1338 495 qué mi corazon abaten,
856 500 1286 540 A doña Maria Javiera
857 547 1402 592 en la Plazuela del Carmen,
848 595 1319 637 soy tu esposo Agustin,
857 645 1457 686 que ruego á Dios te ampare.)
856 691 1287 733 Asi que leyó la carta,
848 741 1392 782 fue el guardian al instante
855 786 1344 829 y á san Antonio empezó
860 836 1291 877 el habito á registrarle,
859 882 1339 925 y en una manga le halló
858 932 1398 974 el doblon (¡caso admirable!)
844 980 1357 1022 se lo entregó á la señora,
849 1031 1382 1069 y por milagro tan grande
855 1079 1315 1116 todos diéron alabanzas
843 1125 1328 1166 al gloriosísimo Adlante
843 1173 1299 1213 Antonio, y el caballero
843 1221 1379 1265 vino á su casa al instante,
841 1271 1386 1312 y sabiendo estos prodigios
847 1318 1289 1359 á san Antonio le hace
847 1367 1241 1407 una suntuosa fiesta
843 1414 1395 1459 con grandes solemnidades.
844 1462 1344 1505 Ea, devotos de Antonio,
835 1511 1370 1555 con milagros tan notables
843 1558 1331 1601 avivad en vnestro pecho
835 1604 1394 1654 la devocion muy constante,
841 1651 1373 1698 Viva el portugués bizarro
840 1702 1330 1747 eternidades, pues sabe
835 1749 1347 1796 del demonio y sus errores
835 1796 1303 1843 á sus devotos librarles.
834 1844 1349 1893 Y aquí da fin á la historia
835 1892 1236 1938 el poéta Pedro Saez,
838 1942 1322 1989 suplicando le perdonen
833 1991 1362 2038 las faltas de este romance.
621 2091 975 2129 CARMONA:—1854.
193 2137 1429 2184 Imprenta de D. José Maria Moreno, calle de las Descalzas núm. 1.
