1737 2508
272 255 641 294 todos los agarrantes,
243 300 740 344 que los que hay en la azotea
243 347 684 389 los metiesen en la cárcel;
247 394 744 439 yo que escuché la contienda,
236 442 677 485 me descolgué por un palo
233 490 702 533 caí encima de unas viejas ;
235 538 677 579 á empellones y pellizcos
232 584 698 626 me acribillaron las piernas.
236 631 694 675 Por último dí en la plaza,
232 680 714 723 donde el dinero me cuesta.
232 728 639 764 De noche soy parecido
238 774 662 815 á todos cuantos esperan
240 823 616 861 para molerlos á palos
233 867 672 912 y los llevo con paciencia.
227 918 670 957 Aunque encerrado en mi casa
234 964 682 1005 me esté, y por allá fuera
233 1011 719 1054 armen quimera, al instante
234 1058 718 1103 sientan de mi una querella,
236 1105 706 1148 y en pillándome en la calle
228 1154 682 1195 me zampaban en la trena.
225 1202 696 1243 Si me arrimo á las canales,
230 1250 742 1293 cuando hace aire, ó tormenta
227 1297 627 1337 si una teja se derriba,
232 1344 650 1385 me aplasta la cobertera.
227 1393 691 1433 Si llevo linterna, ó hacha-
225 1439 618 1482 ó se me apaga la vela,
221 1488 725 1533 ó al revolver de una esquina
219 1537 628 1580 alguno viene de priesa,
223 1584 610 1625 se la meto por la cara
219 1628 636 1676 y tengo camorra cierta.
224 1677 620 1722 Si acaso voy de visita,
219 1725 603 1769 si agasajo dan en ella,
224 1772 668 1816 el último soy, y al darme
226 1819 583 1863 trepa la chocolatera.
219 1867 681 1911 Si los muchachos jugando
224 1916 622 1958 disparan alguna piedra,
220 1965 616 2006 pasará por entre todos
214 2012 768 2055 aunque haya ciento en la rueda,
221 2059 577 2101 y solo derecha viene
219 2105 692 2150 á darme á mi en la cabeza.
213 2151 654 2198 Una vez que fuí á cazar,
216 2202 610 2244 se reventó la escopeta,
209 2249 662 2293 y por matar á un conejo,
216 2296 634 2340 del tiro maté á la perra.
210 2346 735 2393 Siempre que monto á caballo
976 265 1399 303 me apeo por las orejas :
971 309 1460 352 y en cualquier conversacion,
976 358 1406 400 soy de la propia manera,
965 406 1506 450 Si tomo algun niño en brazos,
976 455 1428 496 luego al instante me mea,
968 501 1403 545 y si no lo suelto pronto,
971 550 1365 589 hace la otra diligencia.
972 596 1454 639 Siempre que voy á la plaza,
970 645 1446 686 estoy dando treinta vueltas,
964 692 1403 733 y compro lo que es peor,
971 740 1413 779 y lo que mas caro cuesta.
974 786 1369 825 Una morcilla de lustre
970 837 1505 877 compré un dia á una tendera,
972 882 1422 919 y al partirla, le encontré
970 932 1400 970 un dedal, y una calceta,
965 979 1402 1014 diciendo que era aseada:
965 1026 1447 1065 qué fuera, si fuera pueica?
968 1073 1375 1109 Aciértanme los meados
967 1122 1458 1163 que por las ventanas echan,
963 1169 1394 1208 y si por suerte me curo,
972 1217 1424 1254 odas las curas me yerran.
964 1265 1412 1303 Agua me falta en el mar,
962 1313 1410 1349 y la hallo en las tabernas,
963 1359 1434 1396 que mis placeres y el vino
957 1406 1428 1444 son aguados donde quiera.
962 1453 1296 1489 Deseo tomar oficio,
955 1501 1398 1537 y sé por cosa muy cierta,
955 1548 1444 1586 que si aprendo á calcetero,
954 1597 1470 1636 se habia de andar en piernas,
955 1643 1328 1679 y si fuera monterero,
953 1692 1350 1727 nacieran sin la cabeza.
951 1738 1347 1774 Si estudiára medicina,
954 1787 1438 1822 aunque es socorrida ciencia,
953 1834 1320 1872 porque no curára yo,
951 1883 1449 1927 no hubiera persona enferma.
956 1930 1394 1972 Si voy á alguna funcion,
955 1980 1421 2022 y salgo muy tarde de ella,
957 2024 1451 2068 por cualquier calle que eche
949 2074 1498 2116 siempre la ronda me encuentra,
947 2122 1319 2160 y si quiero salir bien,
947 2169 1467 2211 me cuesta bien las monedas.
952 2216 1383 2255 Siempre fué mi vecindad
945 2263 1359 2305 de casados que vocean,
947 2311 1404 2353 herradores que madrugan,
944 2359 1452 2403 herreros que me atormentan,
