1765 2512
100 256 574 293 un pié sopo, y otro zambo,
95 304 529 341 sin pestañas, y sin cejas,
94 350 506 387 Hleno de mil burujones,
95 398 517 436 de llagas, y de miserias.
93 445 567 483 De suerte, que un tio mio
99 493 479 532 tuvo de botica tienda,
89 540 519 582 y de mis imperfecciones
99 588 525 626 sacó las quintas esencias.
93 636 591 673 Un miércoles con un martes
97 683 511 722 tuvieron gran diferencia
89 732 535 769 sobre que ninguno quiso,
90 778 556 817 que en su término naciera,
103 825 557 863 Nací tarde, porque el Sol
92 872 546 911 tuvo de verme vergüenza,
98 920 516 959 en una noche templada.
93 968 559 1007 entre clara, y entre yema;
95 1015 509 1054 tres maravedís de Luna
87 1063 515 1102 alumbraban á la tierra,
95 1111 567 1150 que por ser yo el que nací,
89 1160 614 1198 no quiso que un cuarto fuera.
94 1208 565 1245 Murieron luego mis padres;
83 1254 572 1293 Dios en el Cielo los tenga,
84 1303 493 1341 no se vuelvan por acá,
87 1351 654 1391 y á engendrar otro hijo vuelvan.
96 1398 561 1437 Tal fortuna desde entonces
96 1446 518 1484 me dejaron los planetas,
92 1493 512 1533 que pudo servir de tinta
96 1540 495 1580 segun estaba de negra.
94 1587 522 1627 Apenas tuve mil meses,
95 1636 546 1677 cuando decia: ajo, nena,
91 1683 536 1723 teta, caca, mama, papa,
96 1731 628 1773 chicha al niño, venga, yenga;
91 1779 561 1819 hice el pompon, la mocita,
95 1825 519 1865 el bú, y otras agudezas
85 1872 522 1913 Pasé mientras el destete
96 1919 537 1961 todo el mal de canijeras,
87 1968 555 2011 desmedro y aljorre, pujos,
91 2016 549 2057 tiña , sarampion, viruelas,
86 2064 518 2105 mal de ojos, y de oidos,
87 2113 614 2154 dientes , colmillos, y muelas.
83 2159 585 2201 Por último, llegó el tiempo
85 2205 545 2249 de ponerme en la escuela,
96 2254 612 2296 y aprendí en mas de seis años
85 2300 417 2342 el Jesús, N, y Z:
83 2354 527 2395 y esto que todos los dias
823 257 1233 291 probaba yo las correas,
828 302 1336 340 sin pellizcos, que me daban,
820 350 1253 384 y golpes con la palmeta.
824 396 1262 432 Probé trescientos oficios,
830 445 1328 481 y el mejor (en mi conciencia)
828 491 1224 526 de todos fué confitero,
822 538 1394 577 pues con mucha gracia y buena
828 586 1290 624 todo el dulce me chupaba,
828 634 1220 670 que me iba de vareta.
827 681 1301 717 Empecé á tener mil males
826 731 1344 769 en el cuerpo, y las potencias,
822 777 1216 814 pues ello tuve arestin,
820 826 1210 861 gálico, tiña, jaqueca,
821 872 1256 909 perlesía, ictericia, asma,
825 920 1234 956 mal de ojos, y paperas,
826 969 1272 1005 garrotillo, bubas, sarna,
832 1015 1180 1050 opilacion, y sordera,
828 1062 1298 1099 siciones, tercianas , pupas,
826 1110 1238 1145 torozon con apostemas.
823 1158 1274 1193 Como á santo de milagro
824 1207 1244 1243 me sacan por las aldéas,
826 1254 1316 1293 y luego al punto que salga;
825 1302 1272 1337 todas las mieses se secan.
832 1350 1308 1386 Y si me envian por propio,
823 1397 1252 1433 me llueve de tal manera,
824 1444 1296 1480 que lo que ando en un dia
831 1490 1364 1528 viene á ser ni aun media legua.
823 1538 1339 1575 Luego al instante que vuelvo,
828 1587 1330 1624 aunque me dé mucha priesa,
823 1635 1312 1670 hallo muerto á aquel sugeto
825 1681 1306 1718 á quien traigo la respuesta.
827 1729 1311 1766 Si acaso le presto á alguno,
824 1778 1308 1813 pierdo el amigo y la deuda,
827 1825 1358 1861 que en estos tiempos de alora
825 1873 1199 1909 el mas ámigo la pega.
824 1922 1308 1956 Si hay toros, y me dá gana
825 1968 1282 2003 de ponerme en la barrera,
831 2016 1311 2051 viene el toro, y del jondillo
827 2064 1256 2101 en la plaza me aposenta,
820 2111 1249 2149 y si escapo de esta bien,
827 2160 1279 2194 pierdo la capa, y montera,
830 2206 1270 2245 En otros toros que hubo,
821 2253 1228 2291 me subí en una azotea,
819 2302 1207 2341 para estar allí seguro;
821 2351 1201 2388 donde el juez manda, y ordena
