1765 2512
122 251 515 286 alguna mesa de trucos
127 298 627 333 ó algun maestro de escuela:
128 346 528 381 si algun dia de trabajo
119 392 595 427 se me mueve la conciencia
129 440 502 475 el ir á misa, tal bulla
130 486 630 523 carga en cualesquiera iglesia,
127 534 567 571 que la capa en divisiones
131 583 582 617 me forma cuatro banderas,
131 630 518 665 Y si acaso me dá gana
128 677 608 713 de meterme en la comedia,
125 725 498 760 aunque sea de teatro,
132 773 570 808 despiden la gente fuera;
118 820 590 855 y luego al punto que digo,
128 867 609 903 que los dineros me vuelvan
128 913 599 951 me vuelven un soplamocos
127 963 542 997 en envés de la comedia.
123 1010 530 1046 Si á divertirme me voy
126 1059 568 1093 á alguna orilla de acéquia,
125 1107 558 1141 luego de su punto crece,
119 1154 532 1188 y la corriente me lleva.
124 1201 600 1238 ¡Y una vez que fuí cochero,
128 1248 576 1286 y serví á cierta marquesa,
129 1295 535 1333 jamás le montaba mula,
121 1343 555 1379 que no se cayera muerta.
126 1390 568 1427 Si á saltar voy un arroyo,
124 1438 566 1475 aunque sea de una tercia,
126 1485 558 1523 aunque tome carrendilla,
127 1533 666 1569 me he de refrescar las piernas;
120 1581 524 1616 Paso que doy adelánte,
123 1628 560 1664 atrás se queda una legua
117 1676 559 1711 y el dia que bien escapo
124 1724 558 1758 es con mi carga de leña.
111 1771 729 1807 No hay sordo que no me escuche
124 1817 548 1857 ni ciego que no me vea,
114 1865 598 1905 ni pobre, que no me pida,
124 1914 596 1954 ni rico, que no me ofenda,
120 1963 554 2002 ni camino que no yerre,
860 247 1418 288 ni juego, en que yo no pierda,
866 294 1383 335 ni amigo que no me engañe,
858 341 1342 378 ni vieja que no me quiera.
868 388 1304 430 En mi lo picado es roto,
863 437 1248 473 lo raido desvergüenza,
864 484 1492 524 cuando hay gorro, no hay sombrero,
866 532 1484 570 cuando nay zapatos, no hay medias,
862 579 1466 617 cuando hay jubon, no hay camisa,
862 626 1410 663 si hay calzon, no hay montera,
860 675 1462 714 cuando hay novia, no hay dinero,
866 723 1378 758 cuando hay dinero, querella.
860 771 1358 807 Siempre lleno de desdichas,
860 818 1308 853 siempre lleno de miserias,
864 865 1368 902 la sal no me alcanza el agua,
860 913 1368 950 los muchachos me apedrean,
863 961 1342 995 los perros todos me ladran,
856 1007 1328 1044 los vecinos me desprecian,
862 1055 1318 1094 el que me debe, no paga,
863 1104 1343 1138 y al que le pido, me niega.
864 1149 1310 1188 En fin es tal mi desgracia,
857 1198 1269 1234 y mi suerte tan adversa
853 1246 1327 1280 que aun sepultado discurro
856 1293 1333 1329 no estar seguro en la tierra.
864 1340 1324 1378 Y una niña que me quiere,
853 1391 1289 1428 y yo me muero por ellá,
860 1438 1358 1473 ni ella puede hablarme á mi,
859 1484 1338 1520 ni yo puedo hablarle á ella.
860 1530 1242 1570 Si me rio, ella se rie,
860 1579 1232 1615 si lloro yo, llora ella,
852 1626 1266 1663 si canto, echa á cantar,
864 1674 1300 1713 y canta semana y media,
862 1722 1294 1760 si le pido, me da gritos,
853 1769 1316 1807 si le pego, se está quieta,
852 1819 1314 1853 si ando sin capa, anda en cuerpo
860 1865 1329 1901 y si me pierdo, se encierra.
868 1911 1298 1950 Válgate Dios por señora,
846 1962 1321 2008 y qué de males me cuesta.
754 2132 872 2171 FIN.
583 2290 1029 2327 CARMONA:—1859.
101 2343 1528 2385 Imprenta de D. José M. Moreno, calle Juan de laCabra núm. 4.
