1737 2508
825 109 855 261 3
148 240 638 277 Alargó el reloj diciendo:
145 290 626 326 reloj, persona y espada,
155 337 713 375 está aquí á vuestro servicio;
145 386 579 422 y sin replicar en nada
154 434 592 472 se quedó con el reloj,
153 483 612 522 y dándoselo á la dama,
149 532 616 570 le dice: recibe, señora,
149 580 626 617 aquesta pequeña alhaja
152 628 675 666 de un criado de los tuyos.
156 678 663 714 Llegó otro diciendo: saca
152 725 525 763 caballero, si traeis
157 775 594 811 de tabaco alguna caja
159 823 617 861 y tomaremos un polvo.
149 873 615 910 Sacó una caja de plata,
160 920 596 956 tomaron todos tabaco:
163 969 648 1006 pero al fin de la jornada
152 1018 672 1057 hicieron la misma accion,
163 1065 626 1103 pues luego pasó la caja
155 1114 582 1151 á acompañar al reloj
159 1164 634 1201 á las manos de la dama.
161 1212 693 1248 Viéndose el buen caballero
167 1260 656 1298 en confusion tan estraña,
168 1308 584 1346 con el corazon pedia
155 1357 582 1394 á la Vírgen soberana
167 1407 699 1443 del Cármen, que lo librase
167 1455 684 1492 de aquella infame canalla.
167 1502 659 1539 Y les dice: amigos mios,
161 1552 716 1588 mucho estimára en el alma,
159 1600 735 1637 que ustedes me den licencia,
171 1648 771 1686 que es tarde y hago gran falta,
163 1697 677 1733 que tengo que despachar
171 1746 689 1783 para mi tierra unas cartas.
168 1793 577 1831 Le dijo con disimulo
171 1844 647 1879 un embozado á la dama:
163 1891 639 1931 si ahora le parece tarde,
168 1940 631 1977 mas tarde será mañana:
161 1987 648 2024 y los otros dos le dicen:
166 2036 586 2073 caballero, si mi ama
169 2085 736 2121 gusta de que usted se quede
168 2134 638 2171 á cenar en su compaña,
165 2184 686 2219 nada pierde usted en ello,
171 2232 734 2268 no hay que replicar palabra,
168 2282 755 2317 que aqui se otorga por fuerza
171 2331 726 2368 lo que no se hace por gana.
871 238 1427 274 Viendo aquesto el caballero
865 288 1372 323 de esta manera les habla:
865 336 1396 374 pues ya que quedo, señora,
870 385 1348 420 á cenar en su compaña,
864 433 1452 470 un gusto me habeis de hacer,
867 482 1407 517 y es, que tengo en mi casa
867 531 1460 568 un buen vino, de un presente,
873 579 1354 615 que recibí esta mañana,
872 628 1400 664 mejor que este que teneis,
875 676 1414 714 y es mi gusto que se traiga,
875 725 1346 761 y así si quereis, llamad
863 774 1341 810 á mi criado, y que vaya,
877 822 1425 859 porque una poca de mistela
876 870 1355 909 juntamente con él traiga
876 917 1364 956 que para estas ocasiones
873 969 1414 1004 tambien la tengo guardada,
872 1018 1356 1055 llamar arriba al criado,
875 1065 1336 1101 por escusar que bajara
871 1114 1368 1150 el amo, y le diera cuenta
871 1162 1341 1199 de lo que allí le pasara.
869 1211 1369 1248 Le dice el amo al criado:
873 1260 1311 1297 anda, ve ligero á casa,
875 1308 1346 1344 y en la papelera grande
882 1357 1346 1394 allí encontrarás tapadas
877 1405 1362 1443 dos redomas de mistela;
879 1453 1340 1489 y mas abajo en el arca
886 1502 1426 1540 cuatro encontrarás de vino,
879 1552 1386 1587 toma las llaves y marcha;
879 1600 1265 1638 tráelas, y ven lijero,
877 1648 1381 1686 que la cena nos aguarda.
876 1697 1431 1735 Al tiempo de dar las llaves,
879 1746 1350 1782 sin que nadie lo notara
883 1794 1392 1831 le apretó el amo la mano
885 1843 1406 1879 con una fuerza estremada.
882 1892 1400 1926 Novedad le hizo al criado
882 1940 1456 1976 ver esta accion nunca usada,
885 1988 1494 2024 y tambien ver los tres hombres
892 2036 1448 2073 que embozados se paseaban.
881 2086 1340 2122 Se fué á su casa lijero,
887 2134 1464 2170 y abriendo al instante el arca
883 2184 1381 2219 en busca de las redomas,
879 2232 1404 2267 halló que solo allí estaban
891 2282 1370 2318 cuatro fuertes carabinas,
883 2330 1355 2371 y á la papelera marcha.
