1765 2512
192 210 661 251 los religiosos los llevan
199 260 653 300 en el aire suspendidos,
204 307 768 349 con grande acompañamiento
202 355 729 397 de guardas y de ministros;
203 404 671 445 pasean todas las calles,
201 452 664 494 y asi llegan al suplicio.
201 499 691 542 Los sacan de los serones
209 548 697 592 y agarrando un Crucifijo
203 597 691 639 Leonarda con gran valor
205 645 671 688 con el corazon contrito
207 694 697 736 le dice: dueño del alma,
215 745 621 784 Criador y padre mio,
208 793 759 835 me pesa por ser quien sois.
208 841 712 881 Y con todo lo han subido
206 890 685 931 á lo alto de la escalera;
212 937 717 981 luego atencion ha pedido
208 988 727 1029 á todos los circunstantes,
221 1035 749 1077 y de esta manera ha dicho;
209 1083 788 1126 mujeres las que en el mundo
211 1135 627 1173 estais en sano juicio,
213 1183 651 1223 amad de veras á Dios,
216 1228 689 1271 no divertais los sentidos
221 1279 707 1318 en las cosas de la tierra,
223 1327 751 1368 mirad el fin que ha tenido,
226 1374 853 1417 y el pago que á mí me han dado
222 1425 643 1465 mis lascivos apetitos.
223 1471 792 1514 Hombres que mirais atentos
222 1522 739 1563 á estos compañeros mios,
225 1568 789 1613 escarmentad, pues, en ellos
224 1620 783 1661 hermanas y hermanos mios,
227 1668 639 1709 á todos pido perdon,
231 1719 792 1761 y volviendo al Santo Cristo,
887 155 917 191 8
918 201 1350 238 le dice: rey poderoso,
917 248 1469 290 ¡quien nunca hubiera nacido
916 299 1366 338 para ofenderte, Señor!
918 347 1388 385 pero yo apelo al abismo
912 395 1402 432 de vuestra misericordia,
917 442 1451 483 y en vuestra clemencia fio,
915 492 1469 530 que me habeis de perdonar
923 539 1511 580 lo mucho que os he ofendido:
921 589 1381 629 y los santos religiosos,
927 637 1379 674 con fervorosos auxilios,
920 685 1408 724 la encienden el corazon,
919 734 1481 774 que mueve á llanto el oirlos.
928 782 1416 822 Empezó á decir el Credo,
920 830 1388 871 y llegando á UNico niyo,
923 879 1420 918 de la escalera le arrojan,
927 929 1341 967 y quedó cadáver frio,
928 977 1444 1017 dando muestra de que fué
926 1027 1311 1067 á gozar del paraiso;
934 1074 1469 1113 y el mismo arrepentimiento
932 1122 1508 1163 los tres hombres han tenido.
932 1170 1426 1210 Cinco horas los tuvieron
930 1219 1432 1260 en la horca suspendidos,
932 1268 1540 1308 y despues los hicieron cuartos
936 1318 1424 1361 y en los reales caminos,
935 1366 1456 1405 con duros clavos de hierro
935 1414 1405 1456 los fueron dejando fijos,
935 1463 1476 1501 para escarmiento de todos,
944 1511 1342 1550 forasteros y vecinos;
941 1563 1327 1604 y la criada azotada,
940 1609 1439 1648 con sus plumas ha salido
939 1654 1375 1697 desterrada de la córte
948 1706 1444 1746 del Rey de España Filipo.
813 1947 1034 2105 FIN.
321 2217 1563 2388 CARMONA:—Imp. y lib. de don José M. Moreno, Madre de Dios, 1.
