<?xml version="1.0" encoding="UTF-8" standalone="yes"?>
<PcGts xmlns="http://schema.primaresearch.org/PAGE/gts/pagecontent/2013-07-15" xmlns:xsi="http://www.w3.org/2001/XMLSchema-instance" xsi:schemaLocation="http://schema.primaresearch.org/PAGE/gts/pagecontent/2013-07-15 http://schema.primaresearch.org/PAGE/gts/pagecontent/2013-07-15/pagecontent.xsd">
    <Metadata>
        <Creator>prov=University of Rostock/Institute of Mathematics/CITlab|PLANET AI GmbH/Gundram Leifert/gundram.leifert@planet-ai.de:name=Pliegos de Cordel (XIXe) - v4(htr_id=27283)::::v=2.6.7
prov=University of Rostock/Institute of Mathematics/CITlab|PLANET AI GmbH/Tobias Gruening/tobias.gruening@planet-ai.de:name=de.uros.citlab.module.baseline2polygon.B2PSeamMultiOriented:v=2.6.7
prov=University of Rostock/Institute of Mathematics/CITlab|PLANET AI GmbH/Tobias Gruening/tobias.gruening@planet-ai.de:name=/net_tf/LA73_249_0mod360.pb:de.uros.citlab.segmentation.CITlab_LA_ML:v=2.6.7
Transkribus</Creator>
        <Created>2020-12-01T16:27:40.465+01:00</Created>
        <LastChange>2020-12-14T15:58:46.101+01:00</LastChange>
        <Comments>
                Measurement unit: pixel
                PrimaryLanguage: 
                Producer: Transkribus
            </Comments>
        <TranskribusMetadata docId="525386" pageId="22318527" pageNr="57" tsid="50306352" status="DONE" userId="66244" imgUrl="https://files.transkribus.eu/Get?id=RPUIMQHDXXFERDHMHIUZNTXQ&amp;fileType=view" xmlUrl="https://files.transkribus.eu/Get?id=FDUOYHFBMTRRPKXPFTMOSWWJ" imageId="17388042"/>
    </Metadata>
    <Page imageFilename="Moreno_190_1.jpg" imageWidth="1737" imageHeight="2508">
        <PrintSpace>
            <Coords points="0,0 1737,0 1737,2508 0,2508"/>
        </PrintSpace>
        <ReadingOrder>
            <OrderedGroup id="ro_1607963860054" caption="Regions reading order">
                <RegionRefIndexed index="0" regionRef="r_1_1"/>
                <RegionRefIndexed index="1" regionRef="r_3_1"/>
                <RegionRefIndexed index="2" regionRef="r_4_1"/>
                <RegionRefIndexed index="3" regionRef="r_5_1"/>
                <RegionRefIndexed index="4" regionRef="r_6_1"/>
                <RegionRefIndexed index="5" regionRef="r_7_1"/>
            </OrderedGroup>
        </ReadingOrder>
        <TextRegion orientation="0.0" type="paragraph" id="r_1_1" custom="readingOrder {index:0;}">
            <Coords points="1138,122 1361,122 1361,176 1138,176"/>
            <TextLine id="r_1_1l1" custom="readingOrder {index:0;}">
                <Coords points="1141,215 1167,215 1193,215 1220,215 1246,216 1272,216 1299,216 1325,216 1352,215 1352,65 1325,66 1299,66 1272,66 1246,66 1220,65 1193,65 1167,65 1141,65"/>
                <Baseline points="1141,165 1167,165 1193,165 1220,165 1246,166 1272,166 1299,166 1325,166 1352,165"/>
                <TextEquiv>
                    <Unicode>Núm. 199.</Unicode>
                </TextEquiv>
            </TextLine>
            <TextEquiv>
                <Unicode>Núm. 199.</Unicode>
            </TextEquiv>
        </TextRegion>
        <TextRegion orientation="0.0" type="paragraph" id="r_3_1" custom="readingOrder {index:1;}">
            <Coords points="194,1052 1411,1052 1411,1172 194,1172"/>
            <TextLine id="r_3_1l1" custom="readingOrder {index:0;}">
                <Coords points="278,1199 334,1200 390,1200 447,1201 503,1201 560,1201 616,1201 673,1201 729,1201 786,1201 842,1201 898,1201 955,1201 1011,1202 1068,1202 1124,1202 1181,1203 1237,1203 1294,1204 1350,1205 1407,1206 1407,1056 1350,1055 1294,1054 1237,1053 1181,1053 1124,1052 1068,1052 1011,1052 955,1051 898,1051 842,1051 786,1051 729,1051 673,1051 616,1051 560,1051 503,1051 447,1051 390,1050 334,1050 278,1049"/>
                <Baseline points="278,1149 334,1150 390,1150 447,1151 503,1151 560,1151 616,1151 673,1151 729,1151 786,1151 842,1151 898,1151 955,1151 1011,1152 1068,1152 1124,1152 1181,1153 1237,1153 1294,1154 1350,1155 1407,1156"/>
                <TextEquiv>
                    <Unicode>EL MALTES DE MADRID.</Unicode>
                </TextEquiv>
            </TextLine>
            <TextEquiv>
                <Unicode>EL MALTES DE MADRID.</Unicode>
            </TextEquiv>
        </TextRegion>
        <TextRegion orientation="0.0" type="paragraph" id="r_4_1" custom="readingOrder {index:2;}">
            <Coords points="42,1227 1543,1227 1543,1454 42,1454"/>
            <TextLine id="r_4_1l1" custom="readingOrder {index:0;}">
                <Coords points="136,1288 206,1288 276,1288 346,1289 416,1289 486,1289 556,1290 626,1290 696,1290 766,1291 836,1291 906,1292 976,1292 1046,1292 1116,1293 1186,1293 1256,1293 1326,1293 1396,1293 1466,1293 1536,1292 1536,1258 1466,1259 1396,1259 1326,1259 1256,1259 1186,1259 1116,1259 1046,1258 976,1258 906,1258 836,1257 766,1257 696,1256 626,1256 556,1256 486,1255 416,1255 346,1255 276,1254 206,1254 136,1254"/>
                <Baseline points="136,1277 206,1277 276,1277 346,1278 416,1278 486,1278 556,1279 626,1279 696,1279 766,1280 836,1280 906,1281 976,1281 1046,1281 1116,1282 1186,1282 1256,1282 1326,1282 1396,1282 1466,1282 1536,1281"/>
                <TextEquiv>
                    <Unicode>Romance en que se declara una prision que ha sido hecha en la córte</Unicode>
                </TextEquiv>
            </TextLine>
            <TextLine id="r_4_1l2" custom="readingOrder {index:1;}">
                <Coords points="143,1336 212,1336 281,1337 351,1337 420,1338 490,1338 559,1338 628,1339 698,1339 767,1340 837,1340 906,1340 975,1340 1045,1341 1114,1341 1184,1341 1253,1341 1322,1341 1392,1341 1461,1341 1531,1341 1531,1307 1461,1307 1392,1307 1322,1307 1253,1307 1184,1307 1114,1307 1045,1307 975,1306 906,1306 837,1306 767,1306 698,1305 628,1305 559,1304 490,1304 420,1304 351,1303 281,1303 212,1302 143,1302"/>
                <Baseline points="143,1325 212,1325 281,1326 351,1326 420,1327 490,1327 559,1327 628,1328 698,1328 767,1329 837,1329 906,1329 975,1329 1045,1330 1114,1330 1184,1330 1253,1330 1322,1330 1392,1330 1461,1330 1531,1330"/>
                <TextEquiv>
                    <Unicode>de Madrid de tres hombres y dos mujeres, por haber dado muerte á</Unicode>
                </TextEquiv>
            </TextLine>
            <TextLine id="r_4_1l3" custom="readingOrder {index:2;}">
                <Coords points="135,1386 205,1387 275,1387 345,1387 415,1387 485,1388 555,1388 625,1388 695,1388 765,1388 836,1389 906,1389 976,1389 1046,1389 1116,1389 1186,1390 1256,1390 1326,1390 1396,1391 1466,1391 1537,1391 1537,1357 1466,1357 1396,1357 1326,1356 1256,1356 1186,1356 1116,1355 1046,1355 976,1355 906,1355 836,1355 765,1354 695,1354 625,1354 555,1354 485,1354 415,1353 345,1353 275,1353 205,1353 135,1352"/>
                <Baseline points="135,1375 205,1376 275,1376 345,1376 415,1376 485,1377 555,1377 625,1377 695,1377 765,1377 836,1378 906,1378 976,1378 1046,1378 1116,1378 1186,1379 1256,1379 1326,1379 1396,1380 1466,1380 1537,1380"/>
                <TextEquiv>
                    <Unicode>veinte y siete personas; y como se descubrió por un caballero Maltés</Unicode>
                </TextEquiv>
            </TextLine>
            <TextLine id="r_4_1l4" custom="readingOrder {index:3;}">
                <Coords points="393,1435 437,1436 481,1436 525,1437 570,1437 614,1438 658,1438 703,1438 747,1438 791,1438 836,1438 880,1438 924,1437 968,1437 1013,1437 1057,1438 1101,1438 1146,1438 1190,1439 1234,1440 1279,1441 1279,1407 1234,1406 1190,1405 1146,1404 1101,1404 1057,1404 1013,1403 968,1403 924,1403 880,1404 836,1404 791,1404 747,1404 703,1404 658,1404 614,1404 570,1403 525,1403 481,1402 437,1402 393,1401"/>
                <Baseline points="393,1424 437,1425 481,1425 525,1426 570,1426 614,1427 658,1427 703,1427 747,1427 791,1427 836,1427 880,1427 924,1426 968,1426 1013,1426 1057,1427 1101,1427 1146,1427 1190,1428 1234,1429 1279,1430"/>
                <TextEquiv>
                    <Unicode>con quien querian ejecutar lo mismo con él.</Unicode>
                </TextEquiv>
            </TextLine>
            <TextEquiv>
                <Unicode>Romance en que se declara una prision que ha sido hecha en la córte
de Madrid de tres hombres y dos mujeres, por haber dado muerte á
veinte y siete personas; y como se descubrió por un caballero Maltés
con quien querian ejecutar lo mismo con él.</Unicode>
            </TextEquiv>
        </TextRegion>
        <TextRegion orientation="0.0" type="paragraph" id="r_5_1" custom="readingOrder {index:3;}">
            <Coords points="545,1541 1120,1541 1120,1606 545,1606"/>
            <TextLine id="r_5_1l1" custom="readingOrder {index:0;}">
                <Coords points="547,1639 575,1640 603,1640 631,1641 660,1641 688,1642 716,1642 744,1642 773,1643 801,1643 829,1643 857,1643 886,1644 914,1644 942,1644 970,1644 999,1644 1027,1644 1055,1644 1083,1644 1112,1643 1112,1493 1083,1494 1055,1494 1027,1494 999,1494 970,1494 942,1494 914,1494 886,1494 857,1493 829,1493 801,1493 773,1493 744,1492 716,1492 688,1492 660,1491 631,1491 603,1490 575,1490 547,1489"/>
                <Baseline points="547,1589 575,1590 603,1590 631,1591 660,1591 688,1592 716,1592 744,1592 773,1593 801,1593 829,1593 857,1593 886,1594 914,1594 942,1594 970,1594 999,1594 1027,1594 1055,1594 1083,1594 1112,1593"/>
                <TextEquiv>
                    <Unicode>PRIMERA PARTE.</Unicode>
                </TextEquiv>
            </TextLine>
            <TextEquiv>
                <Unicode>PRIMERA PARTE.</Unicode>
            </TextEquiv>
        </TextRegion>
        <TextRegion orientation="0.0" type="paragraph" id="r_6_1" custom="readingOrder {index:4;}">
            <Coords points="127,1630 780,1630 780,2326 127,2326"/>
            <TextLine id="r_6_1l1" custom="readingOrder {index:0;}">
                <Coords points="191,1683 217,1684 243,1684 269,1685 295,1685 321,1685 347,1684 373,1684 399,1684 425,1684 451,1684 477,1684 503,1684 529,1684 555,1685 581,1685 607,1686 633,1687 659,1689 685,1691 685,1657 659,1655 633,1653 607,1652 581,1651 555,1651 529,1650 503,1650 477,1650 451,1650 425,1650 399,1650 373,1650 347,1650 321,1651 295,1651 269,1651 243,1650 217,1650 191,1649"/>
                <Baseline points="191,1672 217,1673 243,1673 269,1674 295,1674 321,1674 347,1673 373,1673 399,1673 425,1673 451,1673 477,1673 503,1673 529,1673 555,1674 581,1674 607,1675 633,1676 659,1678 685,1680"/>
                <TextEquiv>
                    <Unicode>Emperatriz de los cielos,</Unicode>
                </TextEquiv>
            </TextLine>
            <TextLine id="r_6_1l2" custom="readingOrder {index:1;}">
                <Coords points="139,1733 165,1733 191,1734 217,1734 243,1734 269,1734 295,1734 321,1734 347,1734 373,1734 399,1734 425,1734 451,1734 477,1734 503,1734 529,1734 555,1735 581,1735 607,1736 634,1737 634,1703 607,1702 581,1701 555,1701 529,1700 503,1700 477,1700 451,1700 425,1700 399,1700 373,1700 347,1700 321,1700 295,1700 269,1700 243,1700 217,1700 191,1700 165,1699 139,1699"/>
                <Baseline points="139,1722 165,1722 191,1723 217,1723 243,1723 269,1723 295,1723 321,1723 347,1723 373,1723 399,1723 425,1723 451,1723 477,1723 503,1723 529,1723 555,1724 581,1724 607,1725 634,1726"/>
                <TextEquiv>
                    <Unicode>Madre de Dios Soberana,</Unicode>
                </TextEquiv>
            </TextLine>
            <TextLine id="r_6_1l3" custom="readingOrder {index:2;}">
                <Coords points="135,1781 163,1782 192,1782 220,1782 249,1782 277,1782 306,1782 334,1782 363,1782 391,1782 420,1782 448,1782 477,1782 505,1782 534,1782 562,1783 591,1783 619,1783 648,1783 676,1784 705,1785 705,1751 676,1750 648,1749 619,1749 591,1749 562,1749 534,1748 505,1748 477,1748 448,1748 420,1748 391,1748 363,1748 334,1748 306,1748 277,1748 249,1748 220,1748 192,1748 163,1748 135,1747"/>
                <Baseline points="135,1770 163,1771 192,1771 220,1771 249,1771 277,1771 306,1771 334,1771 363,1771 391,1771 420,1771 448,1771 477,1771 505,1771 534,1771 562,1772 591,1772 619,1772 648,1772 676,1773 705,1774"/>
                <TextEquiv>
                    <Unicode>concede á mi entendimiento</Unicode>
                </TextEquiv>
            </TextLine>
            <TextLine id="r_6_1l4" custom="readingOrder {index:3;}">
                <Coords points="143,1829 173,1829 204,1830 234,1830 265,1830 296,1830 326,1831 357,1831 388,1831 418,1831 449,1831 480,1831 510,1832 541,1832 572,1833 602,1833 633,1834 664,1835 694,1836 725,1837 756,1838 756,1804 725,1803 694,1802 664,1801 633,1800 602,1799 572,1799 541,1798 510,1798 480,1797 449,1797 418,1797 388,1797 357,1797 326,1797 296,1796 265,1796 234,1796 204,1796 173,1795 143,1795"/>
                <Baseline points="143,1818 173,1818 204,1819 234,1819 265,1819 296,1819 326,1820 357,1820 388,1820 418,1820 449,1820 480,1820 510,1821 541,1821 572,1822 602,1822 633,1823 664,1824 694,1825 725,1826 756,1827"/>
                <TextEquiv>
                    <Unicode>vuestro auxilio, vuestra gracia,</Unicode>
                </TextEquiv>
            </TextLine>
            <TextLine id="r_6_1l5" custom="readingOrder {index:4;}">
                <Coords points="139,1877 164,1878 189,1879 215,1879 240,1880 266,1880 291,1880 317,1880 342,1880 368,1880 393,1880 419,1880 444,1880 470,1880 495,1880 521,1881 546,1881 572,1881 597,1881 623,1881 623,1847 597,1847 572,1847 546,1847 521,1847 495,1846 470,1846 444,1846 419,1846 393,1846 368,1846 342,1846 317,1846 291,1846 266,1846 240,1846 215,1845 189,1845 164,1844 139,1843"/>
                <Baseline points="139,1866 164,1867 189,1868 215,1868 240,1869 266,1869 291,1869 317,1869 342,1869 368,1869 393,1869 419,1869 444,1869 470,1869 495,1869 521,1870 546,1870 572,1870 597,1870 623,1870"/>
                <TextEquiv>
                    <Unicode>para que pueda esplicar</Unicode>
                </TextEquiv>
            </TextLine>
            <TextLine id="r_6_1l6" custom="readingOrder {index:5;}">
                <Coords points="136,1926 163,1927 190,1927 217,1928 244,1928 272,1928 299,1928 326,1928 353,1928 380,1928 408,1929 435,1929 462,1929 489,1929 516,1930 544,1930 571,1931 598,1932 625,1932 652,1934 680,1935 680,1901 652,1900 625,1898 598,1898 571,1897 544,1896 516,1896 489,1895 462,1895 435,1895 408,1895 380,1894 353,1894 326,1894 299,1894 272,1894 244,1894 217,1894 190,1893 163,1893 136,1892"/>
                <Baseline points="136,1915 163,1916 190,1916 217,1917 244,1917 272,1917 299,1917 326,1917 353,1917 380,1917 408,1918 435,1918 462,1918 489,1918 516,1919 544,1919 571,1920 598,1921 625,1921 652,1923 680,1924"/>
                <TextEquiv>
                    <Unicode>la crueldad mas inhumana;</Unicode>
                </TextEquiv>
            </TextLine>
            <TextLine id="r_6_1l7" custom="readingOrder {index:6;}">
                <Coords points="137,1976 163,1976 189,1976 216,1976 242,1976 269,1977 295,1977 321,1977 348,1978 374,1978 401,1978 427,1978 453,1978 480,1978 506,1978 533,1977 533,1943 506,1944 480,1944 453,1944 427,1944 401,1944 374,1944 348,1944 321,1943 295,1943 269,1943 242,1942 216,1942 189,1942 163,1942 137,1942"/>
                <Baseline points="137,1965 163,1965 189,1965 216,1965 242,1965 269,1966 295,1966 321,1966 348,1967 374,1967 401,1967 427,1967 453,1967 480,1967 506,1967 533,1966"/>
                <TextEquiv>
                    <Unicode>y para no dilatarme,</Unicode>
                </TextEquiv>
            </TextLine>
            <TextLine id="r_6_1l8" custom="readingOrder {index:7;}">
                <Coords points="140,2024 165,2024 190,2024 216,2024 241,2024 267,2025 292,2025 318,2025 343,2025 369,2026 394,2026 419,2026 445,2027 470,2027 496,2027 521,2027 547,2027 572,2027 598,2027 598,1993 572,1993 547,1993 521,1993 496,1993 470,1993 445,1993 419,1992 394,1992 369,1992 343,1991 318,1991 292,1991 267,1991 241,1990 216,1990 190,1990 165,1990 140,1990"/>
                <Baseline points="140,2013 165,2013 190,2013 216,2013 241,2013 267,2014 292,2014 318,2014 343,2014 369,2015 394,2015 419,2015 445,2016 470,2016 496,2016 521,2016 547,2016 572,2016 598,2016"/>
                <TextEquiv>
                    <Unicode>pasemos á la sustancia.</Unicode>
                </TextEquiv>
            </TextLine>
            <TextLine id="r_6_1l9" custom="readingOrder {index:8;}">
                <Coords points="136,2071 161,2071 186,2072 211,2072 236,2073 262,2073 287,2073 312,2073 337,2074 363,2074 388,2074 413,2075 438,2075 463,2076 489,2076 514,2077 539,2077 564,2078 590,2078 590,2044 564,2044 539,2043 514,2043 489,2042 463,2042 438,2041 413,2041 388,2040 363,2040 337,2040 312,2039 287,2039 262,2039 236,2039 211,2038 186,2038 161,2037 136,2037"/>
                <Baseline points="136,2060 161,2060 186,2061 211,2061 236,2062 262,2062 287,2062 312,2062 337,2063 363,2063 388,2063 413,2064 438,2064 463,2065 489,2065 514,2066 539,2066 564,2067 590,2067"/>
                <TextEquiv>
                    <Unicode>En la córte de Madrid,</Unicode>
                </TextEquiv>
            </TextLine>
            <TextLine id="r_6_1l10" custom="readingOrder {index:9;}">
                <Coords points="139,2119 164,2120 190,2121 215,2121 241,2122 267,2122 292,2122 318,2123 343,2123 369,2123 395,2123 420,2123 446,2124 471,2124 497,2124 523,2124 548,2125 574,2125 600,2126 600,2092 574,2091 548,2091 523,2090 497,2090 471,2090 446,2090 420,2089 395,2089 369,2089 343,2089 318,2089 292,2088 267,2088 241,2088 215,2087 190,2087 164,2086 139,2085"/>
                <Baseline points="139,2108 164,2109 190,2110 215,2110 241,2111 267,2111 292,2111 318,2112 343,2112 369,2112 395,2112 420,2112 446,2113 471,2113 497,2113 523,2113 548,2114 574,2114 600,2115"/>
                <TextEquiv>
                    <Unicode>y silla régia de España</Unicode>
                </TextEquiv>
            </TextLine>
            <TextLine id="r_6_1l11" custom="readingOrder {index:10;}">
                <Coords points="136,2168 161,2169 187,2169 213,2170 239,2170 264,2170 290,2171 316,2171 342,2171 368,2172 393,2172 419,2172 445,2172 471,2173 497,2173 522,2173 548,2174 574,2174 600,2175 626,2176 626,2142 600,2141 574,2140 548,2140 522,2139 497,2139 471,2139 445,2138 419,2138 393,2138 368,2138 342,2137 316,2137 290,2137 264,2136 239,2136 213,2136 187,2135 161,2135 136,2134"/>
                <Baseline points="136,2157 161,2158 187,2158 213,2159 239,2159 264,2159 290,2160 316,2160 342,2160 368,2161 393,2161 419,2161 445,2161 471,2162 497,2162 522,2162 548,2163 574,2163 600,2164 626,2165"/>
                <TextEquiv>
                    <Unicode>aquí asiste un caballero,</Unicode>
                </TextEquiv>
            </TextLine>
            <TextLine id="r_6_1l12" custom="readingOrder {index:11;}">
                <Coords points="133,2216 164,2217 196,2218 227,2219 259,2219 290,2220 322,2220 353,2220 385,2220 416,2221 448,2221 480,2221 511,2221 543,2222 574,2222 606,2223 637,2223 669,2224 700,2225 732,2226 764,2228 764,2194 732,2192 700,2191 669,2190 637,2189 606,2189 574,2188 543,2188 511,2187 480,2187 448,2187 416,2187 385,2186 353,2186 322,2186 290,2186 259,2185 227,2185 196,2184 164,2183 133,2182"/>
                <Baseline points="133,2205 164,2206 196,2207 227,2208 259,2208 290,2209 322,2209 353,2209 385,2209 416,2210 448,2210 480,2210 511,2210 543,2211 574,2211 606,2212 637,2212 669,2213 700,2214 732,2215 764,2217"/>
                <TextEquiv>
                    <Unicode>que aunque es natural de Malta,</Unicode>
                </TextEquiv>
            </TextLine>
            <TextLine id="r_6_1l13" custom="readingOrder {index:12;}">
                <Coords points="138,2266 164,2267 190,2267 216,2267 242,2268 268,2268 294,2268 320,2268 346,2269 372,2269 398,2269 424,2269 450,2270 476,2270 502,2270 528,2271 554,2271 580,2272 606,2273 632,2273 658,2274 658,2240 632,2239 606,2239 580,2238 554,2237 528,2237 502,2236 476,2236 450,2236 424,2235 398,2235 372,2235 346,2235 320,2234 294,2234 268,2234 242,2234 216,2233 190,2233 164,2233 138,2232"/>
                <Baseline points="138,2255 164,2256 190,2256 216,2256 242,2257 268,2257 294,2257 320,2257 346,2258 372,2258 398,2258 424,2258 450,2259 476,2259 502,2259 528,2260 554,2260 580,2261 606,2262 632,2262 658,2263"/>
                <TextEquiv>
                    <Unicode>por unos ciertos negocios</Unicode>
                </TextEquiv>
            </TextLine>
            <TextLine id="r_6_1l14" custom="readingOrder {index:13;}">
                <Coords points="142,2314 167,2315 193,2316 219,2317 245,2317 271,2318 297,2318 323,2319 349,2319 375,2319 401,2320 427,2320 453,2320 479,2320 505,2321 531,2321 557,2321 583,2321 583,2287 557,2287 531,2287 505,2287 479,2286 453,2286 427,2286 401,2286 375,2285 349,2285 323,2285 297,2284 271,2284 245,2283 219,2283 193,2282 167,2281 142,2280"/>
                <Baseline points="142,2303 167,2304 193,2305 219,2306 245,2306 271,2307 297,2307 323,2308 349,2308 375,2308 401,2309 427,2309 453,2309 479,2309 505,2310 531,2310 557,2310 583,2310"/>
                <TextEquiv>
                    <Unicode>en esta córte se halla;</Unicode>
                </TextEquiv>
            </TextLine>
            <TextEquiv>
                <Unicode>Emperatriz de los cielos,
Madre de Dios Soberana,
concede á mi entendimiento
vuestro auxilio, vuestra gracia,
para que pueda esplicar
la crueldad mas inhumana;
y para no dilatarme,
pasemos á la sustancia.
En la córte de Madrid,
y silla régia de España
aquí asiste un caballero,
que aunque es natural de Malta,
por unos ciertos negocios
en esta córte se halla;</Unicode>
            </TextEquiv>
        </TextRegion>
        <TextRegion orientation="0.0" type="paragraph" id="r_7_1" custom="readingOrder {index:5;}">
            <Coords points="840,1635 1431,1635 1431,2337 840,2337"/>
            <TextLine id="r_7_1l1" custom="readingOrder {index:0;}">
                <Coords points="853,1685 878,1686 903,1688 928,1689 953,1689 978,1690 1003,1690 1028,1690 1053,1690 1078,1690 1103,1690 1128,1690 1153,1690 1178,1690 1203,1690 1228,1690 1253,1691 1278,1691 1303,1692 1329,1693 1329,1660 1303,1659 1278,1658 1253,1658 1228,1657 1203,1657 1178,1657 1153,1657 1128,1657 1103,1657 1078,1657 1053,1657 1028,1657 1003,1657 978,1657 953,1656 928,1656 903,1655 878,1653 853,1652"/>
                <Baseline points="853,1674 878,1675 903,1677 928,1678 953,1678 978,1679 1003,1679 1028,1679 1053,1679 1078,1679 1103,1679 1128,1679 1153,1679 1178,1679 1203,1679 1228,1679 1253,1680 1278,1680 1303,1681 1329,1682"/>
                <TextEquiv>
                    <Unicode>y por el pleito ser largo,</Unicode>
                </TextEquiv>
            </TextLine>
            <TextLine id="r_7_1l2" custom="readingOrder {index:1;}">
                <Coords points="851,1735 876,1736 901,1736 927,1737 952,1737 978,1737 1003,1738 1029,1738 1054,1738 1080,1738 1105,1739 1130,1739 1156,1739 1181,1739 1207,1739 1232,1739 1258,1739 1283,1739 1309,1739 1334,1739 1360,1739 1360,1705 1334,1705 1309,1705 1283,1705 1258,1705 1232,1705 1207,1705 1181,1705 1156,1705 1130,1705 1105,1705 1080,1704 1054,1704 1029,1704 1003,1704 978,1703 952,1703 927,1703 901,1702 876,1702 851,1701"/>
                <Baseline points="851,1724 876,1725 901,1725 927,1726 952,1726 978,1726 1003,1727 1029,1727 1054,1727 1080,1727 1105,1728 1130,1728 1156,1728 1181,1728 1207,1728 1232,1728 1258,1728 1283,1728 1309,1728 1334,1728 1360,1728"/>
                <TextEquiv>
                    <Unicode>ha tomado asiento y casa.</Unicode>
                </TextEquiv>
            </TextLine>
            <TextLine id="r_7_1l3" custom="readingOrder {index:2;}">
                <Coords points="849,1783 875,1784 901,1784 927,1785 953,1785 979,1785 1005,1786 1032,1786 1058,1786 1084,1786 1110,1787 1136,1787 1162,1787 1188,1787 1215,1787 1241,1787 1267,1788 1293,1788 1319,1788 1345,1788 1372,1788 1372,1754 1345,1754 1319,1754 1293,1754 1267,1754 1241,1753 1215,1753 1188,1753 1162,1753 1136,1753 1110,1753 1084,1752 1058,1752 1032,1752 1005,1752 979,1751 953,1751 927,1751 901,1750 875,1750 849,1749"/>
                <Baseline points="849,1772 875,1773 901,1773 927,1774 953,1774 979,1774 1005,1775 1032,1775 1058,1775 1084,1775 1110,1776 1136,1776 1162,1776 1188,1776 1215,1776 1241,1776 1267,1777 1293,1777 1319,1777 1345,1777 1372,1777"/>
                <TextEquiv>
                    <Unicode>Jueves Santo por la tarde,</Unicode>
                </TextEquiv>
            </TextLine>
            <TextLine id="r_7_1l4" custom="readingOrder {index:3;}">
                <Coords points="855,1833 881,1834 907,1834 934,1835 960,1835 987,1835 1013,1835 1039,1835 1066,1836 1092,1836 1119,1836 1145,1836 1171,1836 1198,1836 1224,1836 1251,1836 1277,1836 1303,1836 1330,1836 1356,1837 1383,1837 1383,1803 1356,1803 1330,1802 1303,1802 1277,1802 1251,1802 1224,1802 1198,1802 1171,1802 1145,1802 1119,1802 1092,1802 1066,1802 1039,1801 1013,1801 987,1801 960,1801 934,1801 907,1800 881,1800 855,1799"/>
                <Baseline points="855,1822 881,1823 907,1823 934,1824 960,1824 987,1824 1013,1824 1039,1824 1066,1825 1092,1825 1119,1825 1145,1825 1171,1825 1198,1825 1224,1825 1251,1825 1277,1825 1303,1825 1330,1825 1356,1826 1383,1826"/>
                <TextEquiv>
                    <Unicode>con un criado en compaña</Unicode>
                </TextEquiv>
            </TextLine>
            <TextLine id="r_7_1l5" custom="readingOrder {index:4;}">
                <Coords points="849,1879 874,1881 899,1883 924,1883 949,1884 974,1884 999,1884 1024,1884 1050,1884 1075,1884 1100,1883 1125,1883 1150,1883 1175,1883 1200,1883 1225,1884 1251,1885 1251,1851 1225,1850 1200,1849 1175,1849 1150,1849 1125,1849 1100,1849 1075,1850 1050,1850 1024,1850 999,1850 974,1850 949,1850 924,1849 899,1849 874,1847 849,1845"/>
                <Baseline points="849,1868 874,1870 899,1872 924,1872 949,1873 974,1873 999,1873 1024,1873 1050,1873 1075,1873 1100,1872 1125,1872 1150,1872 1175,1872 1200,1872 1225,1873 1251,1874"/>
                <TextEquiv>
                    <Unicode>á visitar las Iglesias</Unicode>
                </TextEquiv>
            </TextLine>
            <TextLine id="r_7_1l6" custom="readingOrder {index:5;}">
                <Coords points="847,1930 872,1930 898,1931 924,1931 950,1931 976,1932 1002,1932 1027,1932 1053,1932 1079,1932 1105,1932 1131,1932 1157,1932 1182,1932 1208,1933 1234,1933 1260,1933 1286,1934 1312,1934 1338,1935 1338,1901 1312,1900 1286,1900 1260,1899 1234,1899 1208,1899 1182,1898 1157,1898 1131,1898 1105,1898 1079,1898 1053,1898 1027,1898 1002,1898 976,1898 950,1897 924,1897 898,1897 872,1896 847,1896"/>
                <Baseline points="847,1919 872,1919 898,1920 924,1920 950,1920 976,1921 1002,1921 1027,1921 1053,1921 1079,1921 1105,1921 1131,1921 1157,1921 1182,1921 1208,1922 1234,1922 1260,1922 1286,1923 1312,1923 1338,1924"/>
                <TextEquiv>
                    <Unicode>salió, y á poca distancia,</Unicode>
                </TextEquiv>
            </TextLine>
            <TextLine id="r_7_1l7" custom="readingOrder {index:6;}">
                <Coords points="850,1980 875,1980 900,1980 925,1979 951,1979 976,1979 1001,1979 1027,1980 1052,1980 1077,1980 1103,1980 1128,1980 1153,1980 1179,1981 1204,1981 1229,1982 1255,1982 1280,1983 1305,1984 1331,1985 1331,1951 1305,1950 1280,1949 1255,1948 1229,1948 1204,1947 1179,1947 1153,1946 1128,1946 1103,1946 1077,1946 1052,1946 1027,1946 1001,1945 976,1945 951,1945 925,1945 900,1946 875,1946 850,1946"/>
                <Baseline points="850,1969 875,1969 900,1969 925,1968 951,1968 976,1968 1001,1968 1027,1969 1052,1969 1077,1969 1103,1969 1128,1969 1153,1969 1179,1970 1204,1970 1229,1971 1255,1971 1280,1972 1305,1973 1331,1974"/>
                <TextEquiv>
                    <Unicode>al revolver una esquina,</Unicode>
                </TextEquiv>
            </TextLine>
            <TextLine id="r_7_1l8" custom="readingOrder {index:7;}">
                <Coords points="848,2028 873,2028 899,2028 925,2028 950,2028 976,2028 1002,2028 1027,2028 1053,2028 1079,2029 1104,2029 1130,2029 1156,2030 1181,2030 1207,2030 1233,2031 1258,2031 1284,2032 1310,2032 1336,2032 1336,1998 1310,1998 1284,1998 1258,1997 1233,1997 1207,1996 1181,1996 1156,1996 1130,1995 1104,1995 1079,1995 1053,1994 1027,1994 1002,1994 976,1994 950,1994 925,1994 899,1994 873,1994 848,1994"/>
                <Baseline points="848,2017 873,2017 899,2017 925,2017 950,2017 976,2017 1002,2017 1027,2017 1053,2017 1079,2018 1104,2018 1130,2018 1156,2019 1181,2019 1207,2019 1233,2020 1258,2020 1284,2021 1310,2021 1336,2021"/>
                <TextEquiv>
                    <Unicode>encontró con una dama,</Unicode>
                </TextEquiv>
            </TextLine>
            <TextLine id="r_7_1l9" custom="readingOrder {index:8;}">
                <Coords points="849,2075 874,2075 899,2076 925,2077 950,2077 976,2078 1001,2078 1027,2078 1052,2078 1078,2078 1103,2078 1128,2078 1154,2078 1179,2078 1205,2078 1230,2079 1256,2079 1281,2080 1307,2080 1332,2081 1358,2082 1358,2048 1332,2047 1307,2046 1281,2046 1256,2045 1230,2045 1205,2044 1179,2044 1154,2044 1128,2044 1103,2044 1078,2044 1052,2044 1027,2044 1001,2044 976,2044 950,2043 925,2043 899,2042 874,2041 849,2041"/>
                <Baseline points="849,2064 874,2064 899,2065 925,2066 950,2066 976,2067 1001,2067 1027,2067 1052,2067 1078,2067 1103,2067 1128,2067 1154,2067 1179,2067 1205,2067 1230,2068 1256,2068 1281,2069 1307,2069 1332,2070 1358,2071"/>
                <TextEquiv>
                    <Unicode>hermosa, cuanto discreta,</Unicode>
                </TextEquiv>
            </TextLine>
            <TextLine id="r_7_1l10" custom="readingOrder {index:9;}">
                <Coords points="856,2124 883,2124 910,2125 937,2125 964,2125 992,2125 1019,2126 1046,2126 1073,2126 1100,2126 1128,2126 1155,2127 1182,2127 1209,2127 1236,2128 1264,2128 1291,2129 1318,2129 1345,2130 1372,2131 1400,2131 1400,2097 1372,2097 1345,2096 1318,2095 1291,2095 1264,2094 1236,2094 1209,2093 1182,2093 1155,2093 1128,2092 1100,2092 1073,2092 1046,2092 1019,2092 992,2091 964,2091 937,2091 910,2091 883,2090 856,2090"/>
                <Baseline points="856,2113 883,2113 910,2114 937,2114 964,2114 992,2114 1019,2115 1046,2115 1073,2115 1100,2115 1128,2115 1155,2116 1182,2116 1209,2116 1236,2117 1264,2117 1291,2118 1318,2118 1345,2119 1372,2120 1400,2120"/>
                <TextEquiv>
                    <Unicode>muy compuesta y adornada,</Unicode>
                </TextEquiv>
            </TextLine>
            <TextLine id="r_7_1l11" custom="readingOrder {index:10;}">
                <Coords points="853,2171 878,2172 903,2173 928,2175 954,2175 979,2176 1004,2176 1030,2176 1055,2176 1080,2176 1106,2176 1131,2176 1156,2176 1182,2176 1207,2177 1232,2178 1258,2179 1258,2145 1232,2144 1207,2143 1182,2142 1156,2142 1131,2142 1106,2142 1080,2142 1055,2142 1030,2142 1004,2142 979,2142 954,2141 928,2141 903,2139 878,2138 853,2137"/>
                <Baseline points="853,2160 878,2161 903,2162 928,2164 954,2164 979,2165 1004,2165 1030,2165 1055,2165 1080,2165 1106,2165 1131,2165 1156,2165 1182,2165 1207,2166 1232,2167 1258,2168"/>
                <TextEquiv>
                    <Unicode>y una criada detrás,</Unicode>
                </TextEquiv>
            </TextLine>
            <TextLine id="r_7_1l12" custom="readingOrder {index:11;}">
                <Coords points="858,2222 885,2223 913,2223 941,2223 969,2224 997,2224 1024,2224 1052,2224 1080,2224 1108,2224 1136,2225 1163,2225 1191,2225 1219,2225 1247,2226 1275,2226 1302,2226 1330,2227 1358,2227 1386,2228 1414,2229 1414,2195 1386,2194 1358,2193 1330,2193 1302,2192 1275,2192 1247,2192 1219,2191 1191,2191 1163,2191 1136,2191 1108,2190 1080,2190 1052,2190 1024,2190 997,2190 969,2190 941,2189 913,2189 885,2189 858,2188"/>
                <Baseline points="858,2211 885,2212 913,2212 941,2212 969,2213 997,2213 1024,2213 1052,2213 1080,2213 1108,2213 1136,2214 1163,2214 1191,2214 1219,2214 1247,2215 1275,2215 1302,2215 1330,2216 1358,2216 1386,2217 1414,2218"/>
                <TextEquiv>
                    <Unicode>que á esta señora acompaña;</Unicode>
                </TextEquiv>
            </TextLine>
            <TextLine id="r_7_1l13" custom="readingOrder {index:12;}">
                <Coords points="857,2271 882,2271 908,2272 934,2272 960,2273 986,2273 1012,2273 1038,2274 1064,2274 1090,2274 1115,2274 1141,2274 1167,2274 1193,2274 1219,2274 1245,2275 1271,2275 1297,2275 1323,2275 1323,2241 1297,2241 1271,2241 1245,2241 1219,2240 1193,2240 1167,2240 1141,2240 1115,2240 1090,2240 1064,2240 1038,2240 1012,2239 986,2239 960,2239 934,2238 908,2238 882,2237 857,2237"/>
                <Baseline points="857,2260 882,2260 908,2261 934,2261 960,2262 986,2262 1012,2262 1038,2263 1064,2263 1090,2263 1115,2263 1141,2263 1167,2263 1193,2263 1219,2263 1245,2264 1271,2264 1297,2264 1323,2264"/>
                <TextEquiv>
                    <Unicode>llegándose al caballero,</Unicode>
                </TextEquiv>
            </TextLine>
            <TextLine id="r_7_1l14" custom="readingOrder {index:13;}">
                <Coords points="857,2319 882,2320 907,2321 932,2321 958,2322 983,2322 1008,2323 1034,2323 1059,2323 1084,2324 1110,2324 1135,2324 1160,2325 1185,2325 1211,2325 1236,2325 1261,2324 1287,2324 1312,2324 1337,2323 1363,2323 1363,2289 1337,2289 1312,2290 1287,2290 1261,2290 1236,2291 1211,2291 1185,2291 1160,2291 1135,2290 1110,2290 1084,2290 1059,2289 1034,2289 1008,2289 983,2288 958,2288 932,2287 907,2287 882,2286 857,2285"/>
                <Baseline points="857,2308 882,2309 907,2310 932,2310 958,2311 983,2311 1008,2312 1034,2312 1059,2312 1084,2313 1110,2313 1135,2313 1160,2314 1185,2314 1211,2314 1236,2314 1261,2313 1287,2313 1312,2313 1337,2312 1363,2312"/>
                <TextEquiv>
                    <Unicode>le dice aquestas palabras:</Unicode>
                </TextEquiv>
            </TextLine>
            <TextEquiv>
                <Unicode>y por el pleito ser largo,
ha tomado asiento y casa.
Jueves Santo por la tarde,
con un criado en compaña
á visitar las Iglesias
salió, y á poca distancia,
al revolver una esquina,
encontró con una dama,
hermosa, cuanto discreta,
muy compuesta y adornada,
y una criada detrás,
que á esta señora acompaña;
llegándose al caballero,
le dice aquestas palabras:</Unicode>
            </TextEquiv>
        </TextRegion>
        <GraphicRegion id="Graphic_1606839881544_5521" custom="readingOrder {index:6;}">
            <Coords points="303,316 658,316 658,988 303,988"/>
        </GraphicRegion>
        <GraphicRegion id="Graphic_1606839885963_5525" custom="readingOrder {index:7;}">
            <Coords points="689,237 1002,237 1002,983 689,983"/>
        </GraphicRegion>
        <GraphicRegion id="Graphic_1606839891120_5529" custom="readingOrder {index:8;}">
            <Coords points="1018,227 1377,222 1377,993 1018,998"/>
        </GraphicRegion>
    </Page>
</PcGts>
