1684 2416
248 241 860 277 dondo halló un par de pistolas:
243 291 805 329 pasmado quedo, al mirarlas,
246 340 744 374 porque al instante pensó,
251 388 865 424 que su amo en aprieto se halla.
249 435 677 470 Salió á la calle ligero
250 484 740 522 cargado de todas armas;
249 533 750 570 encontró con un soldado,
248 581 758 616 que era grande camarada
249 630 787 665 de su amo, y le dió cuenta
251 679 702 714 de todo lo que le pasa.
252 726 783 764 Se partieron los dos juntos
252 776 886 811 donde está el cuerpo de guardia.
244 824 780 861 Dieron cuenta á su oficial,
246 872 760 910 el cual al instante manda,
248 923 773 959 que vayan diez granaderos
250 971 656 1006 con bayoneta calada.
248 1018 702 1055 Todos á la casa llegan
252 1067 786 1104 el criado á la puerta llama,
248 1115 688 1154 bajó la criada abrirle,
248 1164 780 1201 y así que abre, la agarran,
248 1212 676 1249 diciendo: calla, si no,
252 1260 752 1299 la muerte tienes cercana,
253 1311 713 1348 y asi con grande sigilo,
244 1360 688 1396 todos suben á la sala,
243 1407 758 1443 si no dos que se quedaron
251 1456 674 1491 abajo de retaguardia.
252 1504 716 1540 Entran á tiempo que ya
252 1553 712 1590 aquella infame canalla,
251 1602 688 1637 al pobre del caballero
243 1650 712 1687 las manos atras atadas,
243 1698 738 1735 tendido en el duro suelo
248 1747 682 1782 lo tenian y esperaban
252 1795 710 1832 á que el criado viniese,
257 1846 725 1882 para que le acompañara
255 1894 788 1928 en la muerte, y al instante
251 1942 668 1980 con valentia bizarra,
247 1989 758 2028 se arrojan los granaderos,
246 2038 750 2075 sin darles pié de ventaja.
254 2088 740 2124 A todos tres aprisionan,
251 2137 743 2172 tambien á la falsa dama:
250 2184 686 2227 soltaron al caballero,
936 190 966 226 4
960 239 1564 278 que á todos les dió las gracias.
956 288 1448 325 Empiezan luego á mirar
960 337 1456 374 todos los cuartos y salas,
964 384 1504 426 por ver si habia mas gente;
964 432 1482 471 pero no encontraron nada.
959 480 1511 519 Solo encuentran una puerta
958 531 1490 571 con dos candados cerrada;
962 579 1520 618 les piden que dén las llaves,
961 627 1503 664 y ellos por respuesta daban
967 676 1558 714 que no se manda aquel cuarto;
967 724 1448 761 que es de la vecina casa.
958 772 1472 812 Los candados arrancaron,
966 820 1522 862 y al suelo la puerta echada,
966 869 1480 906 todos se quedan confusos.
960 918 1528 955 viendo lo que dentro hallan:
967 967 1494 1003 pues es cosa que horroriza
964 1016 1428 1055 solamente de contarla,
964 1064 1382 1099 en tres artesas tenian
964 1112 1428 1147 cubiertos de sal y agua
960 1160 1466 1197 á seis racionales cuerpos:
966 1210 1486 1246 y mirando bien la cuadra.
964 1259 1460 1293 encontraron de otros seis
955 1306 1408 1343 solamente las estátuas
959 1355 1408 1390 arrimadas á un rincon
963 1403 1426 1441 con una estera tapadas.
958 1453 1404 1490 A la justicia le avisan,
968 1501 1452 1540 y acuden con vigilancia,
962 1548 1456 1586 llevan á los reos presos,
966 1597 1490 1634 luego los señores mandan,
971 1646 1561 1683 que aquellos difuntos cuerpos
959 1695 1440 1732 se les dé tierra sagrada,
957 1745 1526 1783 y que á los reos los carguen
961 1795 1480 1828 de prisiones muy pesadas,
971 1841 1532 1877 donde esperen por instantes
971 1890 1481 1926 que se sustancie la causa.
968 1938 1430 1976 Con esto Muñoz ofrece,
962 1987 1504 2025 luego que esté sustanciada,
962 2034 1422 2074 y se ejecute el castigo,
975 2084 1430 2123 de daros relacion larga
968 2133 1414 2171 en otra segunda parte,
968 2182 1505 2220 podonando á este las faltas
649 2203 1255 2357 FIN DE LA PRIMERA PARTE.
