1765 2512
156 291 647 339 Tiene usted razon, señora,
149 340 575 391 y yo viéndome afligido,
155 388 607 433 que todos son contra mí,
151 433 637 479 me salí, y tomé el camino
161 484 635 526 de Antequera, donde estoy
156 530 555 574 bien curado y asistido
160 580 567 621 en este santo Hospital,
167 627 621 669 de mi esposa aborrecido.
884 271 1289 315 A Córdoba las noticias
891 318 1333 362 por estenso y por escrito
896 366 1297 409 las envié por un propio
894 416 1314 455 al autor José Francisco,
892 465 1300 502 el cual á todos suplica,
898 511 1277 551 con amor encarecido,
893 560 1293 599 no se fien de mujeres,
895 607 1299 651 que yo de ninguna fio
821 1546 924 1582 FIN.
689 2350 1055 2391 CARMONA:—1858.
290 2389 1461 2444 Imp. de D. José M, Moreno, calle Juan de la Cabra núm. 4.
