1737 2508
145 253 654 288 cuál te he de poner el cuajo,
151 301 608 336 que te crujá de este aliño!
152 348 576 385 Eran las mujeres cuatro,
144 393 562 430 y buscaron otras cinco.
145 442 638 478 Dió el reloj las dos y media,
156 489 547 525 y doña Elvira ha salido
150 537 542 574 á la puerta de la calle,
143 585 540 619 á ver si viene Cornillo.
154 631 556 668 Cuando vido que venia,
152 679 596 713 daba de contento brincos:
156 725 618 761 yo entendí que se alegraba
152 772 614 810 de que yo hubiese venido.
154 820 610 857 Pero apenas entré dentro,
155 868 616 904 entre todas me han cogido,
155 916 625 951 me ataron de piés y manos
151 964 545 999 con lazos escurridizos,
157 1009 504 1045 y dijo doña Marina:
160 1057 556 1093 Señoras, silencio pido,
157 1105 596 1139 antes de echarle la ayuda
160 1151 597 1187 le han de dar un defensivo
155 1198 556 1235 de palos, con una vara
160 1247 634 1282 los lomos me ban rebatido.
156 1293 674 1328 Pusiéronme el culo en percha,
152 1339 712 1377 ó en dos veces que es lo mismo,
153 1387 541 1425 y haciendo la puntería
155 1434 527 1473 por el trasero postigo,
151 1482 630 1521 sin que se pierda una gota,
155 1531 546 1565 entrar adentro le hizo,
158 1577 590 1615 diciendo, nadie le suelte,
156 1625 588 1661 que otra le cabe por fijo.
165 1672 628 1708 Y mientras le fué á cargar,
154 1720 570 1755 no pudiendo yo sufrirlo
155 1768 682 1802 empecé á echar de este cuerpo
158 1815 604 1851 mas pasas y mas pestiños,
157 1862 662 1897 que pueden cargar dos futres
156 1909 600 1945 de Francia recien venidos.
158 1957 625 1995 Entonces me dieron suelta,
153 2005 564 2039 y doña Elvira ha salido
154 2052 626 2087 con un cuchillo en la mano
152 2099 605 2135 detrás de mi dando gritos,
155 2146 547 2182 diciendo: Atajen á ese
153 2194 690 2229 que me ha hurtado un vestido,
151 2241 628 2276 Uno me quiso echar mano,
151 2289 535 2324 y le alcanzó tal rocío,
156 2339 625 2381 que por poco queda cieg»,
885 240 1365 284 aunque en un rato no vido,
888 291 1309 331 sin poderme dar alcance,
885 339 1341 377 en fin al campo he salido,
882 387 1280 424 y como el ojo de atrás
888 433 1361 471 me iba echando fuego vivo,
882 481 1375 520 fuí á refregarme en la tierra,
886 529 1313 568 á tiempo de que acogido
884 577 1304 615 estaba en su madriguera
886 623 1313 662 un lagarto, que aturdido
888 672 1367 709 con el hedor salió huyendo,
883 718 1394 757 y se me entró en el hondillo,
890 767 1384 804 donde me agarró un bocado,
891 814 1279 851 dí desatinado un grito.
883 859 1339 899 Empecé á correr de nuevo
888 909 1376 947 mas recio que un torbellino,
883 957 1350 994 y al pasar por una huerta,
891 1004 1361 1041 dos perros á mi han salido,
892 1051 1347 1088 y por defenderme de ellos
892 1097 1288 1135 dí de cabeza en un silo
889 1145 1329 1183 que estaba lleno de agua,
896 1192 1414 1230 que á no haber presto acudido
892 1241 1374 1277 los hortelaños, me ahogára;
896 1286 1311 1325 pero me sirvió de alivio.
896 1334 1355 1372 porque me soltó el lagarto:
892 1382 1335 1420 sacáronme, y compasivos
891 1429 1283 1467 á mi casa me llevaron.
897 1477 1353 1515 Cuando mi mujer me vido
896 1525 1315 1563 de esta manera, me dice
890 1572 1316 1609 con un modo compasivo:
897 1620 1415 1656 Cornillo, qué es lo que traes?
901 1666 1403 1705 Qué es lo que te ha sucedido?
887 1715 1271 1752 Entonces le respondí:
896 1764 1392 1799 qué he de traer? mal herido.
889 1810 1349 1846 En dónde tienes la herida?
897 1859 1361 1894 Un lagarto me ha mordido
896 1907 1271 1941 en esta nalga derecha,
896 1954 1291 1990 y me tiene sin sentido.
889 2001 1316 2036 Ella indignada de verme
891 2049 1375 2084 tomó un palo, á mí se vino,
895 2097 1278 2131 y del primer garrotazo
894 2142 1423 2179 me descalabró, y me ha dicho :
887 2190 1439 2226 no hay quien á este hombre vil
894 2238 1375 2275 me lo ponga en un presidio,
895 2285 1339 2322 porque á mi casa se viene
899 2335 1324 2372 jeringado, y mal herido?
