1765 2512
174 275 636 311 por sú garbo y discrecion,
175 322 573 357 y su natural tan lindo.
181 367 574 403 Mi oficio es esquilador
182 415 574 453 de carneros y borricos,
167 464 647 503 y por la ocasion que estaba
176 511 570 545 algo perdido el oficio,
171 557 562 592 me ejercitaba despues
184 604 626 642 en ser guarda del soplillo,
175 653 535 690 y por cada cañutazo
178 701 650 738 tomaba un peso de limpio,
173 746 600 784 y asi nunca me faltaban
184 793 538 829 dineros en el bolsillo
173 841 638 881 para mis tragos corrientes,
173 889 627 925 y en mi casa el pucherillo.
178 935 622 975 Sucedió de que á Lucena,
180 982 592 1020 de la villa de Campillos
177 1029 570 1066 vinieron dos forasteros
177 1077 655 1117 de noche, y con gran sigilo
179 1126 627 1163 en casa de unas madamas
179 1173 600 1210 de esas de rodete altillo,
179 1220 642 1258 dos cargas en dos caballos
182 1268 562 1306 entran de tabaco fino,
174 1315 648 1354 y mientras lo despachaban,
180 1362 624 1400 el uno á Cabra se ha ido,
174 1410 656 1448 y otro se queda en Lucena,
179 1458 593 1493 para despachar el dicho
180 1506 681 1543 tabaco, y aunque lo hicieron
178 1553 632 1590 con secreto, lo he sabido,
177 1599 605 1638 y á mi mismo me decia:
175 1647 599 1686 Qué es lo que aguardas, Cornillo?
181 1696 626 1731 Anda á la administracion,
166 1741 633 1778 y á los guardas dá el aviso.
182 1788 530 1825 Púselo en ejecucion,
174 1836 700 1873 los cuales me han respondido,
176 1884 607 1921 que á punto fijo lo sepa,
171 1931 632 1966 y en habiendo presa asida
172 1978 578 2013 me pagarán mi soldada
171 2025 593 2059 en tejoletes blanquillos.
173 2072 621 2109 Desde allí partí de rémos
174 2120 494 2155 al palacio referido
181 2167 604 2202 de las señoras madamas,
179 2214 618 2249 sin darme por entendido,
184 2261 654 2296 donde encontré al forastero,
183 2308 609 2345 y una libra le he pedido
180 2358 580 2395 de tabaco de mañójos,
899 269 1314 307 y que se venga conmigo
902 318 1328 350 á casa de gente honrada,
901 363 1342 399 que no le vendrá peligro.
904 411 1396 446 Llevélo, en fin, á una casa,
905 457 1347 492 donde estaban prevenidos
900 504 1370 541 los guardas, y lo pescaron,
901 552 1381 588 y entre todos lo han cogido
903 597 1379 638 y á la cárcel lo han llevado
905 646 1350 682 en donde lo han detenido.
912 694 1334 729 Y á mi por la diligencia
912 741 1324 780 me dieron un doradillo;
915 789 1319 824 pero me costó mas caro,
911 836 1339 871 que el aceite de Aparicio
911 883 1411 917 Despues con buenos empeños
907 930 1271 966 el forastero ha salido
907 979 1268 1013 de la cárcel, y se fué
905 1026 1310 1061 á la villa de Campillos:
914 1072 1347 1109 las damas me la juraron,
903 1120 1429 1161 y al cabo de un mes cumplido
911 1168 1313 1203 en la plaza doña Elvira
912 1214 1381 1251 me encontró, y asi me dijo
908 1263 1301 1300 con palabras cariñosas:
907 1310 1362 1345 Oyes, Sancho, oyes hijo,
909 1357 1370 1393 mu a que quiero que vaya.
904 1405 1358 1441 á mi casa, que es preciso,
911 1452 1351 1487 me esquilár as un carnero,
912 1499 1310 1535 Y sacando del bolsillo,
907 1545 1377 1582 me dijo : toma esos cuartos
915 1593 1387 1630 para que eches un cuartillo,
905 1644 1359 1679 y á visperas te esperamos,
903 1690 1312 1723 que vayas á punto fijo.
916 1738 1294 1772 Y le dije: Mi s ñora,
907 1784 1314 1819 mi deseo es el serviros.
911 1829 1327 1866 Y doña Elvira á su casa
909 1877 1360 1916 se fué, y luego al proviso
912 1926 1344 1963 machacó dos morteradas,
909 1973 1349 2010 y las echó en un lebrillo,
917 2020 1333 2057 de ajos, y de pimientos
911 2068 1360 2105 de aquellos de largo pico,
907 2114 1341 2152 con pólvora y sal molida
909 2161 1401 2200 con mostaza y con cominos,
906 2208 1357 2246 de suerte que ya de caldo
909 2256 1305 2294 se rebosaba el lebrillo,
911 2304 1437 2342 y mientras lo estaba haciendo,
916 2353 1360 2390 decia : ah pobre Cornillo,
