1765 2512
212 143 232 174 2
103 183 616 217 Cuando un prisionero tuyo
108 227 525 262 ha venido á mi poder
106 270 636 307 lo primero que he mandado
113 314 551 350 que se le dé de comer.
115 358 641 393 Los que tu has cogido mios,
112 403 548 437 infelices, desgraciados,
107 446 672 481 que entre los bárbaros moros
115 490 529 524 han sido sacrificados.
111 534 617 569 Mira, moro, que me tienes
112 580 540 614 traspasado el corazon,
121 622 632 657 que me ha tenido sin sueño
109 667 559 700 tu mala comportacion.
103 711 585 745 Acuerdate que en Melilla
112 756 640 789 un Provincial degollaste....
104 799 568 833 si el cielo me diera alas
111 846 636 877 me hallaría en todas partes.
107 888 542 920 No se comerá la tierra
112 933 640 966 las lágrimas de las madres,
114 975 650 1009 que en aquel caso quedaron
115 1019 601 1053 muchos hijitos sin padre.
117 1061 635 1097 Vente conmigo á los llanos
123 1107 615 1142 y el Inglés que te habilíta,
125 1150 624 1185 verás la fuerza que manda
115 1197 559 1232 la armada de Isabelita.
117 1239 629 1276 Dicen que somos cobardes
115 1284 629 1326 y que no somos guerreros.
121 1330 516 1364 el ablar á discrecion
128 1373 536 1407 es medida sin rasero.
122 1418 572 1452 El te dió las bayonetas,
136 1461 558 1496 pólvora y comestibles,
125 1506 639 1542 y tambien te dió á la mano
131 1549 605 1584 piezas del mayor calibre.
123 1593 575 1628 No habia de mirar mas
140 1636 690 1671 que lo he sentado á mi mesa,
121 1681 635 1718 y me ha cargado á la oreja
135 1725 623 1758 como los perros de presa.
127 1770 593 1804 En el golfo de la guerra
137 1814 536 1846 una deuda me pidió,
131 1857 571 1895 y apenas vino la orden
137 1903 514 1935 al punto se la pagó.
135 1947 598 1978 Tuvo presente el adagio
135 1990 587 2022 como dice el resentido:
138 2034 626 2067 Todo el mundo corta leña
135 2078 601 2111 del árbol que está caido.
140 2122 648 2154 Entre los pobres mendigos
137 2167 734 2199 que tiene España en su centro,
135 2210 627 2244 Juntan cuarenta millones
141 2254 724 2288 para pagarle á un hambriento.
146 2299 700 2332 Vaya el ingles muy con Dios,
836 178 1254 211 lo mismo te digo á tí,
831 218 1365 254 que componeis dos canallas
839 266 1252 298 uno y otro contra mi.
831 309 1371 342 Mi cuerpo se me estremece,
833 352 1324 387 no puedo tener consuelo,
837 395 1374 430 no he visto en ti una partida
846 441 1246 474 que sea de caballero.
837 482 1331 517 Estando en misa los mios
840 528 1350 562 con los tuyos me cargastes,
849 573 1251 609 ¿Como tuvistes valor
843 615 1335 650 estando Dios por delante?
843 660 1375 694 La suerte que tu has tenido,
847 701 1355 740 y asi lo puedes decir,
847 744 1405 783 que te han quedado soldados
843 791 1255 829 por ser hijos del pais.
843 833 1423 873 ¡Cuantos has matado mios
840 876 1458 914 que han muerto por su desgraci a
851 920 1357 958 porque le han perturbado
851 961 1462 1001 las vendas de la ignorancia.
855 1009 1407 1046 En fin, moro, ¿que me pides?
1131 1054 1249 1089 Moro.
927 1097 1365 1134 Cristiano, tranquilidad,
851 1143 1369 1180 que ya no tenemos fuerzas,
861 1189 1219 1223 acierto ni agílidad.
1109 1232 1297 1265 Cristiano.
918 1273 1434 1311 Moro, cuanto tu me pides
866 1320 1305 1355 lo hago de buena gana,
868 1362 1309 1398 aguarda que le dé parte
863 1408 1260 1442 á mi reina soberana.
869 1452 1287 1485 Te devuelvo á Tetuan
863 1497 1313 1533 y tierras de pán y pasto,
862 1542 1230 1574 nada necesito tuyo
861 1582 1349 1619 en pagandome los gastos.
863 1626 1391 1662 Sí mi augusta condesciende
860 1673 1266 1706 sujeto mis batayones,
868 1717 1309 1750 si te conformas al pago
863 1759 1360 1796 de cuatrocientos millones.
1153 1804 1265 1838 Moro,
936 1846 1388 1884 Deja que pase la noche
869 1892 1225 1927 y mi cuenta tiraré,
865 1936 1330 1971 à ver lo que resolvemos
871 1981 1241 2023 y yo te responderé.
1125 2024 1322 2058 Cristiano.
935 2069 1422 2102 En no viniendo á las seis
867 2112 1366 2148 á las faldas de esta sierra,
875 2156 1395 2193 pongo en facha los rayados
873 2202 1345 2241 y Tanger cae por tierra.
938 2287 1439 2324 Amaneció el dia siguiente
