1777 2570
354 201 800 239 y con cachaza tolera
349 251 986 286 el empujon, pues no es nuevo
355 298 910 336 dar tropezones con bestias.
299 347 989 385 Bart. Ya se ve, y como que un
357 390 526 428 hombre
356 440 944 484 cada instante las encuentra...
306 486 940 530 Ped. Los bestias lo serán ellos.
305 537 961 580 Ant. Bien claro lo manifiestan,
362 589 894 622 pues están cubiertos aun
358 635 870 670 de la lana de su tierra
305 680 917 723 Bart. No habrá pocos por acá
350 730 914 772 que lleven bellon acuestas,
363 779 874 820 por jartarse de bellones;
356 828 895 869 á fuerza de su paciencia.
308 877 961 915 Ant. Por fin, andaluces brutos.
309 926 938 965 Bart. Tampoco de esa cosecha
351 973 817 1013 abunda aquí, ya se ve,
357 1023 975 1061 sino hay ni un bruto siquíera
356 1070 847 1109 en este pais, jasta los
362 1119 912 1159 mayorazgos saben cuentas.
295 1167 866 1207 Ped. Dejadlo para quien es.
295 1215 941 1257 Ant. El demonio del postema!
505 1263 791 1301 Vanse los dos.
305 1313 917 1352 Bart. En esta calle sin duda
305 1363 825 1398 vivirá, segun las señas
357 1410 887 1447 que me dieron en la villa:
288 1459 982 1499 sabes leer? Pasc. Algunas letras.
305 1507 986 1549 Bart. Pues lee este sobre escrito,
349 1554 891 1598 por si acertamos con ella.
305 1604 751 1644 Pasc. Dice.... dice....
308 1652 738 1690 Bart. Anda adelante.
301 1702 959 1742 Pasc. Ten un poco de paciencia:
347 1748 657 1788 dice....dice....
295 1798 741 1836 Bart. Acaba el dice:
349 1846 838 1886 mala vívora te muerda!
347 1896 837 1933 si así loes, yo discurro.
349 1944 939 1985 que en diez semanas y media
355 1992 778 2028 no acabarás de leer
351 2042 869 2081 lo que las letras enseñan.
1571 161 1588 197 3
1031 204 1713 247 Pasc. Yo no se leermas corriendo.
1027 253 1671 295 Bart. Un tabardillo á cualqiera
1082 301 1616 340 puedes dar con tu letura:
1083 349 1616 388 vamos, y no gastes flema:
1085 398 1577 436 acaba con mil diantres.
1039 445 1473 484 Pasc. Dice....dice....
1036 493 1538 534 Bart. Anda à la escuela,
1084 542 1599 582 y al bruto que te enseñó
1080 588 1638 632 que te vuelva las monedas.
1088 637 1598 676 Habrá bestia semejante!.
1092 688 1708 729 dice... dice... en mi conciencia
1090 737 1654 780 que yo soy muy mal letor,
1077 784 1675 826 y me atrevo á leer quinietas
1090 833 1597 873 veces, aun mejor que tú.
1035 881 1643 921 Pasc. Ya que tanto yociferas,
1087 930 1687 971 léela tú. Bart. Pues ya se ve:
1083 978 1628 1021 es menester tanta ciencia?
1041 1028 1415 1063 Pasc. Pues vaya..
1034 1075 1527 1115 Bart. Atiende, salvage:
1079 1125 1714 1165 aquí dice.. dice... Pasc: Bueno!
1091 1173 1673 1213 qué es lo que dice la carta?
1040 1220 1713 1265 Bort: Si no conozco las letras....
1085 1270 1718 1313 mas calla;aquí viene un hombre,
1086 1318 1667 1361 si no me mienten las señas.
1203 1368 1548 1405 Sale un Hombre.
1036 1415 1718 1454 Hom. Muy tardees yestoy muy léjos
1039 1464 1725 1505 Pasc. Pues que se ha pasadollega:
1037 1513 1647 1556 Bart. Escuche osté, caballero,
1083 1565 1646 1602 (y perdone la imprudencia)
1077 1611 1422 1643 sabe usted leer?
1034 1656 1479 1700 Homb. Qué preguntal
1081 1706 1408 1744 no he de saber?
1027 1755 1392 1793 Bart. De manera,
1088 1804 1603 1847 que como otros no saben,
1077 1854 1497 1892 no seria cosa nueva.
1035 1902 1719 1942 Homb. Qué hombre no sabe leer?
1037 1952 1727 1992 Bart. Yo soy uno, y á la escuela
1075 1998 1605 2041 anduve mas de seis años.
1035 2049 1692 2091 Homb. Amigo, yo voy de priesa:
