1777 2570
343 314 855 352 lo ves? yo tengo la culpa
333 362 853 401 en dar la carta: paciencia!
345 411 966 454 con que nos vamos? Cuar. Sra..
340 459 930 499 mientras que la hora se llega
335 508 925 546 de que vamos al teatro
346 557 821 596 tómelo usted por fiesta,
348 604 930 637 y divirtámonos en
340 650 819 690 oirles cuatro simplezas.
297 697 944 742 Grac. No dices mal; y decidme...
343 744 900 786 pero quién anda allá fuera?
287 794 959 838 Salen Don Pedro y Don Antonio.
288 842 925 885 Ped. Madama, si usted permite
334 890 677 932 que mi amigo...
298 939 662 978 Grac. Se interesa
340 988 871 1030 mi afecto en corresponder
336 1034 864 1078 á quien urbano se precia
339 1084 740 1128 así de favorecerme,
339 1133 844 1173 sin otro fin que la buena
339 1182 777 1218 politica de mostrarse
342 1228 828 1271 mi apasionado de veras.
290 1278 964 1322 Los 2.Favor conquenos honramos.
294 1326 967 1370 Grae. Ya Sres:, que se encuentran
343 1375 849 1416 en esta ocasion, sentarse,
343 1422 965 1469 y vereis cosa muy buena. Siént.
293 1471 921 1516 Bart. Oyes, estos son los dos...
284 1518 737 1561 Pasc. Ya los conozco.
294 1566 602 1608 Grac. Pues. ea,
335 1616 860 1661 como iba diciendo, amigo,
335 1663 823 1707 vos en aquesta tragedia
334 1712 926 1759 que se hace en vuestro lugar
337 1759 683 1800 qué papel haceis?
288 1809 703 1849 Bart. ¡No es buena
336 1858 882 1902 la pregunta! pues mi cara,
329 1901 919 1955 y esta mi hermosa presencia,
336 1952 867 1997 no están diciendo que yo
332 2003 805 2042 haré la Dama primera?
288 2048 862 2094 Grac. Si no suelto yo la risa,
335 2097 932 2146 será un milagro. En comedia
330 2147 829 2191 habeis entrado otra vez?
1627 267 1667 310 7.
1025 321 1656 362 Bart. Sí señora: en las Cantelas
1065 370 1595 411 hice uno de los que salen
1075 416 1610 463 cuando prenden á la reina,
1073 465 1513 505 como no tenia versos,
1071 513 1609 556 no equivoqué ni una letra;
1069 559 1624 606 yo no hablé ni una palabra;
1069 609 1607 651 pero se movió tal gresca
1064 658 1584 702 al verme salir, que todos
1071 709 1588 750 aplaudieron mi presencia.
1022 756 1696 800 G. Pues los principios son buenos,
1020 804 1555 844 Bart. Por eso la diligencia
1069 856 1628 893 me encargaron, conociendo
1072 902 1656 940 que era propio para ella.
1017 950 1649 990 Grac. Ciertamente: ¿y el señor
1067 1000 1663 1039 no hace papel? Bart. Deletrea
1063 1047 1655 1089 un poco, con que es forzoso
1066 1096 1643 1134 que él apunte la tragedia.
1015 1145 1661 1185 Grac. Será una funcion famosa;
1065 1193 1645 1233 cómo titula? Bárt. De veras
1071 1241 1689 1285 que no me acuerdo; se llama...
1059 1291 1601 1333 se me perturba la lengua;
1059 1339 1587 1379 el Mártes... Martes... así
1071 1387 1470 1428 una cosa como esta.
1019 1434 1555 1478 Grac. El Mitridates direis
1013 1483 1651 1526 Bart. Esos términos que suenan
1055 1532 1519 1575 á orate frates, señora,
1059 1581 1533 1623 no son para mi cabeza.
1019 1628 1563 1670 Grac. Cabalmente la tenia!
1067 1678 1587 1721 por casualidad en la mesa
1065 1729 1499 1766 la tragedia que decis;
1064 1775 1562 1818 haremos un paso de ella;
1065 1823 1524 1866 usted póngase de pies,
1069 1870 1558 1916 y con la presencia recta
1060 1921 1493 1962 haga lo que yo diré,
1071 1966 1529 2012 para ver como le pega,
1008 2015 1687 2063 Pónese Bartolo en figura ridicula;
1038 2066 1667 2111 la Graciosa representa trágico;
1136 2116 1568 2158 y él la quiere imitar.
1009 2162 1642 2211 Bart. Eche usted por esa boca.
