1758 2570
347 161 381 195 4
235 203 910 245 qué se ofrece, vaya. Bart. Solo
280 256 724 293 me diga la carta esta
280 302 908 342 á quién viene? Homb. Dice así:
236 353 602 389 Lec: A la Señora
283 400 780 437 comica de las comedias.
229 448 909 487 BarLAprende á leer, gransalvage.
238 499 881 536 Pasc. Pues está buena la fiesta,
281 545 655 581 y lee peor que yo:
235 594 910 631 Bart. Sise me embrolla la lengua.
244 644 909 680 Homb. En aquellacasa vive. vase
241 691 769 728 Bart. Agradezco la fineza.
284 739 864 775 Allá voy con alma y cuerpo:
288 787 823 823 Dios nos la depare buena:
285 837 806 873 la puerta abierta se mira;
287 886 912 921 Pascual, sube la escalera. vase.
238 931 912 971 Mutacion de salon con sillas, me-
232 983 911 1021 sa y una comedia encima de ella,
296 1031 858 1068 y salen por la izquierda la
375 1081 771 1117 Graciosa y Cuarta.
234 1128 910 1167 Grac Haz que todo esté dispuesto,
297 1177 914 1213 porque esta tarde hay tragedia,
287 1223 879 1261 y me he de ir muy temprano.
248 1273 839 1312 Cuar. Usted recelo no tenga,
289 1322 917 1359 quetodolo tendrá pronto. Llam.
252 1371 919 1410 Grac. Llamando están á la puerta:
293 1420 595 1456 mira quién es.
243 1469 685 1505 Cuar. Voy corriendo.
813 1465 920 1502 vase.
250 1516 878 1555 Grac. El sastre me desespera;
293 1565 793 1602 si el vestido no me trae,
296 1616 825 1650 le he de romper la cabeza.
380 1659 806 1698 Sale Cuarta..
249 1710 920 1749 Cuart. Señora, un payo andaluz,
296 1758 885 1797 con otro, dice que es fuerza
293 1810 649 1845 hablar con usted.
250 1859 554 1893 Grac. No dice
297 1905 521 1941 quién son?
241 1955 871 1992 Cuart. No Señora; y se entran
300 2004 843 2041 sin aguardar que les digan
297 2054 588 2091 que lo hagan.
958 188 1544 242 Grac. Pues es bueña:
1000 241 1554 289 política: dí que aguarden.
960 296 1635 337 Cuar. Ya se han entradoenlapieza.
955 344 1564 385 Salen Bartolo y Pascual.
956 392 1613 434 Bart. Se puede entrar, señorita,
1006 440 1631 481 si es que ustednos dá licencia?
961 491 1607 529 Grac. Para qué la quiere usted,
1008 537 1612 577 si ya se ha entrado sin ella?
959 587 1635 628 B. No gaste usted cumplimientos.
970 636 1619 677 Grac. Es una gran desvergüenza
1017 686 1412 725 entrarse sin avisar:
1009 733 1463 772 si por acaso estuviera
1014 778 1495 818 en camisa, era decente
1020 826 1562 867 que ustedes así me vieran?
1013 875 1564 917 En la antesala se aguarda.
969 923 1607 965 Bart. Señorita, allá en mi tierra
1003 972 1551 1014 ni ante-sala, ni antesalcoba
1008 1021 1558 1062 hay: el que llama, se entra:
1006 1070 1567 1111 si los encuentra en camisa,
1022 1117 1504 1161 vuelve la cara, y espera
1017 1170 1594 1210 á que se pongan las naguas;
1016 1216 1442 1259 y si no de la manera
1023 1267 1562 1308 que los halla da el recado,
1018 1310 1580 1356 y se vuelve puerta afuera.
973 1356 1639 1406 Grac. Vaya qué es lo que V quiere?
1029 1407 1574 1452 qué se ofrece, ó qué desea?
966 1455 1648 1503 Bart. Mire usted, estoy cansado:
1018 1507 1431 1549 tomaré yo la silleta,
1024 1553 1551 1598 y me asentaré: jorrio, tú?
1011 1601 1548 1645 siéntate con convenencia.
978 1649 1644 1697 Grac. Se podrán ver otros modos?
1027 1698 1623 1743 el hombre es bruto de veras:
1023 1747 1531 1792 la cortedad me dá gusto.
973 1795 1643 1842 Bart. Siéntese usted sin molestia,
1025 1843 1593 1890 que yo vengo muy despacio.
974 1894 1619 1939 Pasc. Qué linda es la casa esta!
980 1943 1611 1988 Grac. Vaya, despáchese y diga
1026 1990 1534 2037 quién es y con ligereza,
1025 2041 1553 2087 loque buscan en mi casa.
