1777 2570
330 176 997 225 Bart. No se ofenda V.; paciencia.
389 226 959 275 Qué calor que hace, Pascual.
379 274 940 322 Haga usted que la doncella
386 322 933 369 (si acaso lo es de esta casa
378 371 996 417 la niña que está en presencia)
385 422 876 463 nos saque de refrescar,
386 472 886 513 pues la calor nos marea;
395 516 1009 562 y tome usté estos tres cuartos,
398 564 939 611 y si hay cerca una taberna,
395 611 921 656 que me traigan un porron
397 658 931 703 de vino, pues me refresca.
344 708 1012 755 Pasc. Que vayan luego al instante.
347 758 974 803 Grac. Se podrá ver tal llaneza!
344 807 1020 854 Bart.Comosoy, que es como unoro
388 856 882 901 la cómica de comedias.
339 906 930 952 Pasc. Mejor que la Boticaria,
378 953 901 997 la Médica y la Alcaldesa.
350 1000 1020 1047 Grac. A que llamo quien á palos
396 1049 908 1094 los eche la puerta afuera,
396 1099 907 1143 llenándolos de estacazos?
344 1147 901 1192 Bart. En ese caso no fuera
398 1195 929 1237 yo el que mas pocos daría,
404 1243 962 1286 porque tengo mucha fuerza.
349 1292 1017 1335 Grac. Quién son, y que es lo que
399 1344 580 1383 quieren?
350 1388 1025 1433 Bart. Mire usted, allá en mi tierra.
360 1434 1002 1481 Grac. Y de que tierra es usted?
352 1485 1031 1529 Bart. Qué no sabe ustedmi tierra?
358 1538 690 1578 Grac. No señor,
359 1581 874 1628 Bart. Pues es un pueblo
402 1629 981 1676 como este ú otro cualquiera:
408 1678 1021 1723 hay hombres, mugeres, niños;
401 1727 1027 1771 hay viejos, tambien hay viejas.
401 1774 988 1820 hay bestias, como osté sabe,
405 1825 1032 1868 que entodo el lugar seencierran
358 1872 994 1918 Grac. Usted viené á sofocarme:
404 1922 956 1964 se habrá visto tal postema?
357 1973 1034 2014 Bart.Si ustedquiere quede pronto
403 2024 905 2063 lo diga toda mi arenga;
1663 87 1689 138 5
1107 157 1672 206 es fuerza irme poco á poco:
1104 208 1672 252 yo soy pecado, y es fuerza
1120 255 1563 301 si no lo digo despacio
1114 306 1623 353 y á la moda de mi tierra)
1112 354 1626 397 que no sepa lo que digo,
1100 400 1718 445 ni usted lo que digo entienda.
1064 451 1728 495 Gra. Yo me apuro coneste hombie,
1107 504 1452 539 vaya, diga usted.
1055 551 1405 590 Bart. Con flema.
1062 593 1754 638 Grac, Acabe, aunque sea despacio.
1070 641 1744 689 B. Pascual, si habran yalas bestias
1109 689 1678 736 comídose el primer pienso?
1067 739 1672 786 Pasc. Es forzoso que ásí sea.
1068 787 1747 834 Bart. Diga usted (entre parentis)
1116 835 1537 881 de cebada la fanega
1116 884 1557 927 á como esta por acá?
1071 933 1748 978 Grac Hombre, no sea ustedbestia,
1124 979 1704 1028 que eso no es aquí del caso:
1127 1029 1710 1075 váyase usté, y no nos muela.
1072 1078 1750 1125 Bart.Me espanto que en este pueblo
1127 1130 1685 1174 sean las gentes tan buenas,
1129 1177 1641 1220 que ignoran á cómo vale
1125 1225 1720 1270 la comida de las bestias..
1128 1272 1772 1319 Pues señora, á lo que vengó...
1128 1319 1774 1367 qué hablábamos? que en con-
1174 1373 1336 1415 ciencia
1132 1418 1774 1464 no me acuerdo: ¿no trae el vino
1125 1468 1723 1514 la chica? Grac. Tómate esa:
1136 1516 1657 1560 ya volvemos al princípio.
1090 1563 1774 1613 P. Hombre despacha, ynomuelas.
1084 1611 1755 1662 D. Ay, ya me acuerdo! Es el caso,
1134 1659 1774 1708 que unseñó que está en mitierra
1122 1708 1773 1756 me ha dado con mucho empeño
1100 1760 1771 1804 y esta carta, y que la diera
1130 1809 1732 1853 á usted: mas bien entendido,
1139 1855 1747 1902 que me ha de dar la respuesta,
1088 1903 1774 1953 Gra. Gracias áDios, que acabamos:
1144 1957 1514 2001 y para una friolera
1135 2007 1659 2050 como traerme una carta,
