1758 2570
198 142 242 182 6
201 199 770 239 ha gastado tanta flema!
203 245 747 294 vaya, déme usted la carta,
159 294 828 342 Bart. Déme usté antes la respuesta.
151 343 837 391 Grac. Si digo que usté es unbruto
205 391 682 436 de los pies á la cabeza:
196 439 796 488 hombre déme usted la carta.
146 489 785 538 Bart. En dándome la respuesta.
155 537 741 587 Grac. Jesus, que sofocacion:
201 586 569 628 dame la basquiña,
201 634 735 682 que me quiero ir al teatro
209 683 800 734 por no escuchar á este bestia.
151 731 740 780 Pasc Dice bien, dale la carta.
145 779 828 832 Bart. No quiero: eres un tronera;
203 829 767 879 ¿quieres tú que lea la carta,
196 878 754 926 y que no haga caso de ella,
202 927 776 978 como otras muchas lo hacen,
183 975 705 1021 y me vaya sin respuesta?
191 1024 728 1072 no señor, para no errarlo,
199 1073 669 1113 toma y daca:deme ella
143 1120 729 1171 y la respuesta á mí primero,
199 1170 693 1216 y daré la carta; piensan
196 1217 497 1258 que soy tonto?
157 1267 593 1307 Grac. Y muy salvage:
204 1314 828 1364 hombre, eso que dice y piensa
141 1362 779 1411 no vé usté que no es posible?
206 1412 636 1456 vaya, no sea tronera:
203 1459 755 1504 ¿me da usted la carta ó no?
147 1510 809 1560 Bart. En dándome la respuesta.
155 1559 799 1611 Grac. Salgan luego de mi cása,
175 1606 647 1651 ó les rompo la cabeza
147 1655 679 1704 y con esta silla: á la calle,
145 1704 818 1754 B. Conque ello ha de ser porfuerza,
141 1752 731 1799 Grac. O les partiré los cacos.
149 1800 824 1851 Bart. Una vez que usted meruega,
199 1849 617 1893 y lo pide en cortesía
189 1896 696 1944 se acabó la dependencia.
141 1946 559 1989 Pasc. Dále la carta.
142 1995 393 2030 Bart. Verás
193 2045 760 2090 como me yoy sin respuesta:
923 209 1456 249 tome usted la cartaz pero
930 256 1403 298 no tiene razon ni media
931 303 1312 346 en querer la carta
933 351 1522 395 sin darme antes la respuesta:
926 400 1532 443 allá va. Grac. Gracias á Dios.
931 448 1550 491 que alargó la carta. Bart. Lea.
882 497 1568 537 Lee laGrac. «Señora usted me dis-
933 546 1566 585 pensará la molestia, por ser su
921 595 1572 633 mas apasionado cuandola conocí
932 645 1565 683 en esa córte, que estuve á ciertas
937 690 1564 731 pretensiones; y hallándome en
922 739 1561 779 este lugar de Andalucía al tiem-
933 785 1574 827 po de hacerse unas fiestas en que
926 835 1560 875 han dispuesto los alcaldes hacer
934 883 1572 922 unas tragedias, se han valido de
932 930 1572 970 mí para que me empeñe con V. á
929 980 1574 1019 fin de que instruya lo mejor que
939 1029 1563 1068 pueda al dador de esta, que pasa
931 1077 1569 1117 á cierto negocio á esacórte, y es
930 1127 1564 1166 uno de los que entran en la fun-
933 1175 1561 1214 cion, y hace el papel principal;
929 1224 1568 1262 informándole lo que ha de ha-
925 1273 1562 1310 cer, y la vestimenta que sere-
925 1321 1562 1359 quiere: favor que espera mere-
927 1368 1563 1406 cer su mas apasionado Saturio
928 1417 1373 1455 Saturnino Moron, etc.
882 1464 1541 1503 Rep. Se habrá visto igual friolera?
930 1512 1482 1553 ni sé quien es Don Saturio,
926 1561 1523 1603 ni yo tengo aunque quisiera,
923 1610 1435 1649 lugar para entretenerme
930 1658 1391 1699 en semejante pamema.
881 1708 1472 1746 Bart. Ha leido usted la carta?
886 1757 1567 1795 Grac. Si señor. D. Y la respuesta?
882 1805 1486 1842 Grac. Lo que yo respondo es
938 1854 1434 1891 que se vayan norabuena
935 1902 1448 1939 de mi casa, que no estoy
937 1954 1455 1988 para bromas: vayan fuera
930 2000 1517 2037 al instante. Bart. No te dije
933 2051 1471 2087 que me iria sin respuesta?
