1737 2508
237 242 692 288 Pero viendo la justicia
240 292 742 339 su turbacion tan notoria,
252 343 725 386 pensando otra cosa era,
244 391 775 434 hácia la cárcel le aportan,
244 438 707 481 á lo cual respondió él:
244 487 756 529 caballeros, no me pongan
238 536 771 578 en la cárcel, por que soy,
242 587 801 626 por dicha, y desdicha loca,
240 635 658 676 de Caravajal esclavo,
260 682 777 725 padre de la dama hermosa.
250 732 672 772 Ofuscados á su casa
258 782 723 821 lo llevaron, y de forma
253 830 892 870 fué, que á Don Pedro llamaron,
252 880 811 920 donde hacen que responda.
256 928 777 969 Salió Don Pedro, y le dijo
252 977 721 1019 el cabo de dicha ronda,
256 1026 796 1067 que á su mulato guardase,
264 1073 893 1117 que no es justo, que á deshora
264 1125 721 1165 anduviese por la calle,
255 1172 844 1214 no habiendo ocasion forzosa.
254 1222 795 1261 Don Pedro quedó confuso,
259 1270 759 1309 que lo que dicen ignora:
264 1318 802 1360 metiólo en casa, ofrecióles
264 1367 760 1408 á la gente alguna cosa.
265 1416 817 1457 Solo en un cuarto le mete,
272 1469 823 1506 hasta que rompió la aurora,
263 1517 709 1553 y con sus rayos él sol
267 1565 829 1603 las cumbres y peñas dora.
267 1612 739 1652 Se levantó el caballero,
265 1660 757 1702 llamó á su hija, y á solas
272 1709 751 1750 le cuenta lo que le pasa,
274 1758 857 1799 la confusion que le asombra:
286 1809 762 1848 y para que se averigue,
279 1858 758 1895 y al esclavo lo conozca,
275 1905 720 1944 mandólo llamar, y él
278 1954 734 1994 subió como una pelota.
275 2000 892 2042 Entró en el cuarto, y mirando
275 2052 800 2091 á la hermosura que adora,
283 2101 743 2140 la belleza que le rinde,
287 2150 794 2189 los ojos que le aprisionan,
296 2201 755 2238 disimuló cuanto pudo,
1490 154 1546 206 3
971 223 1646 267 y humilde á sus piés se postra.
967 274 1651 317 Dijole el amo: Quien era?
970 322 1653 363 y él respondió: El alma absorta:
976 372 1510 415 Yo, Señor, soy de Madrid,
976 418 1471 462 y de Don Feliy de Rojas
977 469 1618 513 esclavo: La dama oyolo,
971 517 1660 560 y el nombre sobresaltóla,
980 566 1659 612 por que leyó en los papeles
978 617 1662 661 lo que he referido ahora.
986 662 1666 707 Y dijo, pues, que su amo
976 713 1658 759 lo maltrataba con obras,
986 765 1668 804 y con peores palabras,
986 811 1656 854 dejélo por estas cosas
985 864 1457 902 y así oculto de Madrid
986 910 1658 951 vine sin que me conozcan
984 961 1652 1002 á valerme de ese amparo
996 1009 1644 1052 por mi suerte tan dichosa.
997 1059 1663 1102 Quieres que escriba le dijo;
986 1104 1658 1150 á tu amo, que esto ignora?
996 1156 1649 1199 No, señor, yo escribiré
992 1208 1453 1247 en otra ocasion forzosa.
995 1253 1671 1295 Dejáronlo, pues, en casa
991 1304 1623 1345 sirvió con lealtad muy pronta,
997 1350 1669 1393 muy solicito, y muy fiel
997 1402 1631 1442 como que el serlo le importa
996 1450 1636 1491 sin que pudiese jamás
995 1498 1662 1540 lograr nada á tanta costa.
996 1546 1681 1589 Andaba otro amante fino
1004 1594 1671 1637 con el alma muy penosa
1002 1641 1668 1686 enamorado y rendido,
996 1693 1672 1736 por Margarita la hermosa,
1000 1743 1668 1787 á quien Don Felix valiente
1004 1793 1671 1835 una noche tenebrosa.
1007 1845 1458 1884 acuchilló de manera;
1012 1891 1693 1933 que un rayo de un trueno aporta,
1012 1942 1501 1981 aunque jamás no parece
1003 1991 1488 2030 borraba de su memoria
1011 2038 1509 2078 este amor que pretendia
1011 2086 1493 2128 salir con mayor victoria.
1013 2134 1597 2178 Sucedió, pues, que una tarde
1012 2186 1461 2229 salieron en la carroza
