1737 2508
1459 57 1470 211 7
173 178 665 213 adonde alli se áhogaron
179 227 698 263 cochero y mulas malditas.
172 274 620 312 Socorro piden los dos,
177 322 625 363 grande lástima ponian,
175 371 731 408 viendo en tan grave poligro
175 420 729 458 al buen D. Pedro, y su hija.
175 470 621 504 D. Agustin está elado;
171 516 648 555 D. Felix, que esto veia,
168 563 639 601 furioso se arroja al rio,
168 610 697 655 llegó al estrivo, y ló quita,
167 662 764 706 sacó la dama en sus hombros,
173 712 623 752 y en tierra la deposita:
173 760 725 803 y como es la noche obscura,
175 809 638 853 que poco se determina,
167 856 621 901 se la dió á D. Agustin,
171 905 671 948 sin saber lo que se hacía.
177 952 619 997 Volvióse al rio, y sacó
175 1002 596 1046 con heróica valentía
172 1051 679 1097 al amo, cuando la dama
171 1100 702 1146 está á un desmayo rendida:
172 1148 658 1196 besó la tierra mil veces,
176 1198 746 1266 parte á abrazar á su hija.
176 1249 660 1289 Volvió ella del desmayo,
171 1296 715 1339 miró al que tan mal queria
175 1345 750 1391 que con sus brazos la abraza,
178 1394 640 1438 que de veneno le sirva.
175 1445 620 1487 Agradeciólo su padre,
171 1493 703 1532 la dama apenas respira
177 1541 740 1586 viendo á su ámante cobarde,
177 1588 701 1635 y á su enemigo con dicha.
178 1638 660 1678 Pero como ya D. Pedro
168 1687 658 1729 algo de este amor sabia,
175 1738 712 1781 se la otorgó á pocos lances,
172 1787 731 1829 que alli entre los dos habia.
169 1833 775 1875 D. Felix callando escucha
172 1877 659 1919 D. Agustin recibia
171 1914 779 1968 favores á tanto amor
179 1981 753 2023 (triste de aquel que suspira!)
178 2030 674 2070 Trajeron un coche luego,
173 2079 739 2123 y en él se meten: qué haria
173 2128 704 2174 el que por librar su dama,
897 182 1375 224 por poco pierde la vida?
892 228 1360 272 Y luego los dos á solas
897 279 1403 323 consultaron á sus dichas,
895 329 1420 368 entrambos ricos, y nobles
893 376 1356 417 lo que quisieron sería.
900 425 1410 468 Y asi el casarse dispónen,
894 469 1496 540 y antes que pase otro dia
895 523 1366 567 celebraron los asientos,
894 572 1349 613 como el caso requeria.
896 620 1362 665 En fin, se llegó la hora,
899 668 1329 709 en que la dama sentia
899 705 1494 756 su pena, dolor y muerte
899 766 1335 808 y en el alma aborrecia
895 815 1424 861 el casarse con un hombre,
902 864 1330 906 que aborrecido tenia.
894 915 1412 957 Llamó á D. Felix, y dice:
900 963 1406 1006 que por su gran cobardia
896 1013 1380 1056 la perdió. Qué dices, dí,
899 1061 1443 1105 traidora, ingrata, enemiga?
899 1111 1482 1159 sin duda que muerta estabas,
900 1159 1292 1199 ó no viste que traía
902 1193 1478 1245 la ropa D. Agustin
902 1256 1357 1302 enjuta, y que yo venia
897 1305 1317 1346 mojado? infelice soy!
904 1354 1429 1398 dura estrella! pena impia!
900 1402 1476 1450 Pues qué dices, mí D. Felix?
899 1453 1479 1498 tú fuiste (el dolor me priva!)
907 1501 1353 1543 quien del rio me sacó?
893 1551 1489 1598 muerta estoy! no sé qué diga!
903 1599 1449 1645 qué haré yo, si ya mi padre
902 1647 1496 1704 á esto empeñado me obliga
903 1697 1327 1739 y dada yá la palabra?
906 1746 1352 1790 que te cases, eñemiga,
895 1791 1360 1837 y que te olvides de mí.
900 1842 1440 1890 No es posible, que yo viva,
897 1890 1337 1935 querido D. Felix mio.
906 1940 1421 1987 Mayor desdicha es la miá,
911 1990 1417 2037 pues por quererte yo á tí,
896 2040 1409 2085 mi calidad está oprimida,
903 2086 1453 2133 y como un humilde esclavo
897 2137 1342 2180 sufro tantas perrerias.
