1752 2480
264 179 288 215 8
156 228 682 264 Tú te casas, no conmigo,
151 277 702 312 tú gustas de ello, enemiga.
164 323 717 362 Ay, D. Felix! yo me muero.
151 374 596 409 Morir yo mejor seria,
155 423 640 460 pues quieres que vea yo
158 472 754 508 lo que á la muerte me obliga,
155 519 641 558 yo mismo con esta daga
160 567 718 606 me he de matar: Tén la ira,
151 616 637 653 no te mates. No porfies.
155 667 652 704 Oye, Señor, oye. Quita,
149 715 652 750 Circe enemiga, traidora,
152 762 604 799 á este cuarto te retira.
153 811 667 849 Tú quieres (ay Santo Cielo
155 859 684 899 que vea á mi propia vista,
161 908 647 947 que dés á otro la mano,
155 958 742 996 sin que de un trueno despida
163 1009 657 1045 un voráz rayo, que aquí,
155 1057 731 1094 hoy me convierta en ceniza?
157 1105 663 1141 Déjame matar, traidora.
154 1152 731 1192 Dame á mi aquesas heridas:
167 1203 787 1243 Que viene mi padre (ay Cielos!)
160 1252 705 1289 mi bien, mis ojos, mi vida.
164 1300 657 1339 Retiróse luego el padre
166 1349 620 1388 con toda su compañía,
165 1399 611 1439 y al oir decir mi bien,
167 1448 677 1485 á la hija, al cuarto ahila,
163 1497 697 1537 y vido, que era el esclavo
167 1545 638 1582 á quien aquesto decia.
174 1594 664 1631 Sacó la espada; mas ella
176 1642 670 1680 la daga á D. Feliz quita,
179 1692 703 1731 púsose á la puerta, y dijo:
171 1739 634 1778 Ninguno se descomida;
175 1789 619 1828 señor D. Felix, decid
173 1837 653 1877 la verdad: Qué perrería
181 1886 673 1924 es esta? le dijo el Padre:
182 1937 594 1973 y D. Feliy respondia:
173 1985 689 2022 No hay perrería ninguna.
175 2034 731 2074 Los hierros del rostro quita,
888 219 1569 265 diciendo: Yo soy D. Felix
895 268 1552 309 de Rojas, mi pátria misma
896 317 1568 358 es Madrid, á Sevilla vine
897 366 1405 403 por cosas, que convenian.
892 415 1442 451 Yo ví á Margarita hermosa,
892 462 1312 500 habléla, y se resistía;
885 511 1469 549 mas viendo que contrastarla.
893 562 1318 598 en efecto, no podia,
891 607 1567 646 me obligó á hacerme su esclavo,
891 658 1458 697 sufriendo todos los dias
891 708 1403 744 pesadumbres, y baldones,
894 755 1395 793 mil desaires, y desdichas
888 804 1386 842 de los unos, y los otros,
887 854 1343 896 y las pasadas heridas.
898 902 1555 941 Yo fui, Señor, quien sacó
893 951 1462 993 del peligro á Margarita
899 1001 1545 1044 y yo la puse en los brazos,
892 1049 1555 1091 sin saber lo que me hacía
907 1097 1329 1136 del señor D. Agustin,
895 1147 1420 1186 esto mi espada lo afirma,
903 1195 1367 1236 y nunca fraudes habrá
902 1245 1292 1282 en noble caballeria.
898 1293 1372 1331 Es Magarita mi esposa,
897 1340 1509 1380 sin haber quien me lo impida,
904 1390 1424 1428 á pesar de mis contrarios,
904 1439 1478 1478 aunque rebiente la envidia.
907 1489 1401 1527 Don Pedro pasó por ello,
902 1538 1384 1576 como lo mismo su hija,
907 1587 1431 1626 quédanse los dos casados:
907 1636 1530 1677 y á D. Agustin convida
912 1685 1518 1721 con su hermana Doña Clara
911 1733 1517 1772 que en Madrid quedado habia,
908 1780 1542 1823 quedando, amigos y hermanos,
915 1829 1387 1870 con gusto y con alegria.
904 1879 1404 1918 Adonde Lucas del Olmo,
916 1929 1426 1967 de esta historia peregrina
905 1977 1430 2016 promete al enamorado
909 2025 1417 2067 gusto, si Dios se lo envia.
816 2078 918 2121 FIN.
312 2096 1452 2257 Carmona, Imp. de D. José M. Moreno, Madre de Dios, 1.
