1737 2508
568 549 1160 701 SEGUNDA PARTE.
154 850 1538 910 De como doña Mar garita fué á ver á su aman-
232 923 1526 981 te al hospival dis frazada: y el fin dichoso
633 998 1094 1046 de sus sucesos.
204 1163 674 1202 Supuesto, que prometí
161 1215 656 1252 en esta historia ya dicha
172 1262 554 1300 el referir lo demás,
174 1312 647 1349 es justo que así prosiga.
163 1359 649 1398 Pues sabido de la damá,
168 1409 751 1447 aunque el padre no lo obliga,
172 1458 660 1495 con el desaire que hizo,
169 1507 638 1544 en el alma agradecida,
167 1553 857 1594 por ser contra un hombre á quien
164 1603 679 1643 su sombra es aborrecida:
176 1651 686 1689 y por ver si el mismo es
174 1702 634 1739 de las cartas referidas,
171 1749 611 1788 en decir que Rojas es
171 1797 709 1838 lo mismo que ella leía;
171 1848 581 1886 curiosa como mujer,
179 1896 661 1934 y por que amor le decia,
184 1943 764 1984 que este es D. Felix de Rojas
184 1993 692 2033 el que con fuerte cuchilla
180 2043 667 2082 acuchilló á su enemigo,
179 2092 661 2131 á quien tanto aborrecía:
177 2141 661 2181 fuese al hospital oculta,
185 2192 647 2237 y pues que le conocia,
892 1158 1334 1197 las mas señas le dirán
894 1207 1453 1245 si es el que buscando habia.
896 1255 1326 1295 Conócelo, y amorosa
894 1303 1437 1344 habla á Don Felix, y mira
901 1352 1509 1393 él el bien, que en sus palabras
896 1402 1338 1442 su calidad la descifra.
901 1452 1446 1490 Lágrimas los dos derraman;
897 1501 1390 1538 y en fin, por una veciná
899 1547 1323 1588 á su casa fué llevado
895 1596 1473 1643 con las mortales heridas
893 1645 1387 1686 sin que nadie lo supiese,
896 1694 1391 1735 ni el padre de Margarita.
899 1745 1438 1784 A costa, pues, de la dama
903 1794 1311 1831 se curó como debia,
899 1844 1322 1881 no faltándole regalos,
911 1892 1341 1931 cirujanos, medicinas,
908 1941 1394 1979 y alivio todas las noches
903 1990 1344 2028 con su amorosa visita.
903 2038 1466 2077 Sanó al cabo de seis meses,
908 2087 1274 2125 algo mejor se veia,
908 2136 1465 2175 con ánimo y fuerzas dobles,
904 2186 1419 2224 como las que antes tenia.
