1765 2512
318 157 352 194 2
225 207 690 246 y ella Doña Margarita,
227 257 709 294 cuya hermosura preciosa
220 304 646 342 de belleza cautivaba
223 351 709 392 á dulce cadena heróica.
220 401 692 441 La pretendian amantes
223 451 742 489 con festejos y con obras,
228 499 764 537 cuando era la dama Dasne
227 547 720 586 en verse tan desdeñosa,
223 597 700 636 ó por no verse casada,
232 646 810 684 que su dictámen lo estorva,
225 695 816 732 ó por no rendir á un hombre
235 743 730 785 una alma tan orgullosa,
225 793 661 830 ni rendir su corazon
224 842 696 879 á la voz de una lisonja,
242 890 776 928 ó huyendo de las cautelas,
230 939 851 979 que amor trae entre ponsoñas.
239 990 609 1028 Era hija del rigor
244 1038 802 1075 contra todo el que la adora;
237 1087 661 1124 pero Don Felix trató
244 1136 760 1174 con el amor que le sobra,
241 1185 778 1223 de escribirle cuatro letras,
239 1233 692 1272 á ver si fina le otorga
247 1283 732 1321 el fin de sus esperanzas:
237 1333 695 1369 con uña criada propia
241 1380 836 1417 le escribió muchas ternezas,
239 1429 806 1467 tan dulces, como amorosas;
246 1479 688 1515 mas razon jámás oyó,
244 1528 830 1565 aunque la aguarda por horas.
239 1576 729 1614 Segunda, y tercera vez
247 1626 740 1662 escribe, y algunas joyas,
247 1674 768 1710 con tanto encarecimiento,
256 1721 868 1768 cuanto su amor hace cosas,
245 1771 698 1808 á que rendido tributa
255 1820 768 1858 ansias, penas y congojas:
255 1869 688 1907 pero ella los rompía
253 1919 705 1956 desesperada y furiosa,
260 1968 690 2005 y las joyas á la calle
256 2018 726 2054 hechas pedazos arroja,
261 2066 847 2104 y á saber quien era el dueño,
256 2108 890 2152 la muerte le diera ansiosa
263 2163 945 2204 por que era un bolcán su pecho,
950 196 1512 235 y un fuego cuanto acrisola,
952 245 1427 286 sin permitir que jamás
955 297 1421 333 pudiese alguna persona
959 344 1536 381 verla en ventana, ni en calle,
961 392 1420 430 por estar tan enfadosa.
960 439 1475 481 Pero viéndose Don Felix,
965 489 1513 532 que ardia de aquesta forma,
961 538 1482 578 y su amor le daba voces,
969 587 1522 629 por que nada de esto logra,
959 636 1545 677 discurrió el mas raro hecho,
959 686 1650 726 que en España, Grecia, ó Roma
961 735 1560 777 jamás en hombre se ha visto
973 785 1385 822 idea mas prodigiosa.
967 831 1506 871 Se fué á casa de un pintor,
969 881 1482 922 y hablando con él á solas,
968 931 1483 971 le dicé: Que una comedia
967 979 1395 1018 se representa famosa
980 1029 1455 1068 del esclavo de su dama,
971 1078 1511 1114 y que ván á hacerla ahora,
973 1126 1534 1164 y haciendo el primer papel,
978 1176 1446 1214 con esto se perfecciona,
980 1224 1542 1265 poniendo en su cara hierros
988 1273 1541 1313 (aunque hierros amor dora)
981 1322 1560 1361 con un pincel como esclavo,
982 1371 1523 1411 fije hierros, clavos ponga.
980 1418 1471 1459 Hizolo el pintor, y luego
980 1466 1637 1508 aquella noche á deshora
975 1515 1651 1557 fué á la calle de la dama
981 1564 1638 1605 ya la pasea, y la ronda
984 1610 1652 1655 con pretesto que si viene
983 1659 1620 1703 la justicia poderosa
982 1709 1592 1754 lograr su intento, y fué así :
987 1763 1451 1801 decirlo, y hacerlo cosa
983 1803 1636 1850 cierta. La ronda venia
992 1861 1454 1897 y Don Felix conocióla:
987 1902 1642 1947 hizo entonces que huía
985 1956 1658 1994 y era en correr una posta,
987 2009 1647 2045 cogiéronlo en breve espacio,
990 2054 1639 2093 y él turbado se alborota,
991 2098 1627 2145 por que supo fingir bien
993 2151 1666 2196 para entablar su tramoya.
