1765 2512
271 197 311 233 4
155 246 791 285 Don Pedro, y su amada hija
149 297 616 336 á una comedia famosa,
151 347 752 384 que en aquella misma tarde
156 396 619 433 representan prodigiosa,
151 443 787 480 siendo el espejo del gusto
157 492 621 528 y de delicias preciosas.
155 541 545 579 Al coliseo caminan,
159 591 743 629 vá el asclavo, poco importa,
162 640 628 679 adonde seis caballeros.
160 688 694 727 con Don Agustin de Rocas,
157 738 684 774 que aqueste nombre tenia
158 786 636 821 el amante que le adora
164 834 632 872 y en este parage estaba
167 884 578 920 detenida la carroza,
163 934 613 969 y al salir la dama, allí
164 980 750 1019 cayó, sin querer, penosa.
155 1028 793 1067 Fué el galan á levantarla
164 1080 608 1116 con el alma deseosa,
161 1120 775 1167 y Don Felix que lo vió
169 1178 773 1216 pronto acude, á ella se arroja,
171 1227 707 1262 y al galan de un rempujon
168 1275 754 1311 lo arroja á las piedras toscas:
170 1325 612 1362 y viéndose desairado,
165 1373 632 1411 empuñó luego la hoja,
168 1422 640 1458 y los demás caballeros
175 1471 770 1507 viendo á un mulato sin honra
171 1518 595 1556 llamándole perro vil,
159 1569 707 1606 le acometen de tal forma,
177 1617 714 1655 que diez heridas le dieron,
179 1668 709 1704 y algunas muy peligrosas,
175 1716 792 1752 y que á no ser por Don Pedro,
175 1764 748 1801 no hay duda matarlo ahora.
181 1812 674 1849 Entraron en la comedia
173 1862 743 1898 si bien la dama quejosa
884 247 1322 284 estaba por el agravio,
886 294 1319 333 y por el esclavo llora,
887 342 1335 382 por aborrecer ingrata
883 391 1503 428 á Don Agustin de Rocas.
893 438 1509 475 Viéndose tan mal herido
887 486 1509 525 los hierros del rostro borra
891 535 1412 572 y fué al hospital, llamado
887 584 1491 622 del Cardenal, donde informa,
891 635 1363 671 que por quererlo robar
892 684 1341 721 una cuadrilla ladrona
891 732 1498 771 de hombres viles, lo hicieron,
891 779 1429 821 donde casi el alma aborta.
895 826 1408 868 Pusiéronlo en una cama,
896 876 1337 917 cuya diligencia pronta
899 926 1430 965 tiene siempre la asistencia,
891 974 1306 1013 de la gente cariñosa.
894 1024 1518 1062 Sucedió, pues, que Don Pedro,
899 1073 1463 1110 en una fiesta grandiosa
895 1123 1438 1159 entró en aqueste hospital,
896 1171 1436 1210 y por devocion zelosa
895 1221 1520 1256 vió á los enfermos, vió á Félix
901 1269 1488 1307 y absorta el alma seasombra,
903 1318 1336 1356 en ver que se parecia
899 1368 1365 1405 al esclavo que no goza.
909 1415 1372 1452 Y con aqueste cuidado
904 1460 1517 1502 se fué á su casa, y á solas
911 1513 1424 1550 le contó á su hija cuanto
911 1562 1332 1599 queda referido ahora
908 1607 1517 1648 del esclavo; y como estaba
903 1658 1398 1696 á él parecido en forma.
907 1707 1395 1745 Adonde Lucas del Olmo
907 1757 1473 1798 promete de aquesta historia
915 1807 1372 1844 otro segundo romance,
905 1856 1399 1893 si al auditoriono enoja.
524 2000 1237 2156 Fin de la primera parte.
