1644 2376
211 220 754 261 rogando continno á Dios,
222 275 898 317 que la ampare, y la defienda.
216 331 732 372 Quédate con Dios, Maria,
207 383 736 425 á Dios, carisima prenda:
209 439 677 479 que el apartarme de ti
214 493 772 535 sabe Dios lo que me cuesta;
212 549 806 589 mas no puedo hacerlo menos,
218 604 838 645 que puede mucho una afrenta.
214 661 784 704 Cómo he de ver en mi casa,
211 716 713 758 hijos, que mios no sean?
218 771 816 812 Me saldré á la media noche,
220 825 824 866 que mi Esposa no me sienta;
215 879 770 919 quiero recogerme al sueño
211 935 734 975 mientras la hora se llega.
212 989 628 1031 Apenas José dormia,
214 1044 677 1085 si puedo decir apenas,
222 1098 751 1140 entró el ángel san Gabriel
220 1152 745 1194 diciendo: José, despierta,
207 1208 687 1249 recibe tu casta Esposa,
209 1263 756 1303 y vuelve en gozo tu pena,
219 1318 716 1359 que este Divino preñado,
223 1371 766 1413 obra es de la Omnipotencia,
223 1425 770 1466 viene á salvar á las gentes
218 1480 850 1523 que ha tantos siglos lo esperan:
214 1535 704 1576 ponle por nombre Jesus.
218 1591 673 1630 Alegre José despierta,
215 1644 673 1684 dándole gracias á Dios
219 1699 781 1741 por tan gran magnificencia.
216 1754 842 1795 Se fué al cuarto de su Esposa,
210 1808 752 1851 y de repente la encuentra
216 1862 648 1904 en un extasis Divino,
220 1917 726 1959 cercada del refulgencias,
216 1972 745 2016 y postrandose en el suelo,
224 2027 766 2067 entre si, á decir comienza.
218 2081 695 2120 O Esposa del alma mia,
225 2135 753 2179 que desgraciado que fuera
213 2190 723 2236 yo, si te hubiera dejado!
223 2246 725 2288 Qué desdicha me viniera!
224 2302 787 2342 Desde aquel dia á su Esposa
945 214 1492 256 trató con gran reverencia.
945 271 1488 311 Llegaron los nueve meses,
945 326 1483 369 y mandó el Augusto Cesar
951 382 1471 418 que los padres de familia
952 433 1502 477 á pagarle un censo vengan,
947 488 1409 530 cada uno en la ciudad
951 543 1498 585 donde fué su descendencia.
947 599 1321 639 Era José de Belem
942 655 1494 696 y viendo que le era fuerza
950 709 1338 749 el irlo á pagar allí,
950 762 1472 803 á su Esposa le dió cuenta,
951 817 1517 858 mostrando gran sentimiento
947 873 1447 915 por estar el parto cerca.
948 928 1424 967 La Virgen le respondió:
954 983 1432 1024 Esposo no tengas pena,
960 1038 1517 1079 que yo os iré acompañando.
947 1093 1483 1132 José le dió por respuesta:
952 1145 1522 1188 Oh! lo que siento ser pobre,
949 1201 1479 1245 por no tener conveniencia
949 1256 1331 1301 para poderos llevar
948 1311 1407 1352 con la debida decencia
946 1365 1522 1407 que mereceis Madre, é Hijo.
954 1419 1454 1462 Esposo, no tengas pena,
955 1474 1495 1518 que llevar vuestra compaña
953 1528 1473 1571 es mi mayor convenencia:
953 1584 1415 1626 es mi Hijo agradecido,
947 1640 1311 1684 y recibe por fineza
949 1695 1451 1735 lo que ofrece el corazon,
955 1748 1529 1792 cuando es la voluntad buena.
947 1802 1497 1847 En fin buscó un jumentillo
956 1857 1505 1901 en que acomodó á la Reina
957 1912 1457 1956 con las cosas necesarias,
949 1967 1459 2013 y una cajita en que lleva
953 2022 1425 2064 las fajas para el Infante
951 2078 1501 2121 por lo que Dios dispusiera.
951 2130 1409 2173 Comesaron su camino:
952 2185 1523 2229 Oh! quien tan dichoso fuera
949 2242 1525 2286 que les fuese acompañando!
948 2299 1515 2341 O mi Dios, y quien los veria
