1737 2508
1173 260 1427 304 Número 39.)
153 1355 1460 1398 ZELOS DE SAN JOSÉ.
158 1565 570 1609 De casa de Zacarias
112 1623 630 1663 salió la Sagrada Reina,
109 1675 683 1718 acompañando á su esposo,
114 1729 735 1775 luego que á su casa llegan
107 1784 532 1828 reparó un dia José
105 1840 636 1883 sobresaltando y con pena
110 1896 740 1940 en el vientre de su Esposa,
111 1950 743 1995 y entre sí á decir comienza:
111 2005 679 2047 O inmenso, Dios de Israel
107 2059 645 2100 qué novedades son estas?
112 2112 611 2154 Mi esposa veo preñada;
108 2166 642 2212 aunque no sé si lo crea,
105 2221 677 2267 pues los dos hicimos voto
108 2275 652 2322 de guardar toda pureza;
109 2332 692 2383 mas veo que está preñada,
847 1568 1451 1610 esto algun misterio encierra:
844 1623 1423 1664 si hay misterio, no lo sé:
837 1679 1513 1720 Ay Dios mio que terrible pena!
841 1732 1464 1777 Quiero ausentarme y dejarla;
843 1787 1516 1829 mas que ganaré en la ausencia,
831 1841 1384 1881 siendo todo mi consuelo
837 1896 1374 1937 el gozar de su presencia?
844 1951 1340 1993 Y si yo la desamparo,
844 2006 1417 2048 quien tiene de socorrerla?
837 2061 1470 2105 Muchacha pobre y sin padre,
840 2115 1298 2154 el cielo la favorezca.
832 2169 1400 2209 Me retiraré á un desierto
833 2223 1421 2269 donde gentes no me vean,
832 2278 1302 2319 y allí acabaré mi vida
832 2336 1281 2377 en áspera penitencia,
