1737 2508
229 261 691 314 cercados de Serafines!
239 317 785 370 Que bien guarnecidos llevan
235 374 673 424 el lecho de Salomon,
236 429 707 479 aquella Arca verdadera,
244 483 759 536 que llevó dentro el maná,
240 535 771 589 y aquel sol, que reverbera
241 589 755 644 con sus relucientes rayos
242 646 716 699 por las claras vidrieras
239 702 730 752 de aquel vaso de cristal;
244 755 823 809 Ay mi dios! quien los oyera,
244 811 623 863 cuando decia José;
242 865 753 917 Esposa que dicha es esta?
249 918 731 972 Ha de nacer en mi casa
247 977 707 1027 aquella luz verdadera!
256 1028 856 1082 Que ha de vivir con nosotros!
261 1081 839 1138 Que ha de comer á la mesa!
258 1139 742 1191 Cuando llegará este dia,
256 1193 761 1247 que ver mis ojos desean!
256 1247 724 1302 La Vírgen le respondió:
261 1303 733 1355 Esposo tened paciencia,
268 1356 759 1411 que presto llegará el dia
262 1410 801 1465 que goces de su presencia,
260 1464 804 1521 Con estos dulces coloquios
264 1520 698 1575 se divertian las penas
267 1573 715 1628 de tan aspero camino,
272 1626 887 1684 de arroyos, montes y cuestas.
263 1685 653 1737 lba José cuidadoso
264 1740 749 1793 del preñado de la reina,
276 1795 793 1847 preguntando á cada paso,
274 1848 763 1900 si iba con conveniencia.
268 1901 883 1957 Esto fue el mes de Diciembre,
270 1954 855 2010 en tiempo que llueve y yela,
278 2010 889 2066 que aun esto permitió el cielo,
284 2065 784 2119 para probar su paciencia.
274 2120 852 2176 Luego que á Belen llegaron,
282 2175 774 2229 José con gran diligencia
282 2229 805 2283 comenzó á buscar posada,
284 2284 879 2338 llamando de puerta en puerta,
289 2342 742 2392 en amigos y parientes;
961 243 1455 295 pero todos se la cieran.
966 299 1475 349 Por hospicios y mesones,
974 354 1423 403 prosigen su diligencia;
964 406 1553 457 mas como los ven tan pobres,
968 459 1555 512 los huespedes los desprecian.
973 518 1340 565 Desconsolado José
975 570 1506 620 con su Esposa se lamenta:
971 628 1429 674 Es posible Esposa mia,
976 679 1561 728 que en una ciudad como esta
970 734 1530 783 no hemos de hallar posada?
974 787 1573 837 Esto algun misterio encierra.
981 843 1657 892 Qué no ha de haber quien recoja
981 899 1493 946 al Rey de cielos y tierra?
980 955 1459 1001 Salgamos de la ciudad,
986 1009 1617 1055 que aqui cerca está una cueva,
988 1064 1524 1108 que le sirve á los pastores
985 1120 1535 1162 de establo para las bestias,
996 1174 1457 1219 que si está desocupada,
990 1229 1457 1273 descansaremos en ella.
991 1279 1625 1328 Luego que en la cueva entraron
996 1336 1532 1381 ámbos se postran en tierra
995 1392 1463 1436 á darles gracias á Dios,
997 1445 1492 1492 y José encendió candela
1004 1502 1501 1546 por denfenderse del frio,
995 1555 1429 1602 y la oficiosa doncella
1001 1606 1538 1656 sacudió y barrió el portal.
1004 1664 1551 1709 y angeles muchos con ella,
999 1718 1516 1766 derramando tal fragancia,
1010 1773 1537 1820 que los sentidos consuela.
1008 1826 1505 1874 Luego el Señor San José
1008 1882 1495 1931 con la ropita que llevan,
1004 1935 1514 1984 en un pesebre que estaba
1011 1990 1533 2038 en aquella humilde cueva,
1011 2045 1524 2094 hizo á su esposa la cama:
1011 2099 1546 2150 la cual de rodillas puesta,
1012 2153 1599 2205 contemplando aquel Misterio,
1019 2208 1516 2259 y elevadas las potencias,
1017 2259 1591 2315 parió al Salvador del Mundo
1020 2315 1568 2368 quedando siempre doncella:
