1737 2508
226 319 770 371 que se perjure mi lengua.
226 366 734 419 Entonces instó su padre
225 417 659 467 y la dijo que cediera,
227 464 732 514 porque sinó Diocleciano
235 512 824 564 les iba á hacer cruda guerra;
230 563 705 613 y su terrible venganza,
238 611 755 659 y en su indómita fiereza,
231 659 680 707 espatriados se verian
234 703 830 755 los dos cubiertos de afrenta.
240 753 820 805 En vano, en vano intentaron
243 806 693 852 persuadir á Filomena,
238 852 804 900 porque vencer no pudieron
234 902 691 949 su acrisolada firmeza;
243 948 834 998 lo cual visto por su amante,
243 997 871 1046 ardiéndole el pecho en cólera,
245 1044 769 1094 la maltrata y la intimida
244 1093 740 1142 deponga su resistencia;
246 1141 785 1191 y aquella muger hermosa
249 1190 801 1242 pintada en su tez la pena,
257 1238 814 1290 puesta de hinojos á Cristo
255 1289 733 1337 esta plegaria comienza
262 1380 911 1432 ¡Oh Dios que estás en el Cielo!
251 1432 757 1484 mirame desde tu altura
259 1480 713 1534 y mitiga mi amargura
258 1529 796 1580 con tu celestial consuelo:
266 1580 713 1628 derrama, Señor, aquí,
263 1628 709 1676 tu divina inspiracion,
255 1676 643 1727 anima mi corazon
265 1722 781 1778 ¡oh Dios mio! desde ahí:
264 1769 771 1824 y con ojos de clemencia
266 1817 801 1873 en mis angustias, Señor,
263 1866 769 1920 haz que sufra este dolor
272 1915 769 1969 con resignada paciencia,
269 1963 766 2021 y que este cruel tirano
272 2008 927 2065 que ahora tanto me atormenta,
276 2056 859 2113 Dios mio, que se arrepienta
278 2111 712 2161 de su frenesí insano.
280 2202 844 2258 No bien dijo estas palabras
279 2255 749 2309 la acongojada doncella
960 294 1517 345 cuando el fatal Diocleciano
960 345 1542 393 la asió del brazo con fuerza,
966 394 1453 440 y brotando ira los ojos,
963 440 1497 489 con mil insultos la aterra,
968 484 1612 537 y no hay remedio en el mundo
964 536 1536 585 que calmar su enojo pueda:
963 583 1575 634 no hay palabras que ablanden
970 634 1489 683 el pecho de aquella fiera,
968 682 1511 731 y no hay esperanza alguna
969 734 1449 783 para la triste doncella;
968 781 1525 827 manda al punto el imbecil,
971 826 1533 876 de que sus sayones vengan
975 874 1527 927 y bien pronto los verdugos
971 925 1497 974 armados se le presentan:
986 973 1529 1021 por órden de aquel tirano
979 1026 1365 1068 ataron á Filomena,
974 1068 1505 1119 y á un hediondo calabozo
980 1120 1521 1165 los bárbaros se la llevan,
978 1167 1509 1213 é inhumanos la cargaron
988 1216 1471 1263 de grillos y de cadenas,
985 1267 1503 1314 y la echaron sabandijas,
986 1315 1524 1360 sapos, lagartos, culebras;
992 1360 1485 1408 y de comer no le daban
993 1409 1571 1457 por mas que comer quisiera,
993 1459 1589 1505 para que la hermosa víctima
995 1509 1439 1551 á tanto martirio ceda;
1002 1554 1438 1600 pero no rinde su fé
996 1605 1491 1649 ni los ayes ni las penas,
996 1655 1426 1699 ni tanta vil amenaza
1006 1701 1539 1745 de aquella gente perversa,
992 1749 1519 1795 ni los ruegos seductores,
992 1795 1519 1843 ni aquella liviana arenga
1004 1846 1446 1891 de que usa un tirano
1008 1893 1533 1939 para ver si se le entrega;
999 1939 1540 1988 nada basta, y Diocleciano
1003 1990 1497 2036 se puso como una fiera,
1006 2035 1574 2082 y manda que sus verdugos
1004 2089 1434 2132 azoten á la doncella;
1012 2134 1499 2181 los sayónes la cogieron
1003 2186 1450 2229 de su dorada melena,
1005 2230 1515 2284 y arrastrando le sacaron
