1737 2508
203 252 767 287 ya que vine á tan buen tiempo,
207 291 651 327 levántate hermosa ninfa
203 330 685 369 no hagas caso de jumentos.
175 369 619 409 Pay. Señor mio, sepa V.
220 410 744 448 que no consta en el Cuaderno
220 450 734 488 que me entregó aqui mi amo
224 492 696 527 de la obligacion que tengo.
212 529 688 567 Si es que acaso V. la tiene
214 570 730 606 no hizo mucho con hacerlo.
185 609 751 646 Bar. De servir á estas deidades
216 648 737 685 yo siempre obligacion tengo:
223 690 696 727 ¿te hiciste daño, bien mio?
184 728 789 767 Sinf. No me hice daño, mi dueño.
220 767 718 806 Jesus! que novio tan lindo!
233 811 673 845 y cuándo nos casaremos?
192 847 863 888 Paj. Sí, si, esto es lo que importe. ap.
235 891 643 926 échale miel al buñuelo.
195 931 719 966 Bar. Si por mi fuera, Señora,
231 971 708 1005 digo que ya estaba hecho,
239 1010 672 1045 pero es menester mirar
238 1051 664 1086 mil quisicosas primero.
198 1090 672 1126 Sinf. Déjese de quisicosas
242 1129 741 1166 que aquesta noche le espero
234 1169 752 1206 á las once y cuarto en punto
240 1209 716 1244 en aqueste mismo puesto.
208 1248 858 1287 Bar. No era mala esta ocasion ap
245 1290 638 1325 para lograr el intento
252 1328 700 1364 de obligarla á que me dé
249 1370 700 1407 para hacer el casamiento
248 1411 748 1446 todita su hacienda en dote,
257 1450 763 1484 pues el lance aprovechemos:
258 1489 755 1526 en punto las once y cuarto
255 1529 689 1565 armiado cual Gerineldos
253 1570 743 1604 desde el cabello á la planta.
257 1610 685 1645 vendré por obedeceros.
223 1651 798 1684 Paj. No está mala esta jugada,
264 1689 721 1724 codillo les doy si puedo.
224 1729 837 1764 Bar Pues mi bien hasta las once.
219 1768 863 1804 Sinf. Hasta las once mi dueño. vas
269 1809 699 1843 Voy á avisar á mi Padre
268 1849 759 1885 porque lo tenga dispuesto:
270 1890 666 1923 esta noche seré novia
828 1928 858 1958 vase.
269 1929 753 1963 á pesar del mundo entéro.
231 1969 725 2005 Paj. Voy á avisar á Benita
273 2010 825 2046 para que un chasco les demos,
271 2047 761 2086 porque allá dice un refran
273 2090 783 2124 y es muy cierto y verdadero
1446 187 1478 221 5.
887 235 1319 279 ganancia de pescadores
1481 269 1570 302 vase.
888 276 1392 318 cuando está el rio revuelto.
1096 314 1376 354 Sale Anacleto.
884 354 1425 396 Anac. Ya que me dijo mi hija,
936 389 1500 437 que el Baron le dió el concierto
938 435 1413 475 de que vendria á las once,
938 475 1403 516 jugarles un lance quiero;
933 512 1439 555 y que se encuentren casados
940 553 1419 595 sin gastarme ni un dinero
942 594 1437 634 ni obligarme á hingun dote,
938 633 1461 674 no perdamos pues el tiempo:
942 673 1419 716 llamar es preciso al Paje
947 715 1395 757 para que vaya corriendo
951 756 1412 794 y me llame un Escribano,
946 793 1489 835 que importa para mi intento.
950 836 1388 875 Ola, Alfonso, muchacho,
943 874 1428 915 vamos, al instante; presto.
1137 915 1355 950 Sale el Paje.
912 946 1447 996 Paj. Señor, qué me manda V?
909 991 1533 1035 Anac. Anda al instante corriendo,
951 1034 1396 1073 y llámame un Escribano
961 1072 1442 1115 que con dos testigos luego
958 1114 1436 1154 venga á esta casa sin falta.
920 1152 1432 1194 Paj. Aguarde V. y veremos
958 1193 1505 1234 si es que está en la obligacion,
963 1234 1398 1273 sino está no me meneo.
916 1266 1610 1314 Anac. Anda, ve al punto, despacha.
930 1309 1519 1354 Paj. Tenga V. flema y veremos.
976 1356 1397 1392 «Estarás en la antesala,
978 1398 1096 1434 «irás:::
931 1432 1457 1475 Anac. Ve pronto mostrenco.
935 1472 1517 1513 Paj. «Por el maestro de Sastre,
979 1511 1479 1552 ¿y tambien por el Barbero.
936 1549 1505 1594 Anac. Que te doy un silletazo.
943 1599 1257 1634 Paj. «Le darás:::
936 1635 1325 1674 Anac. Me desespero.
948 1668 1563 1713 Paj. Pues, Señor, no está tal cosa;
988 1710 1462 1753 digole á V. que no quiero.
940 1747 1533 1794 Anac. Animal, esto es urgencia
987 1798 1304 1834 precisa, marcha.
946 1838 1218 1874 Paj. Jumento?
993 1874 1417 1914 pues toditas esas cosas,
993 1912 1465 1953 ponerlas en el cuaderno.
956 1945 1636 1996 Le quita Anacleto el papel y lo
1240 1995 1363 2028 rasga.
952 2026 1574 2076 Anac. Animal, de aquesta suerte
996 2072 1424 2117 acabáranse los pleitos.
