1737 2508
167 204 850 237 Sale el Paje, y despues á su tiempo
260 245 752 277 el Escribano y dos testigos.
168 283 726 319 Paj. Aquí está ya el Escribano.
163 325 804 359 Anac. Dí que entren que los espero.
164 363 788 399 Paj. Bien pueden entrar ustedes.
168 402 692 436 Escrib. Mi Señor D. Anacleto!
208 443 728 477 tenga V. muy buenas noches.
169 483 764 518 nac. Dios les guarde caballeros.
199 523 730 557 El silencio es lo que importa
200 563 646 596 para lograr este intento,
205 603 637 634 entren dentro y les dirè
207 642 668 675 despacio lo que yo quiero.
156 681 772 717 Escrib. Vamos à donde V. mande
211 722 764 756 que á su obediencia estaremos.
166 761 746 796 Anac. Pisad quedo, é id tras mí.
166 801 750 837 Los 3. No tengais ningun recelo.
448 841 562 872 Vanse.
161 881 731 914 Paj. Ya está toda la emboscada
199 920 650 953 dispuesta para el efecto,
202 959 692 998 ahora bien, señores gorros,
209 998 666 1035 volved á vuestro aposento,
204 1039 672 1071 hasta que en otra ocasion
196 1079 684 1113 me guardeis este terreno.
205 1118 626 1150 Esta es una prevencion
207 1158 655 1190 de muchísimo provecho.
199 1197 692 1232 que los hombres la cabeza
204 1237 702 1270 es lo que guardar debemos.
209 1276 617 1309 Voy á buscar á Benita
201 1317 746 1350 y á ver si está ya en su puesto,
210 1357 672 1388 porque se acerca la hora
759 1395 845 1426 vase.
200 1395 662 1428 de darle fin á mí enredo.
159 1436 851 1468 Salon obscuro, salen D. Anacleto,
326 1475 702 1509 Escribano y testigos.
170 1517 728 1549 Anac. Señores, esta es la sala,
201 1557 723 1587 en donde ha de ser el hecho:
206 1596 704 1629 métanse tras de esa puerta,
208 1635 654 1667 y miren que les advierto
205 1674 708 1707 que al punto quesalga yo:::
205 1714 718 1747 sin detenerse un momento:::
207 1753 664 1787 la luz ya está prevenida:::
205 1795 730 1826 Entienden lo que yo quiero?
166 1833 682 1865 Escrib. Sí Señor, descanse V.
205 1873 699 1906 que ya entendido lo tengo.
163 1914 747 1946 Anac. Pues amigos á esconderse
205 1955 675 1986 antes que vengan, porque
201 1995 684 2026 las once ya pienso dieron.
208 2035 797 2066 Escóndense y salo le Criada.
1466 164 1478 196 7
889 205 1560 244 Cria. Que malo es andar á obscuras,
922 246 1365 278 á cada paso un tropiezo.
1105 284 1347 318 Sale el Paje.
884 325 1412 357 Paj. Si estará aquí Benitilla?
920 365 1408 398 como no hay luz no la veo.
889 404 1450 439 Criz. Mas hácia aqui me parece
921 445 1408 476 que del Paje pasos siento.
888 485 1452 518 Paj. Juzgára yo que hácia aquí
924 523 1374 557 unos pasos van viniendo.
931 562 1275 596 Benitilla, Benitilla.
886 603 1410 637 Cria. Calla, no seas jumento.
888 643 1420 675 Paj. Ponte pues en este lado
929 682 1445 716 y mira que andes con tiento.
888 723 1448 754 Cria Ahora dí, qué he de hacer?
881 760 1490 796 Paj. Escucha; ahora en viniendo
929 803 1298 834 el Baron y Sinforosa
920 842 1366 875 á decirse sus requiebros,
932 881 1356 914 cuando le dará la mano
926 922 1388 954 coge la del Baron luego:
935 961 1390 994 pues con la de Sinforosa,
928 1001 1410 1034 procuraré hacer lo mesmo.
927 1041 1316 1072 Ya D. Anacleto tiene
929 1080 1359 1112 los testigos encubiertos
930 1119 1390 1151 para lograr, que al Baron
923 1159 1372 1191 lo pillen en casamiento;
923 1198 1394 1233 Salen con luces, nos ven,
920 1239 1354 1272 se dá testimonio de ello,
927 1275 1351 1310 y hétenos aquí casados
926 1317 1297 1350 a medida del deseo.
888 1357 1470 1390 Cria. Pues á este lado me pongo:
930 1398 1400 1430 parece que pasos siento?
924 1437 1378 1470 mira, que la atines bien.
887 1477 1454 1509 Paj. Calla que ya van saliendo:
921 1517 1398 1548 sin duda que es Sinforosa
929 1556 1476 1588 que hácia esta parte la siento.
891 1594 1571 1627 Pónese la Criada á la parte por
887 1634 1580 1669 donde saldrá el Baron, y el Paje
886 1675 1575 1708 al contrario pero ambos unidos
1046 1715 1410 1747 en medio del teatro.
880 1755 1479 1788 Sinf. Lo que tarda aun el Baron!
932 1795 1397 1826 las onee y minuto y medio
927 1835 1417 1867 son ¡y aun no ha parecido!
935 1874 1416 1907 yo estoy ya que no sosiego,
925 1914 1378 1948 la sala toda está obscura,
924 1955 1454 1986 mi padre así lo ha dispuesto.
927 1995 1390 2026 Yo digo que miel caliente
927 2034 1414 2068 es lo que busca el buñuelo.
