1765 2512
299 244 345 277 4
239 292 732 328 que puede ser de provecho
247 331 610 364 para poderse lograr,
233 371 622 403 el intento que deseo:
241 411 650 446 hija, quédate con Dios,
247 452 703 485 que yo voy á disponerlo.
807 451 885 484 vase.
210 492 740 526 Sinf. Haga V. que sea pronto
249 530 651 568 y sino con el primero
247 571 677 607 que pasará por la calle,
260 610 757 644 voy á hacer mi casamiento.
210 650 691 685 Paj. Para eso aquí estoy yo
768 650 893 684 aparte.
245 691 750 724 que costará menos tiempo.
209 731 798 765 Sinf. Quédate tú en la antesala
251 770 857 805 mientras que me estoy vistiendo.
220 811 822 844 Paj. Pues Señora, aquí su padre
258 850 800 884 me entregó en este Cuaderno
257 890 661 924 todas las ebligaciones
265 931 760 964 que en aquesta casa tengo,
257 969 616 1003 aguarde V. yo veré
262 1009 786 1043 si es que la obligacion tengo
262 1048 769 1084 de quedarme en la antesala
263 1088 831 1123 mientras que se está poniendo
267 1129 646 1162 el lamedor y seretas,
272 1167 728 1202 que sino está volaverunt.
222 1209 751 1242 Lec. «Estarás en la antesala,
273 1248 778 1280 vaya V. que aquí me quedo.
225 1287 875 1323 Sinf. Pues cuidado; hasta que salga
824 1327 906 1359 vase.
269 1328 729 1362 no te menees del puesto.
223 1368 769 1405 Paj. Ahora que estamos solos
273 1407 700 1442 repasemos el cuaderno.
279 1448 698 1479 «Estarás en la antesala
276 1488 694 1519 cirás por el Peluquero
283 1527 758 1559 «por el maestro de Sastre
283 1566 760 1601 «y tambien por el Barbero,
283 1608 763 1643 «le darás la esponja al.....
490 1666 750 1701 Sale la Criada.
237 1688 451 1722 Cria. Zape,
282 1727 746 1761 malditos sean tus huesos,
278 1769 812 1801 que se me come un pichon,
279 1807 703 1840 anda cógele corriendo.
249 1848 792 1880 Paj. No tenga V. tanta prisa,
288 1887 770 1920 aguarde y ahora veremos
291 1927 850 1959 si es que está en la obligacion.
247 1967 696 1998 Oria. Menèate majadero.
251 2007 843 2040 Paj. Aguarde V. y teuga flema..
295 2046 712 2079 CIrás por el Peluquero
303 2086 784 2119 apor el maestro de Sastre.
253 2126 889 2160 Cria. Vés que se lo está comiendo!
928 291 1560 325 Paj. Pues no está en la obligacion,
962 331 1462 364 que le haga buen provecho,
919 369 1494 403 Cria. Si con un cucheretazo....
923 412 1437 443 Paj. Si te cojo juro al cielo
977 451 1393 484 que lo tienes de llevar
1140 491 1406 522 Sale Anacleto.
932 530 1517 562 Anac. Ola, que viene á ser esto?
930 569 1536 602 Gria. Este que es un lame platos.
932 609 1452 644 Paj. Esta que es úna alca....
937 649 1177 681 Anac. Bueno:
976 689 1525 720 siemipre que me vuelvo á casa
979 729 1484 761 os hé de encontrar riñendo?
975 768 1614 800 tú muchacha á la cocina, vase.
977 808 1611 840 y tú Alifonso á tu puesto. vase.
944 849 1446 881 Pj. Afé sino viene el amo
977 889 1502 921 que se lleva un buen bolero,
973 929 1450 960 no que con estas fregonas
984 969 1426 1001 es necesario andar tieso.
937 1020 1625 1056 Sale Sinforosa corriendo y al decir
980 1063 1581 1095 los primeros versos tropiesa y cae.
945 1126 1569 1158 Sinf. Oyes chico, vé al instante....
1004 1166 1487 1200 Ay Jesus! válgame el cielo.
991 1205 1423 1238 Llégate, dame la mano
990 1245 1480 1278 que levantarme no puedo.
959 1285 1523 1319 Paj, Aguarde y tenga paciencia
995 1325 1429 1361 y veremos el Cuaderno.
953 1364 1512 1398 Sinf. Mentecato ven al punto.
954 1403 1536 1439 Paj. Tenga V. flema y veremos
999 1443 1561 1479 si es que está en la obligacion.
997 1484 1414 1518 dIrás por el Peluquero,
1006 1523 1533 1557 «por el maestro de Sastre.....
966 1561 1557 1599 Sinf. Se habrá visto tal jumento!
1004 1605 1407 1638 liégate dame la mano.
962 1644 1466 1678 Paj. Es V. pronta de genio!
1003 1684 1406 1717 déjeme acabar de ver.
962 1723 1521 1757 Sinf. Estoy que me desespero.
965 1762 1617 1797 Paj. Pues no está en la obligacion;
999 1800 1555 1839 bien puede estarse en el suelo:
1000 1843 1510 1879 que yo lo que no me toca,
1013 1882 1535 1918 digo que no quiero hacerlo.
1191 1923 1434 1955 Sale el Baron.
971 1958 1626 1996 Bar. Bien mio, qué es lo que tienes?
971 2003 1541 2037 Sinf. Que quise salir corriendo,
1012 2044 1462 2077 cáigo, le pido me ayude,
1009 2084 1479 2118 y dice no quiere hacerlo.
967 2122 1554 2158 Bar. Pues yo sí; dame la mano
