1765 2512
322 171 353 218 8
249 229 762 261 Anac. Digo Señores? alerta!
289 268 795 301 en avisando::: al momento.
252 309 872 341 Den. Escrió. Alerta Señor estamos,
288 349 759 382 no tengais ningun recelo.
253 388 830 421 Paj. Chica, aqui está Sinforosa.
256 428 921 460 Cria. El Baron ya entra aquí dentro.
371 467 809 499 Sale el Baron Armado.
252 507 780 540 Bar Las once vendrán á ser
285 547 813 585 y yo en la sala me encuentro
295 587 901 621 ¡Qué obscuro está! ¡y cuán al caso
289 627 785 660 le viene á mi pensamiento!
296 667 838 701 las puertas encontré abiertas,
298 707 764 738 Sinforosa lo habrá hecho.
256 747 776 780 Paj. Aquí se acerca el Baron,
296 787 766 820 Benitilla, anda con tiento.
266 825 800 859 Crid. No temas que yo lo yerre
304 866 876 900 pues que me importa el hacerlo.
253 906 855 942 Sinf. Este es mi querido amante,
301 946 718 977 á él; acercarme quiero.
266 986 826 1021 Anac. Los pasos son del Baron,
299 1025 765 1057 que chasco llevará luego.
262 1065 788 1097 Bar. Si es que sale Sinforosa
308 1104 831 1138 que chasco llevará el Viejo
266 1144 954 1180 Sinfarosa habla con el Paje y el
265 1185 945 1218 Baron con la Criada, todos fingiendo
531 1222 668 1257 secreto.
263 1262 856 1297 Sinf. Eres el Baron, mi amante?
266 1302 790 1340 Paj. Yo soy estimado dueño,
305 1343 834 1376 quien del cabello á la planta
308 1381 754 1417 armado cual D. Gaiteros
306 1422 777 1454 viene á verte, y á lograr
307 1462 754 1495 unirme á tí en himeneo.
266 1499 660 1537 Cria. Sois el Baron?
268 1541 540 1575 Bar. Sí, yo soy
305 1580 758 1616 dulce adorado embeleso.
276 1621 786 1657 Paj. Pide que te dé la mano,
1010 228 1559 262 que yo voy hacer lo mesnio
973 268 1640 302 Paj. Crig. Pues dame mi bien la mano.
972 307 1590 342 Bar, Sinf. Tómala adorado dueño.
979 350 1474 382 Paj. Piflala, que ya la pillo.
971 428 1642 461 Salen todos con luces, despues de ha-
1088 467 1530 500 berse tomado las manos.
974 507 1531 541 Anac. Ola! que viene á ser esto
1015 547 1394 580 sean ustedes testigos.
974 588 1572 621 Los 3. Bien está los tres lo vemos.
982 626 1574 660 Anac. Pero que es lo que yo miro?
976 667 1562 700 Paj. Lo que todos están viendo.
984 705 1546 740 Cria. Es Señores, que el Baron
1012 745 1526 782 aqueste favor me ha hecho.
982 787 1548 820 Paj. Y á mí tambien Sinforosa.
987 824 1604 860 Criz. En aqueste instante mesmo.
985 864 1664 899 Bar. Yo::: decid::: como; ni cuando?
979 906 1604 939 Paj. Cuando todos lo están vicudo.
984 945 1620 978 Escrib. Qué, quereis contradecirlo?
1017 983 1508 1019 esto es casamiento hecho.
979 1025 1535 1058 Los 2. Y nosotros dos testigos,
1034 1065 1438 1100 que venimos para ello.
988 1104 1672 1138 Anac. Hija y tú de esto, que me dices?
981 1145 1556 1178 Sinf. Que se cumplió mi deseo
1022 1184 1534 1218 que ya me casé esta noche
1031 1224 1492 1257 con muchisimo contento.
990 1263 1566 1297 Anac. Pero hija, fué con el Paje!
986 1303 1584 1336 Sinf. Con el Paje, y qué tenenios
1025 1343 1563 1376 digame V. ¿qué no es hombre:
988 1382 1551 1416 Paj: Sí lo soy, y muy completo.
997 1423 1438 1455 Anac. Y ven acá picaron:
1031 1462 1458 1494 es de tu obligacion eso?
986 1503 1542 1536 Paj. Es Señor mi conveniencia
1031 1542 1551 1577 que para el caso es lo mesmo;
1033 1583 1499 1615 y aquí se acaba el Sainete,
1029 1623 1553 1656 perdonad sus muchos yerros.
842 1819 1108 1973 FIN.
