1636 2464
1284 193 1534 345 (Número 270.)
494 1619 1200 1776 FAMOSOS ROMANCES
152 1813 1548 1863 DEL GIGANTE CANANEO SAN CRISTOBAL.
150 1869 1544 1920 Dáse cuenta como por órden de Jesucristo fué á predicar á los gentíles, y
152 1916 1552 1961 convirtió á cuarenta y ocho mil personas; como fué martirizado, y en su
207 1961 1484 2008 muerte se convirtió el Rey con ochenta mil personas de su reino,
320 2008 1370 2053 con otras particularidades que verá el curioso lector,
190 2097 660 2147 O montaña de virtudes!
150 2145 614 2195 ó fuerte pilar del cielo!
150 2195 540 2242 ó lucido peregrino!
156 2245 524 2293 ó famoso cananeo!
876 2114 1372 2154 hoy intenta mi discurso,
876 2161 1376 2206 con vivo y ardiente celo,
879 2211 1314 2253 referir á mi auditorio,
878 2260 1394 2302 desde vuestro nacimiento,
