1737 2508
199 350 780 390 Y viendo el Rey que ho halla
191 399 684 439 para Cristóbal tormento.
189 449 754 487 manda que en unas parrillas
191 498 751 537 le pongan y le echen fuego,
193 546 714 584 para que muera abrasado.
194 594 692 632 Mas ó prodigio supremo!
195 643 760 683 despues de tantos martirios,
185 693 730 731 hasta el fuego tuvo miedo,
189 740 725 779 que se apagó de improviso
189 791 692 827 sin ofenderle en un pelo.
193 835 697 876 Y ya echada la sentencia
187 885 728 927 del Supremo Rey del Cieio,
193 934 691 975 que el laurel y la corona
195 983 772 1024 tiene prevenído á un tiempo,
192 1032 732 1072 le dió licencia á la muerte,
191 1081 771 1121 y á Cristóbal le dió esfuerzo,
190 1131 746 1168 por segunda vez le vuelven
184 1178 675 1214 á amarrar en el madero
185 1226 726 1265 entre dos santas mugeres,
192 1276 754 1313 que juntas con él murieron.
189 1324 691 1363 Pero el famoso Cristóbal
183 1373 622 1412 alzó los ojos al Cielo,
186 1421 704 1462 ardiendo en amor de Dios,
181 1469 659 1508 estas palabras diciendo:
178 1519 573 1557 Poderoso Redentor,
183 1569 706 1606 humilde y manso Cordero,
189 1616 735 1656 que con tu preciosa Sangre
180 1664 638 1704 redimiste el Universo.
188 1712 776 1753 No es lo que siento el morir,
184 1761 714 1802 solo siento, amado Dueño,
188 1809 684 1852 que no muera como Vos,
181 1860 683 1899 enclavado en un madero.
178 1907 700 1948 No siento, no siento nada
191 1958 694 1998 de todos estos tormentos,
185 2005 730 2048 pues por mí pasásteis mas,
185 2053 697 2095 Redentor y amado dueño,
184 2102 601 2142 muero gozoso por ir
179 2151 711 2189 á gozar de vuestro Reino.
187 2200 705 2239 Con esto le dan un golpe
189 2249 736 2289 con el cuchillo en el cuello
180 2298 742 2339 razgando sus blancas venas
185 2350 683 2389 la roja sangre vertiendo.
1512 290 1552 328 7
918 352 1566 396 Bramó el mar, tembló la tierra,
910 403 1426 444 el Sol hizo mil estremos,
914 452 1455 491 y arrojando gruesas peñas
915 501 1454 542 los montes se destruyeron,
923 548 1427 587 y entre celestíales nubes
920 598 1442 637 con sonoros instrumentos,
915 647 1472 687 dos Angeles muy hermosos
914 696 1384 732 lucidos bajan del Cielo
910 745 1418 782 con la corona y la palma,
916 792 1524 833 que en sus sienes le pusieron;
913 841 1418 878 mas esto no fue bastante
919 890 1402 927 para aplacar lo soberbio
912 938 1520 976 del Rey, que con mayor rabia
914 987 1391 1023 á Cristóbal fue derecho
915 1036 1392 1072 para beber de la sangre
918 1084 1530 1123 que están sus venas vertiendo.
919 1132 1364 1170 Pero ó poderoso Dios!
912 1181 1389 1219 mas ó famoso portento!
914 1232 1405 1269 pues apenas llegó el Rey
916 1281 1358 1319 á tocar el coral terso,
915 1330 1299 1363 la flecha se le cayó
913 1375 1383 1415 sin hacerle movimiento
911 1425 1456 1465 de ira, y se encontró sano,
916 1474 1409 1515 Y reconociendo el yerro,
907 1523 1367 1562 en altas voces publica:
916 1572 1356 1611 viva, viva el cananeo,
915 1619 1410 1662 viva el Apóstol de Livia,
918 1668 1422 1707 viva el hermoso portento
913 1718 1411 1755 de Cristóbal, viva Cristo,
909 1766 1440 1803 vivan los Sacros Misterios
908 1816 1422 1854 de la Fé de Dios sagrada,
917 1863 1516 1900 viva el Dios de Tierra y Cielo.
910 1912 1474 1949 Mandó que por las ciudades
914 1960 1382 1999 que sujeta su gobierno,
914 2007 1446 2048 observen la Ley de Cristo,
911 2056 1466 2098 y así mismo todo el pueblo,
916 2106 1348 2143 dice: viva Jesucristo,
915 2155 1420 2195 que es el Dios verdadero,
923 2205 1378 2243 viva la Iglesia sagrada,
919 2254 1455 2291 y entonces se convirtieron
910 2302 1504 2342 mas de ochenta mil personas,
913 2355 1420 2389 y á Jesucristo siguieron.
