1737 2508
1427 62 1459 216 3
120 201 650 239 demonio, que te despeñas,
124 249 670 288 y advierte que este madero
115 297 658 336 es el mismo en que murió
124 344 672 385 Cristo rey de tierra y cielo,
120 395 730 435 el que ha de juzgar al mundo,
110 444 692 483 el que es el Dios verdadero,
115 488 563 532 baja á la orilla del rio
119 540 644 580 y encontrarás al momento
115 588 607 628 un ermitaño, y él mismo
121 639 601 677 te dará los documentos
120 690 541 725 favorables á tu alma,
124 738 603 774 para que ganes el cielo,
114 789 626 823 con esto quédate en paz,
116 832 517 872 y desaparcio luego.
118 884 642 919 Mirando aqueste prodigio,
125 932 608 968 de gozo el gigante lleno
121 982 574 1017 sin detenerse se parte,
123 1029 625 1066 y dentro de breve trecho
115 1079 663 1115 ha encontrado al ermitaño,
123 1127 640 1163 y le ha contado el suceso.
122 1173 574 1211 Ocupóse allí el gigante
117 1224 604 1261 en cruzar los pasageros
115 1272 661 1308 en sus superiores hombros
124 1322 580 1358 aquel rio tan soberbio,
124 1370 560 1406 así pasó muchos dias,
120 1418 682 1455 siempre imaginando atento,
118 1465 575 1504 y pensando discursivo
124 1516 634 1551 en el Dios mas verdadero
119 1564 721 1600 y estando un dia en su choza
126 1612 530 1649 oyó decir: cananeo,
123 1661 592 1698 con presteza se levanta
127 1711 630 1748 por si es algun pasagero,
127 1759 646 1795 y en la puerta de la choza
119 1806 653 1844 encontró un Niño tan bello
122 1856 604 1893 que parece un querubin
128 1904 602 1942 bajado del mismo cielo,
121 1954 549 1989 con la túnica morada
132 2002 544 2038 vestido de Nazareno.
128 2053 652 2088 ¿Quién eres, niño, le dice;
130 2101 621 2135 á donde vas, niño tierno,
132 2148 658 2184 tan hermoso y tan bizarro,
132 2196 690 2235 que entre volcanes de fuego
841 197 1340 231 se me abrasa el corazon,
839 244 1332 281 y no sé la causa de ello?
835 293 1428 328 dijo el el niño: si me quieres
843 341 1263 378 pasar el rio, prometo
841 390 1247 427 pagarte con el amor
839 439 1387 478 que se coloca en mi pecho;
846 487 1339 525 voy á buscar á mi padre,
837 537 1396 575 que vive de aquí muy lejos
838 586 1446 624 Tomólo al hombro el gigante,
844 634 1336 670 y dentro de poco trecho
840 683 1300 718 le pareció se le hundia
839 732 1314 767 de su valor el cimiento.
835 780 1318 816 Entre sudado y confuso
840 831 1352 867 le dice: niño, qué es esto,
846 877 1468 915 que es tanto el peso que tienes
845 928 1352 963 que los dos pereceremos
841 975 1378 1011 en las soberbias corrientes
840 1024 1375 1060 de este terrible elemento?
848 1074 1390 1110 Cuanto mas anda mas pesa,
845 1121 1260 1157 y dice ya sin aliento:
852 1170 1410 1206 Cristo valme, y lo que pesa.
852 1217 1336 1254 Y entonces el niño bello
840 1268 1436 1304 respondió: ese es tu nombre.
847 1315 1398 1352 porque desde hoy pretendo
852 1366 1366 1402 que te intitules Cristóbal,
843 1413 1271 1450 y que seas misionero
841 1462 1353 1499 de mi ley, Cristóbal mio,
851 1512 1342 1548 para que vengas al cielo,
847 1560 1261 1596 y sabe que yo por tí
844 1607 1342 1644 dí la vida en un madero,
847 1655 1344 1694 y que soy el mismo Dios
843 1705 1409 1742 á quien buscas con tal celo.
844 1752 1318 1791 Predica mi ley Sagrada
846 1802 1404 1840 al rey y á los de su pueblo,
844 1850 1217 1887 y vendrás á poseer
846 1898 1338 1937 el palacio real del cielo,
848 1949 1290 1985 coronado de laureles,
852 1997 1399 2033 Cristóbal, que te prevengo,
849 2047 1335 2082 en esto quédate en paz,
845 2094 1310 2129 y descendiendo ligero
846 2142 1429 2180 de los hombros de Cristóbal,
855 2192 1351 2230 desapareció de un vuelo,
