1668 2472
159 94 205 140 6
107 167 514 205 el Sacerdote arguyó
108 216 686 258 con nuestro gran misionero.
96 265 588 308 Le saca mil falsedades,
96 314 590 356 le propone mil enredos,
104 365 554 399 le dijo que Jesucristo
104 411 584 452 no era Dios verdadero.
112 461 627 505 Cristóbal de que esto oyó,
102 509 625 549 dijo; mientes, embustero.
105 559 674 598 que Cristo murió en la Cruz
103 608 637 646 por librarnos del Infierno,
107 657 688 695 y se encarnó en las entrañas
103 705 605 741 de Maria, gran portento!
101 755 523 791 y eLEspríritu asistió
102 803 656 844 por obra del Padre Eterno,
104 852 753 899 y así riva Jesucristo,
104 901 702 942 y mueran los dioses vuestros:
107 947 632 992 Cristo viva y Cristo reine,
112 997 706 1041 que este es el Dios verdadero,
101 1047 494 1084 y por Cristo pasaré
96 1095 590 1136 mil fatigas y tormentos.
96 1142 513 1181 Al oir estas palabras
95 1192 606 1231 alzó la mano un perverso
98 1240 543 1283 y á Cristóbal le tiró
95 1288 635 1328 un bofeton (qué tormento!
100 1338 759 1382 Mandó el Rey con gran soberbia
90 1389 664 1427 que amarrado en un madero
96 1436 558 1474 le dieran tantos azotes
100 1483 618 1528 que se lo dejaran muerto.
104 1534 594 1579 Obedecen al mandato
100 1583 600 1622 y con impiedad le dieron
86 1631 602 1674 mas de cinco mil azotes,
96 1678 610 1720 pero ó permiso del Cielo!
90 1726 652 1770 que cuando azotado estuvo,
88 1774 719 1823 luego ante el Rey lo volvieron,
86 1824 569 1870 sín tener una señal
88 1870 608 1918 del castigo que le dieron,
89 1921 544 1962 las manos atras atadas
86 1972 662 2016 y una soga puesta al cuello,
92 2018 496 2056 El Rey se maravilló
83 2066 626 2112 y en altas voces diciendo:
87 2114 552 2162 Justicia, Júpiter mio,
91 2170 716 2211 que este hombre es hechicero.
845 178 1324 219 Vayan y no se detengan,
837 227 1299 263 y una corona de hierro
836 275 1356 315 hecha ascua han de traer
844 325 1360 363 y pónganla en su cerebro.
836 373 1294 411 Al punto lo ejecutaron,
839 423 1413 460 (¡pero ó sacro Rey del Cielo,
840 470 1392 507 que quisísteis que Cristóbal
832 519 1346 556 no pasase este tormento!)
833 569 1331 603 y viendo el malvado Rey
829 615 1423 658 que no le agraviava el fuego,
828 664 1346 703 rasgando sus vestiduras,
837 712 1364 754 despedazándose él mesmo,
832 761 1264 797 dice: llevar esta fiera
833 812 1315 846 y sujetarla á un madero
829 861 1176 898 y asaetearlo allí,
832 910 1304 944 y si no es bastante esto
825 958 1308 995 para que acabe su vida,
825 1005 1317 1043 con los filos de su acero
822 1053 1272 1094 le cortareis la cabeza,
832 1104 1382 1144 para que acabe mas presto;
832 1152 1374 1189 que me voy á aquel balcon
832 1200 1377 1239 que desde allí quiero verlo.
819 1249 1189 1287 Lo ejecutaron así,
825 1298 1463 1350 y salieron los flecheros
828 1347 1246 1384 para quítarle la vida
824 1393 1315 1433 á este segundo Cordero.
828 1443 1372 1483 Le apuntan con la ballesta,
820 1493 1332 1532 y sale la flecha huyendo,
830 1543 1295 1581 y fué á pegar en el ojo
828 1590 1422 1628 del Rey que lo estaba viendo;
817 1639 1406 1678 con mas soberbia que nunca
824 1687 1336 1727 se levantó echando fuego
823 1737 1353 1774 por la boca, y por los ojos
816 1784 1446 1832 centellas de vivo incendio.
818 1835 1395 1885 Arrojóse con la espada
815 1883 1407 1920 para darle muerte él mesmo;
816 1931 1425 1984 mas al levantar el brazo
819 1980 1469 2034 ó maravilla, ó portento!
822 2027 1465 2081 de la guarnicion se sale
822 2079 1398 2122 la hoja ella misma huyendo,
818 2128 1408 2168 por no ofender á Cristóbal
825 2179 1488 2214 que aun de morir no era tiempo.
