1737 2508
1564 58 1596 214 5
428 493 1485 542 SEGUNDA PARTE.
267 710 1658 791 Dáse cuenta de los prodigios que hizo en la pre-
272 781 1675 862 dicacion del Evangelio, y los crueles tormentos
402 853 1608 935 que padeció este glorioso mártir de la
692 936 1247 998 religion cristiana.
330 1279 877 1318 Ya dije en la primer parte,
279 1328 773 1368 noble auditorio discreto,
289 1377 772 1416 como Cristóbal quedaba
283 1425 799 1465 predicando muy contento
279 1474 785 1515 la ley Sagrada de Cristo,
288 1522 800 1562 y dentro de breve tiempo,
284 1568 806 1610 convirtíó cuarenta y ocho
282 1618 867 1659 mil personas de aquel pueblo.
288 1667 765 1709 Llegó la noticia al Rey,
289 1716 825 1756 y con gran rabia y veneno,
290 1764 685 1804 solícito y cuidadoso
290 1812 828 1852 al punto mandó prenderlo.
300 1861 785 1905 Cristóbal de que lo supo
288 1912 749 1955 al palacio fué derecho,
296 1961 756 2000 y comenzó á predicarle
298 2008 749 2052 sin temor y sin rezelo.
305 2057 846 2098 Vió un altar bien adornado,
300 2106 949 2150 y á un Júpiter puesto en medio:
291 2156 737 2198 le cogió de la cabeza
295 2208 774 2247 con su varonil esfuerzo,
1008 1249 1605 1306 y lo hizo mil pedazos
1007 1295 1653 1356 sin detenerse en el suelo.
1009 1347 1642 1404 El Rey dijo: Ola, prendedle
1010 1403 1660 1453 que ese es mucho atrevimiento.
1012 1453 1541 1503 Aquí empiezan las fatigas,
1016 1501 1607 1551 aquí empiezan los tormentos,
1016 1551 1464 1599 pero ó Supremo Dios!
1014 1595 1652 1649 que cuando á prenderle fueron
1014 1646 1529 1697 todos quedaron turbados
1016 1698 1565 1744 cuando delante estuvieron.
1011 1746 1589 1793 En fin, Dios les dió licencia,
1016 1798 1577 1841 y á Cristóbal lo prendieron,
1018 1840 1584 1890 métenlo en un calabozo
1016 1893 1621 1941 muy lóbrego y muy horrendo,
1024 1940 1504 1989 y al cabo de pocos dias
1017 1987 1520 2038 el Sacerdote del pueblo
1023 2040 1517 2085 dijo al Rey, que argüiria
1020 2089 1452 2134 solo con el cananeo.
1020 2140 1467 2184 Lo saca de la prision,
1026 2184 1643 2236 y en presencia del Rey mesmo
