1737 2508
1127 211 1417 249 Núm. 52.
381 1343 1359 1409 HISTORIA DEL CONDE NINO,
568 1453 1190 1506 Y CANCION DE GERINELDO.
192 1568 1594 1652 En la que se espresan los amores y fuga de Gerineldo con la bella
456 1637 1306 1696 Enildas, Sultana favorita del Gran Señor.
236 1809 713 1852 Se levanta el conde Niño,
203 1857 633 1899 la mañana de San Juan,
200 1900 637 1942 á dar agua á su caballo
212 1943 652 1986 en la corriente del mar;
203 1985 678 2031 las aves que van volando
208 2030 679 2074 se han parado á escuchar.
206 2074 714 2117 Grandes guerras se publican
216 2122 654 2162 entre España y Portugal
212 2166 664 2204 y nombran al conde niño
220 2210 555 2250 de capitan general.
256 2250 787 2294 La hermosa Enildas lo llora
219 2296 616 2341 sin poderlo remediar,
916 1789 1387 1829 pues debe con él casarse,
913 1833 1323 1873 segun contrato formal
920 1876 1411 1918 que sus padres celebraron.
959 1919 1374 1961 Señora de mi alvedrio
925 1965 1441 2005 no os tomeis tan gran pesar,
921 2010 1489 2049 si á los seis años no he vuelto,
925 2054 1375 2094 con otro os podeis casar.
970 2098 1323 2138 Pasáronse seis años
931 2143 1348 2183 sin haber razon formal
938 2186 1363 2228 para consolar á Enildas
943 2234 1316 2272 que morirá de pesar.
972 2277 1467 2316 Mas al cabo de este tiempo
