1737 2508
374 246 689 283 Hace que se va.
186 295 812 333 Rod. ¿Sin oirme os quereis ir?
235 346 740 381 No, Rey Alfonso, volved,
239 393 719 431 vuestro enojo deponed,
240 442 822 479 que os quiere hablar el Cid,
250 491 643 527 que cumplir debo...
196 540 594 575 Rey. No es tiempo.
202 588 519 625 Rod. Escuchad.
199 637 878 674 Rey. No lienes que persuadirme,
203 682 879 722 Rod. Digo, señor, que ha de oirme
246 734 683 771 otra vez tu magestad.
247 783 771 821 Acordaos que soy el Cid.
200 832 722 872 Rey. Ya lo sé, no sois...
202 881 594 923 Rod. Yo intento....
206 928 894 967 Rey. ¿Quien me tomó juramento?
201 977 627 1017 Rod. El mismo soy.
208 1025 536 1064 Rey. Proseguid.
201 1074 900 1111 Rod. En primed lugar, mi espada
255 1122 804 1161 y este brazo que la abona,
253 1171 738 1208 os puso bien la corona,
256 1219 840 1257 que aunque estaba laureada
258 1268 719 1306 en vuestra cabeza real
259 1317 694 1355 por la justa sucesion,
263 1365 703 1403 os asentava muy mál.
262 1414 718 1452 Si juramento os tomé,
264 1465 764 1501 no fué contra mi lealtad,
258 1512 740 1548 que antes á la magestad
263 1562 697 1597 perfectamente aboné:
268 1608 843 1646 porque apenas mal contento
265 1659 672 1694 el vulgo bárbaro ví,
261 1707 720 1743 cuando el daño redimí
259 1756 784 1791 con la ley del juramento;
265 1804 776 1841 si por la junta y las layes
268 1852 782 1889 os qujais de enojo ciego,
274 1902 843 1937 cumpla yo con Dios, y luego
272 1950 791 1987 quéjense de mí los reyes.
270 2000 799 2035 El traidor que os dijo, sí,
269 2048 737 2083 que á Bellido no maté,
265 2095 771 2132 y que de miedo no entré
265 2144 782 2180 di vuelta (á pesar de mí)
268 2193 718 2230 en Zamora, vive Dios,
267 2241 898 2277 que os ha engañado en Toledo;
272 2288 851 2326 decidle que busque al miedo
273 2341 904 2376 porque hablando entre los dos,
981 233 1486 274 si en mi valor se repara,
973 280 1518 323 por san Pebro de Cardeña,
984 326 1607 373 que si el miedo no me enseña,
975 378 1499 421 yo no le he visto la cara.
978 427 1498 468 Cuando á Zamora llegué,
979 474 1571 518 el traidor buscando el centro
983 525 1495 566 de su vida estaba dentro,
988 572 1465 615 cerrada la paerta hallé:
984 616 1495 663 vuestra sangre me obligó
982 669 1489 712 á no trepar por el muro,
987 716 1539 760 que en el no estaba seguro
989 766 1447 810 ei traidor que lo mató,
994 814 1529 859 como traidor sin segundo.
990 862 1545 907 Por san Millan, que matara
996 912 1505 957 cuantos traidores hallara
991 962 1565 1006 por los ámbitos del mundo,
991 1007 1573 1056 y si alguno os ha informado
988 1056 1599 1103 mal de mi.... Pero este Solio
994 1110 1452 1151 de los reyes Capitolio,
995 1156 1459 1200 es un divino sagrado:
1000 1205 1462 1247 el decoro no perdamos
1000 1254 1521 1297 al lugár que obedecemos,
1004 1303 1497 1345 las pasiones moderemos
999 1351 1555 1392 y al segundo cargo vamos,
991 1393 1641 1442 Si se advierte que en las córtes
1000 1443 1639 1491 no me hallé, fué porque estaba
993 1494 1581 1539 con los moros que mandaba
1000 1544 1523 1587 á las cortes dé la muerte;
997 1593 1527 1636 no os faltó mí voto á vos,
1003 1642 1519 1684 que en la guerra singular
1007 1694 1397 1734 daba voto de matar
1000 1742 1449 1783 los enemigos de Dios.
999 1790 1549 1832 Los dos vimos en la tierra
998 1839 1485 1880 nuestro valor mejorado,
1003 1888 1532 1928 vos en consejo de Estado,
1011 1937 1509 1977 yo en consejo de Guerra:
1005 1987 1479 2027 no falté á la magestad,
1009 2035 1512 2076 que las cortes del valor,
1009 2085 1409 2124 cada palabra Señor
1013 2133 1407 2173 os valia una ciudad.
1003 2179 1554 2221 Culpáisme porque atrevido
1004 2230 1441 2271 con católico denuedo
1003 2279 1531 2319 hice la guerra en Toledo,
1011 2328 1503 2369 el bárbaro la ha tenido.
