1765 2512
191 280 673 318 Dias há Cid Campeador,
201 329 705 370 que me tiene disgustado.
207 378 721 418 vuestra materia de estado
199 426 616 468 indigna de mi valor.
203 473 725 516 En primer lugar presento
195 521 681 564 á vuestra soberbia idea
210 570 755 613 que dentro de Santa Gadea
203 621 703 661 me tomasteis juramento
205 669 605 709 sobre si parte tenia
211 716 807 757 en la muerte de mí hermano:
212 768 587 805 desacato soberano
207 817 653 858 y especie de alevosia:
209 867 707 902 pues fuera mas justa ley
210 914 704 951 de la nobleza aplaudida,
217 962 683 1001 que le quitarais la vida
213 1010 818 1048 á quien dió la muerte al rey:
211 1058 709 1104 y dijo alguno en Toledo,
215 1107 817 1149 que cuando al muro llegasteis
219 1157 711 1195 de Zamora no pasasteis,
215 1205 737 1244 ó de cautela ó de miedo.
215 1252 745 1292 El segundo cargo ha sido
215 1303 771 1342 tan vuestro como de infiel,
213 1352 669 1393 pues con ánimo cruel
224 1401 746 1440 el reino habeis destruido,
224 1451 720 1489 del rey moro de Toledo,
225 1499 713 1538 que enámí palabra fiado
224 1546 689 1589 estaba bien descuidado
228 1595 703 1637 de semejante denuedo,
229 1641 797 1689 ¿Quien os dió licencia á vos
223 1690 745 1738 para quebrantar las leyes
233 1739 807 1782 que ajustaron vuestros reyes
233 1786 757 1831 puestos por mano de Dios
231 1834 811 1878 sobre la tierra? ¿Que hazaña
232 1884 818 1927 puede ser la que ha rompido
239 1936 611 1976 el fuero favorecido
236 1980 793 2024 por mi consejo en España?
232 2027 845 2073 Fuera de esto, os he llamado
237 2080 723 2121 á las cortes, y fingisteis
241 2123 873 2173 que en las guerras anduvisteis
246 2177 807 2221 conquistándome un Estado:
241 2226 777 2270 y cuando á Cuenca queria
239 2278 773 2317 con mis armas conquistar,
239 2327 715 2367 me dijisteis vos, Vivar,
242 2374 743 2418 que esperiencia no tenia
939 261 1477 302 de la guerra que era mozo
947 312 1365 351 para salir á campaña
942 361 1398 399 sin castigar en España
943 409 1357 448 el desvelo cauteloso
942 454 1569 495 de algunos, que mal contentos
949 508 1361 546 estaban de mi poder,
941 554 1407 594 accion de no obedecer
948 603 1525 643 mis bien fundados intentos!
943 651 1483 690 Siendo así que se condena
949 700 1432 738 vuestro consejo fingido,
945 747 1441 788 pues os fuisteis atrevido
943 796 1359 836 á ver á doña Jimena
938 846 1437 884 y me dejasteis Rodrigo,
951 893 1457 933 con la carga del imperio,
954 940 1527 983 espuesto á que en cautiverio
957 991 1426 1030 me pusiese el enemigo!
960 1040 1443 1079 Todos estos cargos son
959 1089 1481 1127 tan ciertos por la codicia,
955 1134 1497 1176 que están pidiéndo justicia
956 1186 1425 1225 á mi recta indignacion.
966 1234 1357 1273 Vasallo tan atrevido
956 1282 1535 1323 no ha de vivir en mi tierra,
955 1332 1383 1371 áliméntelo la guerra,
955 1378 1539 1420 pues de la guerra ha vivido.
963 1427 1435 1467 Salid luego desterrado
963 1475 1516 1516 de mi reino que no es justo
958 1524 1423 1567 que yo reciba disgusto
967 1572 1539 1614 de un vasallo que ha llegado
959 1622 1415 1664 á oponerse á mi poder
959 1675 1368 1713 llevado de su valor,
969 1721 1473 1763 que el criado á su señor
965 1770 1449 1810 debe siempre obedecer.
971 1817 1563 1860 La sentencia que os he dado,
967 1866 1473 1909 cumplídla porque no sea
970 1914 1437 1959 la jura en Santa Gadea
975 1962 1479 2006 escándalo de mi Estado.
976 2010 1501 2057 Los puestos y los tesoros
983 2059 1573 2104 que adquiristeis en la guerra.
983 2108 1511 2154 veré si puedo en mi tierra
977 2156 1521 2204 confiscarlos contra moros.
975 2205 1517 2251 Y esta ley de mi grandeza
978 2256 1511 2301 se cumpla como ella está,
977 2307 1391 2352 porque de no bajará
981 2355 1527 2399 á mis pies vuestra cabeza,
