1765 2512
151 289 607 347 ¿Qué consejo soberano
163 337 707 389 puede aprobar en la tierra
160 388 769 437 que rompa el moro la guerra,
163 436 707 486 y no la rompa el cristiano?
161 485 755 532 No me hableis con intencion,
157 535 713 583 quo se por cosa muy clara,
164 585 697 631 que si á Toledo os ganara,
162 632 591 679 aprobaríais la accion.
161 680 621 726 Si á Cuenca no permití
168 730 649 777 que se conquistase, fué,
163 776 601 824 porque desigual hallé
167 826 694 871 las fuerzas, que en vos no vi.
159 873 677 921 No está el arte de vencer
169 925 615 970 en la juventud, señor,
170 971 692 1019 la esperiencia es en rigor
171 1020 593 1068 la ciencia de poseer:
168 1067 713 1117 la guerra se ha de intentar
168 1116 697 1165 con muy maduró consejo,
171 1167 661 1216 y el poder es un espejo
177 1218 611 1259 donde se debe mirar:
169 1266 641 1315 y sabed por maravilla,
170 1310 767 1361 que os conquistó mi persona
172 1361 719 1408 desde Toledo á Pamplona,
175 1409 669 1456 desde Galicia á Castilla.
177 1458 661 1504 Cinco reyes he vencido;
174 1506 681 1553 diez castillos he ganado,
180 1553 764 1604 un reino os he conquistado,
174 1600 749 1655 y una provincia he rendido:
176 1650 695 1702 y finalmente, aunque vos
175 1702 699 1750 me desterreis por estado,
176 1749 697 1798 no teneis ningun soldado
174 1796 687 1847 mejor que yo, vive Dios?
175 1855 529 1901 y esta espada....
127 1901 473 1950 Rey. Basta digo.
125 1945 717 2000 Rod. No basta rey soberano,
177 1993 763 2053 que los disgustos de un rey.
893 278 1445 320 son muerte de los vasallos.
890 327 1445 371 Que os dejé, me decis vos:
895 376 1403 417 mejor, señor, os dejaron
895 425 1415 466 en los campos de Villena
897 475 1365 513 esos infansones bravos,
897 524 1381 563 capitanes de la envidia,
902 571 1343 611 lisongeros de palacio.
902 617 1495 659 Cuando en poder de cuarenta
906 669 1282 709 agarenos africanos
895 714 1425 757 os llavaban y vo entonces
905 764 1441 805 dando espuelas al caballo,
905 812 1379 853 de los cuarenta ginetes
900 861 1449 903 diez solos vivos quedaron,
903 907 1459 954 y no quedaron que huyeron
911 959 1401 1000 del noble Cid castellano;
907 1004 1511 1052 y alguno que me está oyendo
907 1053 1487 1098 fué el primero que vagando
905 1101 1441 1146 los vientos á rienda suelta
901 1154 1423 1195 se puso, señor, en salvo,
902 1202 1429 1245 yo lo digo, don Bermudo,
907 1246 1535 1292 miradme bien que yo os hablo.
860 1299 1447 1342 Rey. Don Rodrigo de Vivar,
909 1346 1367 1389 salid luego desterrado
913 1395 1399 1439 por un año de mi córte.
862 1443 1543 1487 Rod. Yo me destierro por cuatro,
864 1491 1494 1535 Rey Por atrevido os destierro.
871 1539 1443 1584 Rod. No soy sino temerario.
971 1586 1537 1629 Rey. Son muchos vuestros delitos.
864 1637 1542 1681 Rod. Ya he respondido á los cargos.
867 1686 1481 1730 Rey. Sin vos viviré contento.
870 1732 1507 1779 Rod. Vivid, señor, largos años.
868 1783 1541 1828 Rey. ¿No sois vos el Cid Ruy Diaz
926 1833 1380 1875 el soberbio castellano?
876 1887 1170 1925 Rod. Si señor.
868 1930 1361 1973 Rey. Guárdeos el cielo.
869 1977 1460 2023 Rod. Y á vos dilatados años.
753 2164 940 2202 FIN.
649 2327 1049 2371 CARMONA:—1855.
284 2371 1435 2433 Imprenta de D. José María Moreno, Descalzas núm. 1.
