1737 2508
773 236 1240 268 A Dios, corazon amante,
720 279 1286 313 á Dios, palma de hermosura,
722 322 1254 358 á Dios, clavel, á Dios, rosa,
719 366 1204 400 á Dios, hermosa pintura.
320 407 835 444 A Dios, clavel encarnado,
274 450 724 487 espejo resplandeciente,
272 494 890 533 á Dios, arroyo, á Dios, fuente,
272 538 764 578 á Dios, pimpollo dorado,
280 583 750 620 á Dios te digo llorando,
271 627 849 666 que te quise muy constante,
265 670 777 708 mi retrato es semejante,
268 715 828 754 me tendrás en la memoria,
273 758 780 795 te vuelvo á decir ahora,
269 804 735 839 á Dios, corazon amante.
314 846 855 882 Cada vez que pienso en tí
272 891 751 928 me pongo á considerar
280 933 793 974 qué camino he de tomar,
278 976 693 1012 no lo quisiera decir,
274 1020 788 1062 por no darte que sentir,
269 1063 719 1101 bella humana criatura,
267 1107 832 1147 advierte que no es pintura,
271 1151 830 1191 que esta es la pura verdad,
268 1194 667 1233 asi te digo, deidad,
269 1240 821 1276 á Dios, palma de hermosura.
1051 413 1538 447 Ya he perdido mi alegia
995 456 1345 490 y la hora llegará
996 501 1430 535 que no cese de llorar
1000 543 1464 578 ni de noche ni de dia,
994 588 1508 625 al no ver la prenda mia,
993 631 1503 666 aquella luz tan hermosa,
995 675 1530 713 tan bonita y tan preciosa,
992 718 1467 754 dibujarla no he podido,
991 763 1481 797 y por lo mismo te digo,
992 807 1526 841 á Dios, clavel, á Dios, rosa,
1040 851 1578 888 A Dios, que ya no te veo,
994 892 1536 929 que la razon ya me obliga
994 935 1496 973 á perder pronto la vida,
1004 981 1481 1016 en un continuo desvelo,
1000 1023 1497 1062 si lo permitiera el cielo,
990 1067 1470 1102 tú fueras mi sepultura,
992 1113 1542 1148 para mi ya no hay dulzura,
998 1155 1516 1193 consuelo no he de tener,
1000 1201 1472 1233 como no te puedo ver,
988 1243 1473 1278 á Dios, hermosa pintura.
761 1286 1191 1320 Si tomáras mi consejo,
713 1330 1167 1363 no lloraras como lloras;
722 1373 1169 1407 quisistes hacer tu gusto
721 1418 1204 1452 ¿a quien te quejas ahora?
314 1462 808 1494 Que te veas despreciada,
264 1504 860 1542 de mi amor culpa no tengo,
262 1547 785 1584 amarte mas no pretendo,
276 1590 716 1624 olvido glorias pasadas,
272 1635 756 1672 sigue tu vida arrastrada,
271 1680 724 1712 con ese nuevo cortejo.
261 1723 745 1756 se acabaron mis reflejos
273 1767 637 1800 que tenia para tí,
265 1812 706 1843 pues no te vieras así
263 1854 721 1888 si tomáras mis consejos.
307 1898 828 1933 Pensaste que con dejarme
265 1942 711 1976 gloria mayor hallarias,
257 1986 773 2021 y que mas amor tendrias,
268 2031 756 2064 y te engañastes, infame,
269 2072 648 2106 deja de solicitarme,
264 2116 732 2150 ingrata, falsa, traidora,
267 2159 742 2194 de mi amor obligadora,
258 2205 862 2241 que en nada te he de valer,
259 2250 741 2283 pues si supieras querer,
260 2294 718 2328 no lloráras, como lloras.
1036 1461 1601 1498 Desde el dia en que te amé,
989 1507 1539 1538 y que tú conmigo hablabas
987 1548 1538 1584 muy bien que te regalaba,
992 1593 1404 1626 y gozabas de mi fé,
994 1637 1454 1671 cuando tuve te brindé,
989 1680 1483 1712 privándome de mi gusto
993 1723 1473 1756 tú como dueño absoluto
994 1768 1486 1802 por no dejar tu amistad,
989 1811 1406 1845 y seguir tu vanidad,
987 1853 1428 1889 quisiste hacer tu gusto.
1025 1898 1590 1935 En fin, amor que yo tenga,
993 1942 1470 1978 no me muestres lealtad,
988 1987 1460 2019 quejoso de tu amistad,
988 2029 1546 2066 lo he de tratar con fiereza,
979 2075 1442 2106 ingrata, por tu vileza,
988 2119 1476 2153 mas advirtiéndote ahora,
990 2163 1524 2198 de que tengo otra señora;
984 2206 1532 2240 mas bonita y mas honrada,
977 2250 1564 2287 si te eucuentras despreciada,
985 2295 1463 2332 ¿á quién te quejas ahora?
