1765 2512
919 80 952 231 2
228 218 711 270 de padres noblés y ricos
223 268 753 318 nació un bizarro mancebo,
227 321 665 366 es liberal y entendido,
227 365 772 415 para las armas muy diestro.
229 413 727 463 Llamabase aqueste jóven
233 464 739 510 el Señor D. Pedro Azedo,
225 511 707 560 apenas tuvo veinte años
231 564 639 608 este noble Caballero,
229 608 727 656 se enamoró de una dama,
233 657 731 705 que era la hija de Vénus;
227 706 763 753 un portento en hermosura,
234 757 699 803 y de Palas un bosquejo.
226 807 588 851 Paseàbale la calle
236 852 649 899 con amorsos anhelos
229 898 809 948 siendo un lince de sus rejas,
223 946 811 997 y otro Argos en sus desvelos,
225 995 787 1045 le escribió muchos billetes,
232 1044 821 1092 con muchos discretos versos,
237 1093 811 1141 dándole á entender su amor,
229 1144 687 1193 y la dama conociendo
231 1192 723 1239 la firmeza de su amante,
225 1241 719 1289 aguardó lugar y tiempo,
236 1287 756 1336 y un domingo por latarde
234 1337 758 1384 estando tomando el frezco
239 1389 703 1433 en la puerta del jardin,
235 1438 689 1481 vido yenir á D. Pedro,
232 1479 841 1531 le aguardo con gran semblanto
237 1529 837 1577 llegó, y se quitó el sombrero,
237 1586 639 1626 le hizo una cortesía,
227 1629 709 1681 y le dice; amado, dueño
244 1676 803 1725 ó que diShososequs haysido
240 1728 726 1773 mis ojos en este tiempo!
233 1774 740 1819 Pues han llegado á mirar
233 1826 696 1869 á tan peregrino objeto:
231 1875 665 1917 si merecie ra, Señor,
243 1924 721 1965 el ser tu querido dueño,
238 1968 813 2015 no hubiera cosa én el mundo
237 2019 759 2066 para mí de mayor precio.
237 2070 705 2112 le respondió la Señora,
245 2116 665 2159 diciéndole: Caballero.
238 2165 794 2208 has de saber, que mí padre
247 2214 825 2256 tiene su merced otró intento,
251 2266 680 2308 de msterme religiosá;
963 208 1475 254 y yo ser monja no quiero,
965 256 1473 295 porque estoy determinada
960 302 1468 345 á pagar vuestros desvelos,
945 350 1475 393 ¿egad, Señor á mi Padre,
952 398 1475 441 ¿á pedirme en casamiento,
955 445 1549 488 con la respuesta que os diere,
945 494 1499 537 luego despues nos veremos.
963 544 1397 586 Toda la tarde pasaron
955 592 1475 635 con finezas, y requiebros,
967 642 1449 686 y asi que llegó la noche,
960 690 1431 731 alegres, se despidieron:
964 738 1468 779 fué el caballero á su casa
954 789 1415 828 regocijado y contento,
969 836 1461 877 y así que amaneció el dia
962 883 1477 925 con gran cuidado y anhelo
959 933 1403 975 fué D. Pedro vigilante
960 983 1431 1023 á la casa de su suegro,
961 1028 1523 1070 llegó y tocando á la puerta,
963 1078 1507 1118 salió á abrirle un escudero,
966 1128 1457 1169 le preguntó por su amo,
968 1175 1445 1217 y le respondió diciendo:
967 1223 1447 1265 en casa está su merced.
973 1271 1495 1314 Diga usted á ese caballero,
976 1313 1662 1365 que aquí está puesto á sus plantas
959 1369 1473 1412 al Señor D. Pedro Azedo,
975 1418 1431 1460 si me concede lícencia,
967 1466 1473 1513 pasaré luego állá dentro,
967 1514 1503 1558 á hablarle cuatro palabras,
975 1560 1576 1608 que traigo de mucho empeño.
973 1611 1553 1654 Fué el paje, subió elrecado,
975 1658 1459 1704 pero el bizarro D, Diego
973 1708 1423 1753 lo recibió en una sala:
981 1754 1577 1801 y con muchos cumplimientos,
981 1806 1423 1849 se saludaron corteses,
977 1854 1455 1897 y declarándo su intento,
973 1904 1407 1946 D. Diego dijo: Señor,
977 1950 1519 1998 yo tengo hecho el concepto
986 2001 1387 2045 de meterla religiosa,
987 2047 1458 2094 pero no sé sus intentos
979 2099 1401 2147 y para que no dudeis
976 2143 1586 2190 ni en mi nunca pongais duelo,
981 2192 1504 2240 aquí en presencia de todos
980 2242 1503 2290 será bien que la llamemos,
