1737 2508
845 88 876 150 7
150 171 707 216 y á la gran ciudad de Argeí
164 221 655 265 en breve la vuelta dieroñ,
166 265 662 313 van á darle cuenta al Rey
165 313 743 362 de la presa que habian hecho,
162 365 638 411 y como traen maniatado
159 415 642 458 á un vigilante mancebo,
166 461 672 509 que mató cincuenta moro:
162 509 731 556 y heridos mas de otro ciento
162 562 641 603 y á no haberle sujetado,
160 609 633 652 diera fin de todos ellos;
161 654 727 701 el Rey que atento escuchaba
167 702 756 748 mandó que luego al momento
162 754 683 799 lo lleven á una mazmorra,
165 806 707 850 y que lo cargen de hierros,
162 855 753 892 luego que traigan dos potros,
163 904 790 958 y atado á la colá de ellos.
172 950 709 990 lo arrastrasen por las calles
174 997 745 1039 porque sirva de escarmiento;
174 1048 658 1089 y despues de árrástrado,
171 1097 759 1140 con unos garfios de hierro
174 1145 704 1184 le hiciesen cuatro pedazos,
178 1191 767 1233 y á la mar lo hechasen luego.
168 1241 663 1281 La hermosa doña Isabel
175 1290 701 1329 viendo á su querido dueño
182 1339 664 1378 metido en tanto peligro,
182 1387 683 1427 eran tántos los lamentos,
171 1439 657 1474 las lágrimas y suspiros,
176 1485 706 1523 que ablandan el duro acerc
182 1532 667 1573 y así que alcánzó á saber
177 1578 750 1622 como se hallaba en el puerto
187 1629 791 1674 de la gran cíudad de Argel
182 1677 711 1717 aquí tomó algun consuelo.
181 1726 670 1765 Pidió licencia á su amo,
177 1773 657 1814 que le concediese luego
187 1825 608 1862 la dejase ir á palacio,
187 1870 772 1911 por ver si hallaba un empeño;
191 1923 617 1959 el amo se lo concede,
192 1969 761 2009 como haciendo mofa de ello,
192 2017 740 2056 y tambien le dió dos turcos
199 2066 710 2109 para su acompañamiento;
189 2115 568 2155 iba la noble señora
189 2163 749 2206 por las calles de este pueblo
194 2216 717 2253 tan triste, y desconsolada,
896 131 1489 206 que parece fin misiddergies;
890 206 1345 249 llegó cerca del paláció,
888 253 1490 297 cuando en este mismo tiempo
892 303 1417 346 la princesa qüe escuchaba
902 352 1391 395 el alborotó, y estruendo,
898 402 1412 442 vió venir á los dos turcos,
899 448 1494 493 y en medio aquel Angel bello,
895 502 1311 543 y que venia llorando;
897 551 1565 613 los llamó con un pañuelo,
900 600 1560 659 y ellos ácudierón pronto,
898 646 1403 686 mil reverencias háciendo.
906 697 1558 754 La hermosa doña lsabel
904 746 1559 806 vido que tenia al cuello,
899 793 1437 833 aquel collár de esmeraldás;
906 842 1427 881 pronta le miró álos dedos,
909 890 1364 932 y conociendo el áñillo,
904 936 1392 978 estas palabras diciendo:
916 986 1437 1027 Cierto es, hermosa señora,
916 1033 1487 1076 que esas dos prendas que veó
913 1084 1558 1141 puestas en vuestrá persona,
911 1133 1554 1188 fueron mias algun fiempo.
909 1182 1467 1221 yo se las dí á vuestro esposo
916 1230 1559 1287 cuando estába prisionero.
914 1279 1565 1338 Zaira que atenta escuchaba.
911 1330 1564 1385 le respondió así, diciendo;
922 1377 1485 1414 Pues dime tú, de dónde eres?
919 1424 1557 1478 y le respondió al momento;
920 1475 1561 1530 de la ciudádde Alicante
915 1522 1556 1579 soy para, el servicio vuestro,
923 1572 1562 1628 mi nobre es doña Isabel,
924 1620 1559 1674 mi esposo D. Pedro Azedo,
922 1668 1411 1708 el cual libro, á tuimarido,
926 1715 1433 1755 y lo trajo á aquestereino,
924 1764 1483 1803 y hoy está en una mazmorra,
929 1812 1411 1853 entre prisiones y hierros,
929 1862 1489 1901 y esta sentenciado á muerte,
930 1912 1359 1948 y así, señora te ruego,
926 1960 1397 1997 que seais mi medianera
939 2010 1459 2046 pues que tan sola me veo.
927 2056 1331 2096 Apenas aquesto oyó
940 2107 1504 2144 Zaira, se partió al momento
942 2156 1409 2194 á buscar á su marido,
953 2204 1563 2245 qué está en la cama durmiendo
