1765 2512
955 63 965 213 4
245 190 741 227 si me cuentas la verdad
252 237 794 278 de lo que estabas diciendo,
253 287 874 327 de ampararte en cuanto pueda,
252 336 702 375 y darte libertad luego.
244 385 684 421 El turco le respondió
246 432 807 470 formando un suspiro tierno,
244 482 814 521 si mes estás atento un rato,
252 529 784 567 te he de contar mi suceso.
250 577 756 616 Yo soy principe de Argel
250 629 752 666 y Señor de todo el reino,
255 677 709 712 y estaba recien casado
249 724 781 763 con el hermoso compendio
249 771 742 811 de la princesa de Tunez,
250 824 820 862 y ese es el dolor que siento;
254 872 796 907 y aquellos tres que llegaron
245 918 806 956 aqui en mi acompañamiento
254 966 796 1004 eran deudos muy cercanos
252 1013 792 1054 de mi muy querido dueño;
253 1065 841 1102 y fué que estando una noche
248 1112 823 1151 los cuatro tomando el frezco
258 1159 690 1200 en las orillas del mar,
261 1209 760 1251 llegó ese barco sobervio,
255 1260 723 1296 y sin poder escaparnos,
250 1306 756 1345 nos trajeron prisioneros,
268 1354 798 1397 donde estoy á tu mandado,
268 1405 724 1442 y así por Alá te ruego,
260 1452 804 1491 que me concedais licencia.
262 1500 865 1541 para que le escriba un pliego,
264 1548 802 1586 dandole cuenta á mi padre
264 1596 790 1637 del parage en que me veo,
264 1645 814 1683 que tendreis por mi rescate
269 1693 842 1734 un millon de oro muy cierto.
255 1741 668 1778 El amo le respondió
259 1793 799 1831 muy cortesaño, y discreto:
982 192 1572 230 si es verdad lo que me dices;
981 241 1462 280 desde luego te prometo
988 291 1386 330 el darte tu libertad;
992 340 1494 378 y de ponerte en tu reino,
992 388 1502 423 pues vale mas mi palabra,
990 436 1578 474 que cuanto tiene un imperio;
989 483 1480 521 pero el turco agradecido
982 532 1542 571 metió la mano en su pecho,
987 581 1430 618 y sacando uná venera,
988 628 1576 671 y un toison de grande precio,
982 677 1418 716 le dice: Toma, Señor
981 715 1647 764 estas dos prendas que tengo,
985 776 1463 814 y mira que las guardeis,
983 825 1552 860 que son de estmmado precio:
987 872 1361 908 el amo las recibió,
983 920 1505 958 y al punto se despidieron:
991 970 1570 1007 se fué donde estaba su dama,
988 1017 1448 1054 contándole este suceso,
994 1065 1552 1103 le dieron cuenta á su padre,
990 1114 1542 1151 y todos tres muy contentos,
992 1162 1488 1198 den libertad á el esclavo,
990 1210 1542 1247 pues se lo ofreció D. Pedro,
990 1259 1463 1296 y con aquestas ra zones,
991 1308 1481 1342 abreviando el casamiento
988 1357 1474 1394 se celebraron las bodas,
1000 1404 1654 1443 donde hoy viven muy contentos,
1002 1452 1454 1487 dándole gracías á Dios
1000 1500 1468 1535 doña Isabel y D Pedro.
991 1548 1471 1585 Dejemos en este estado
996 1598 1454 1635 este romance Primero,
1002 1647 1548 1685 que en otra segunda parte,
996 1696 1478 1733 noble auditorió discreto,
1007 1744 1482 1780 daré notícias cumplidas
1010 1794 1552 1830 de esta historia por entero.
661 1989 1305 2141 FIN DE LA PRIMERA PARTE.
