1765 2512
840 80 860 232 6
134 214 671 253 para que de mi se acuerde
133 263 639 301 ahora, y en todo tiempo:
135 312 663 350 y así que amaneció el dia,
135 360 711 397 con grande gcompáñamiento
138 408 612 445 salieron hasta la playa
141 458 610 493 adonde se despidieron.
139 504 659 541 Entró el turco en el navio
136 553 692 591 largan las velas á el viento,
142 604 805 651 y dentro de poeos dios.
152 652 815 699 desembarcan, en el puerto.
152 699 819 753 de la gran ciudad,de Argel;
156 748 742 787 y el principe muy contento,
152 798 705 838 se despidió de la gente
155 845 794 891 y á nadie contó el suceso;
150 892 691 935 se fué para su palacio,
160 940 702 982 á así que se vido dentro,
152 990 714 1028 llegó donde está su Padre
160 1038 630 1074 estas palabras diciendo:
149 1086 650 1123 Dulce padre de mi vida,
161 1136 678 1172 ya permitieron los cielos,
160 1183 734 1220 que tengais, á vuestra vista
162 1233 554 1269 á tu hijo prisionero,
163 1281 733 1320 que en la ciudad de Alicante
159 1329 729 1368 encontré un amo tan bueno,
167 1380 723 1416 que así que supo quien era,
170 1427 694 1466 me hizo muchos cortejos,
161 1476 661 1517 y me dió la libertad,
167 1525 704 1566 y á costa de su dinero
166 1573 742 1610 me ha traido á tu presencia,
167 1621 822 1661 y esto merece gran premio;
164 1670 596 1708 alborotose el Palacio,
174 1719 823 1761 y la princesa á este tiempo
163 1770 821 1804 acudió despavorida
172 1816 719 1856 á ver á su amado dueño
168 1864 813 1906 ecchos sus ojos dos, mares,
176 1912 821 1954 le echó los brazos al cuello
178 1963 815 2007 sacó el collar, y el anillo,
178 2010 772 2052 estas palabras diciendo:
179 2057 785 2095 Recibe allá estas dos prendas,
187 2109 719 2146 que por presentete ofrezco
190 2159 689 2199 del amo que yo tenia
187 2206 826 2241 porque hagais memoria de ello,
179 2254 641 2291 las reeibió la princesá:
868 204 1399 243 se puso el collar al cuello,
865 253 1308 296 y juntamente el anillo
875 302 1435 338 en sus muy hermosos dedos;
875 349 1257 388 intentaron el hacer
865 397 1383 436 muchas fiestas y torneos,
873 444 1403 483 en gloria de que ha venido
879 492 1417 532 el principe á ver su Reino.
875 542 1363 582 Dejemos en su alboroto
875 590 1444 628 á los Moros, mientras vengo
873 639 1345 677 á la ciudad de Alicante,
883 688 1560 732 y digo que el tal D.Pedro
882 736 1495 781 se le ha ofrecido un viaje
884 783 1407 829 á Cartagena del puerto
884 834 1356 869 á tomar un mayorazgo,
885 881 1443 925 que le viene de derecho:
890 931 1412 965 llevó consigo á su esposa,
891 979 1495 1018 y á sú muy querido suegro
896 1028 1312 1063 y consigo una criada,
896 1075 1352 1112 una tarde se partíeron
887 1123 1381 1161 de la ciudad de Alicante
895 1171 1417 1209 en un barquillo pequeño,
898 1220 1368 1257 pero la fortuna adversa,
896 1268 1488 1306 le ocasionó un mal encuentro,
892 1316 1311 1355 tres navíos argelinos
900 1365 1508 1410 delante se le pusieron.
907 1413 1505 1457 y sin poder resistirse
905 1464 1484 1505 los apresaron, y luego
907 1511 1305 1548 asieron á la, Señora,
911 1561 1568 1601 y así que vido don Pedro
916 1607 1563 1653 que su esposa está cauti va,
911 1657 1575 1701 lleno de rabía y veneno.
916 1704 1471 1747 saltó dentro de un navio
920 1754 1412 1788 mil travesuras haciendo,
922 1799 1464 1837 á unos hiere, á otros mata,
923 1848 1451 1886 á otros derriba en el suelo,
924 1899 1352 1935 á otros arroja al mar,
927 1947 1379 1984 adonde allí fenecieron.
925 1993 1487 2033 Y viendo el daño que hacía.
933 2042 1471 2083 y que no pueden prenderlo
932 2092 1399 2131 hacen una estratagema,
926 2132 1605 2182 que era hecharle un lazo al cuello
933 2190 1374 2230 y así que lo sujetaron,
927 2238 1477 2279 me lo amarraron á un leño,
