1737 2508
894 57 946 209 5
402 265 1488 425 SEGUNDA  PARTE.
264 574 804 610 Sí con el primer romance,
231 623 704 659 noble auditorio discreto
224 671 706 706 no le dí fin á la historia,
222 720 740 755 atencion que ya comienzo.
230 767 736 803 Ya sabran como quedaron
222 816 678 851 doña Isabel y D. Pedro
231 864 711 900 muy unidos y conformes
226 913 674 950 en su feliz casamiento,
229 961 599 997 y deseóso de hallar
228 1010 746 1047 embarcacion en el puerto,
225 1058 689 1096 para embiar al esclavo:
222 1107 848 1143 que el que es noble y caballero
221 1154 768 1190 se porta de aquesta suerte:
228 1202 832 1241 y andando con grande anhelo,
225 1253 622 1287 tados los dias salian
228 1301 730 1337 el principe con D. Pedro
226 1349 663 1384 á divertirse á la playa
226 1396 750 1436 y una tarde quiso el cielo,
232 1446 804 1483 que estando los dós sentados
232 1494 795 1534 en el muelle llegó al puerto,
224 1542 680 1578 un navio de irlandeses,
231 1592 698 1628 que le faltó bastimento
235 1640 627 1677 para seguir sú viaje,
236 1690 788 1724 y el caballero á este tiempo
230 1736 802 1776 se metió en la embarcacion,
229 1783 631 1822 y al piloto marinero
229 1834 684 1874 le preguntó donde iba;
233 1883 702 1919 y le respondió diciendo:
233 1931 700 1966 para la ciudad de Argel
236 1979 718 2015 ciertas mercancias llevo,
243 2030 828 2068 que alla tengo buen despacho,
239 2075 679 2113 y le dice el caballero:
236 2124 716 2162 Amígo, si usted pudiera
233 2173 798 2211 sacarme de aqueste empeño,
241 2223 847 2261 que hay en mi casa un esclavo;
948 567 1570 608 que ha servido mucho tiempo
947 623 1382 657 á sus amos lealmente,
956 669 1392 707 y prometido le tengo,
960 718 1348 754 de darle la libertad,
959 765 1460 802 y de ponerlo en su reino,
954 815 1451 850 y si usted quiere llevarlo.
959 862 1401 898 pagaré el viage luego:
960 909 1488 947 dijo que si, y lo ajustaron
953 960 1526 995 el trasportarlo en cien pesos.
958 1008 1388 1044 Se despidió vigilante,
955 1056 1471 1093 fué á su casa el caballero.
959 1104 1379 1139 y le dice; esposa mia,
964 1152 1494 1188 has de saber, que ya tengo;
963 1201 1338 1236 el viage negociado,
963 1248 1524 1284 y embarcacion en el puerto,
965 1297 1458 1334 para que lleveel esclavo
960 1347 1418 1381 á su tierra con acierto:
961 1394 1434 1432 mañana por la mañana,
966 1443 1420 1480 si viene feliz el viento,
966 1492 1422 1528 tiene de ser la partida,
965 1540 1433 1575 y la dama con contento
973 1589 1500 1625 pidió licencia á su esposo,
966 1636 1410 1673 y se la concedio luego,
975 1686 1432 1721 para hacerle una fineza
963 1733 1504 1769 á el Príncipe por el premio
971 1782 1426 1817 del Toison y la venera,
966 1830 1507 1867 y en aqueste mismo tiempo
966 1881 1538 1917 sacó un collar de esmeraldas,
969 1927 1451 1963 y un anillo de los dedos
972 1975 1374 2013 de záfiros, y rubíes
975 2025 1547 2063 con esmaltes de gran precio,
973 2075 1410 2111 y le dice; toma, Moro,
975 2123 1564 2159 estas dos prendas te entrego.
969 2173 1547 2208 y en llegando á ver tu esposa
975 2223 1495 2260 dile que yo se las ofrezco,
