1664 2452
788 22 809 173 3
120 145 743 200 Llamó á su querida hija
108 194 737 244 la cual acudio al momento,
110 243 736 289 mas blanca que una azucena,
117 290 742 334 y aun mas hermosa que Vénus;
107 340 697 378 entró en el cuarto, y mirando
113 388 679 440 á su muy amado dueño .
116 436 653 488 disimuló cuanto pudo,
109 482 673 540 y dice el anciano viejo:
115 532 643 582 Has de saber hija mia,
109 580 657 631 que este noble caballero.
112 628 630 675 te ha pedido por, esposa,
113 676 735 734 solo tu respuesta espero.
112 727 735 779 Respondiò determinada
120 776 708 815 con un semblante alhagüeño.
120 823 590 862 diciéndole; Señor padre
114 870 741 922 yo tengo echo el concepto
120 919 601 959 de daros gusto cumplido
111 968 719 1007 en lo que mandais, y es cierto
117 1017 688 1056 que si es cosa que conviene,
121 1063 725 1107 yo estimo mucho á don Pedro,
123 1113 687 1159 y lo tendré por mi esposo,
112 1161 691 1203 siendo usted gustoso en ello.
120 1208 553 1251 Viendo la resolucion,
113 1259 614 1300 entre los dos dispusieron
113 1306 667 1355 se efectuasen las bodas,
117 1353 652 1396 y tambien al mismo tiempo
118 1403 636 1446 se dieron palabra y mano,
124 1453 656 1494 estos dos amantes tiennos;
122 1501 620 1540 querer contar las finezas.
124 1549 640 1589 solo á el silencio las dejo.
120 1597 579 1634 Despidieronse corteses,
121 1644 739 1700 y aquella tarde don Pedro
120 1696 582 1734 solo se bajó á la playa,
127 1744 665 1785 por divertir pensamientos,
121 1789 595 1833 y andandose recreando,
122 1840 727 1881 vió que abordaba en el puerto
128 1889 644 1930 un barquillo de corsarios,
123 1938 574 1976 que traian prisioneros
121 1987 600 2029 cuatro turcos argelinos,
127 2032 557 2073 y reparó el caballero,
123 2083 664 2127 que entre los cuales venia,
127 2132 569 2171 un vigilante mancebo,
122 2180 606 2224 tan dispuesto, y bizarro,
847 150 1529 204 tan cortés como discreto,no an :
838 199 1525 252 le dijo al que gobernaba. a!.
847 249 1529 300 que si queria benderlo,:
836 298 1529 346 dicen que sí y lo ajustaron7
844 344 1525 397 en ciento cincuenta pesos.!
842 393 1523 447 Tomandolo por la mano.
842 441 1527 494 lo entro en casa de su dueño,;
846 493 1525 541 y le dice, amada prenda,1!
848 540 1454 572 hoy he hecho aqueste empleo,
854 586 1478 622 qué te he comprado un esclavo.
862 634 1348 669 que te sirva de escudero:
852 684 1435 723 mira que lo trateis bien,
855 731 1521 767 que es hombre de grande arresto.
853 780 1268 816 Lo recibió la Señora,
861 827 1436 864 y quedó en casa el mancebo,
859 876 1326 912 sirviendo tan lealmente,
855 925 1441 960 que estan los amos contentos;
852 974 1351 1010 mas un dia por la siesta,
851 1021 1413 1059 en tiempo que está D. Diego
857 1070 1529 1125 recostado allá en su cama,
861 1119 1526 1173 pagándo tributo al sueño,
856 1166 1523 1217 fué D. Pedro á ver su dama,
864 1213 1515 1270 y entró con algun silencio
856 1263 1523 1316 mas á el pasar por el cuarto
860 1311 1522 1359 del turco, oyó que con tiérnos
863 1362 1511 1419 suspiros se lamentaba
865 1408 1525 1465 y decía aquestos écos
867 1459 1515 1512 oh! desdichado de mi
864 1506 1521 1560 que de esta suerte me veo
865 1555 1523 1611 siendo principe de Argel,
864 1600 1343 1641 y ahora estoy prisionero!
861 1651 1362 1691 Mas lo que llego á sentir
869 1698 1387 1739 y mas me lastima el pecho
868 1748 1370 1789 es mi muy querida Zaira,
866 1797 1391 1835 que el ir á verla no puedo.
864 1846 1338 1885 Ay, Zaira del alma mia,
875 1893 1382 1933 quien pudiera ser correo.
871 1943 1276 1977 e ir á llevar la nueva
868 1991 1406 2030 del parage en que me veo
860 2039 1412 2077 El amo que atento escucha,
863 2087 1406 2127 se metió pronto allá dentro,
876 2136 1298 2176 y le dice, mira moro,
870 2187 1330 2224 juro á ley de caballero,
