<?xml version="1.0" encoding="UTF-8" standalone="yes"?>
<PcGts xmlns="http://schema.primaresearch.org/PAGE/gts/pagecontent/2013-07-15" xmlns:xsi="http://www.w3.org/2001/XMLSchema-instance" xsi:schemaLocation="http://schema.primaresearch.org/PAGE/gts/pagecontent/2013-07-15 http://schema.primaresearch.org/PAGE/gts/pagecontent/2013-07-15/pagecontent.xsd">
    <Metadata>
        <Creator>prov=University of Rostock/Institute of Mathematics/CITlab|PLANET AI GmbH/Gundram Leifert/gundram.leifert@planet-ai.de:name=Pliegos de Cordel (XIXe) - v4(htr_id=27283)::::v=2.6.7
prov=University of Rostock/Institute of Mathematics/CITlab|PLANET AI GmbH/Tobias Gruening/tobias.gruening@planet-ai.de:name=de.uros.citlab.module.baseline2polygon.B2PSeamMultiOriented:v=2.6.7
prov=University of Rostock/Institute of Mathematics/CITlab|PLANET AI GmbH/Tobias Gruening/tobias.gruening@planet-ai.de:name=/net_tf/LA73_249_0mod360.pb:de.uros.citlab.segmentation.CITlab_LA_ML:v=2.6.7
Transkribus</Creator>
        <Created>2020-10-27T11:35:42.102+01:00</Created>
        <LastChange>2020-12-15T15:23:33.612+01:00</LastChange>
        <TranskribusMetadata docId="525389" pageId="22318807" pageNr="88" tsid="50333196" status="DONE" userId="66244" imgUrl="https://files.transkribus.eu/Get?id=EYDKAUBLEVOKUVODAZGAABEA&amp;fileType=view" xmlUrl="https://files.transkribus.eu/Get?id=KJDTOSULRCOZJPQDHZTAFRKP" imageId="17388322"/>
    </Metadata>
    <Page imageFilename="Moreno_224_8.jpg" imageWidth="1765" imageHeight="2512">
        <ReadingOrder>
            <OrderedGroup id="ro_1608043807640" caption="Regions reading order">
                <RegionRefIndexed index="0" regionRef="region_1607011851536_157"/>
                <RegionRefIndexed index="1" regionRef="region_1607011857611_161"/>
                <RegionRefIndexed index="2" regionRef="region_1607011862006_165"/>
                <RegionRefIndexed index="3" regionRef="region_1607011867544_169"/>
            </OrderedGroup>
        </ReadingOrder>
        <TextRegion orientation="0.0" id="region_1607011851536_157" custom="readingOrder {index:0;}">
            <Coords points="832,82 868,82 868,139 832,139"/>
            <TextLine id="region_1607011851536_157l1" custom="readingOrder {index:0;}">
                <Coords points="833,176 863,178 863,28 833,26"/>
                <Baseline points="833,126 863,128"/>
                <TextEquiv>
                    <Unicode>8</Unicode>
                </TextEquiv>
            </TextLine>
            <TextEquiv>
                <Unicode>8</Unicode>
            </TextEquiv>
        </TextRegion>
        <TextRegion orientation="0.0" id="region_1607011857611_161" custom="readingOrder {index:1;}">
            <Coords points="124,134 832,134 832,1908 124,1908"/>
            <TextLine id="region_1607011857611_161l1" custom="readingOrder {index:0;}">
                <Coords points="131,200 156,201 182,201 208,201 234,200 260,199 286,199 311,198 337,197 363,197 389,195 415,195 441,194 466,193 492,193 518,192 544,192 570,192 596,193 596,160 570,159 544,159 518,159 492,160 466,160 441,161 415,162 389,162 363,164 337,164 311,165 286,166 260,166 234,167 208,168 182,168 156,168 131,167"/>
                <Baseline points="131,189 156,190 182,190 208,190 234,189 260,188 286,188 311,187 337,186 363,186 389,184 415,184 441,183 466,182 492,182 518,181 544,181 570,181 596,182"/>
                <TextEquiv>
                    <Unicode>dice: despierta Jamete</Unicode>
                </TextEquiv>
            </TextLine>
            <TextLine id="region_1607011857611_161l2" custom="readingOrder {index:1;}">
                <Coords points="143,254 177,252 211,251 245,249 279,247 314,246 348,245 382,244 416,243 450,243 485,242 519,242 553,241 587,241 621,241 656,240 690,240 724,240 758,239 792,239 827,238 827,205 792,206 758,206 724,207 690,207 656,207 621,208 587,208 553,208 519,209 485,209 450,210 416,210 382,211 348,212 314,213 279,214 245,216 211,218 177,219 143,221"/>
                <Baseline points="143,243 177,241 211,240 245,238 279,236 314,235 348,234 382,233 416,232 450,232 485,231 519,231 553,230 587,230 621,230 656,229 690,229 724,229 758,228 792,228 827,227"/>
                <TextEquiv>
                    <Unicode>que has de saber por muy cierto:</Unicode>
                </TextEquiv>
            </TextLine>
            <TextLine id="region_1607011857611_161l3" custom="readingOrder {index:2;}">
                <Coords points="143,301 168,300 194,299 220,298 246,297 272,296 298,295 324,294 350,293 376,293 402,292 427,291 453,291 479,290 505,290 531,289 557,289 583,289 609,288 635,288 661,288 661,255 635,255 609,255 583,256 557,256 531,256 505,257 479,257 453,258 427,258 402,259 376,260 350,260 324,261 298,262 272,263 246,264 220,265 194,266 168,267 143,268"/>
                <Baseline points="143,290 168,289 194,288 220,287 246,286 272,285 298,284 324,283 350,282 376,282 402,281 427,280 453,280 479,279 505,279 531,278 557,278 583,278 609,277 635,277 661,277"/>
                <TextEquiv>
                    <Unicode>que está aquí doña Isabel,</Unicode>
                </TextEquiv>
            </TextLine>
            <TextLine id="region_1607011857611_161l4" custom="readingOrder {index:3;}">
                <Coords points="135,351 162,349 189,348 217,347 244,345 272,344 299,343 326,342 354,341 381,340 409,340 436,339 463,339 491,339 518,338 546,338 573,338 600,338 628,338 655,338 683,338 683,305 655,305 628,305 600,305 573,305 546,305 518,305 491,306 463,306 436,306 409,307 381,307 354,308 326,309 299,310 272,311 244,312 217,314 189,315 162,316 135,318"/>
                <Baseline points="135,340 162,338 189,337 217,336 244,334 272,333 299,332 326,331 354,330 381,329 409,329 436,328 463,328 491,328 518,327 546,327 573,327 600,327 628,327 655,327 683,327"/>
                <TextEquiv>
                    <Unicode>y tambien D. Pedro Azedo,</Unicode>
                </TextEquiv>
            </TextLine>
            <TextLine id="region_1607011857611_161l5" custom="readingOrder {index:4;}">
                <Coords points="137,397 168,396 199,395 230,394 261,393 292,392 323,391 354,391 385,390 416,390 447,389 478,389 509,388 540,388 571,388 602,387 633,387 664,386 695,386 726,386 757,385 757,352 726,353 695,353 664,353 633,354 602,354 571,355 540,355 509,355 478,356 447,356 416,357 385,357 354,358 323,358 292,359 261,360 230,361 199,362 168,363 137,364"/>
                <Baseline points="137,386 168,385 199,384 230,383 261,382 292,381 323,380 354,380 385,379 416,379 447,378 478,378 509,377 540,377 571,377 602,376 633,376 664,375 695,375 726,375 757,374"/>
                <TextEquiv>
                    <Unicode>el que has metido en prisiones</Unicode>
                </TextEquiv>
            </TextLine>
            <TextLine id="region_1607011857611_161l6" custom="readingOrder {index:5;}">
                <Coords points="141,445 167,445 193,444 219,444 245,443 272,442 298,442 324,441 350,440 377,438 403,438 429,437 455,436 481,436 508,436 534,436 560,436 586,437 613,439 613,406 586,404 560,403 534,403 508,403 481,403 455,403 429,404 403,405 377,405 350,407 324,408 298,409 272,409 245,410 219,411 193,411 167,412 141,412"/>
                <Baseline points="141,434 167,434 193,433 219,433 245,432 272,431 298,431 324,430 350,429 377,427 403,427 429,426 455,425 481,425 508,425 534,425 560,425 586,426 613,428"/>
                <TextEquiv>
                    <Unicode>para dar castigos fieros,</Unicode>
                </TextEquiv>
            </TextLine>
            <TextLine id="region_1607011857611_161l7" custom="readingOrder {index:6;}">
                <Coords points="147,491 173,491 200,491 226,491 253,490 279,490 306,489 333,488 359,487 386,487 412,486 439,485 465,485 492,485 519,486 519,453 492,452 465,452 439,452 412,453 386,454 359,454 333,455 306,456 279,457 253,457 226,458 200,458 173,458 147,458"/>
                <Baseline points="147,480 173,480 200,480 226,480 253,479 279,479 306,478 333,477 359,476 386,476 412,475 439,474 465,474 492,474 519,475"/>
                <TextEquiv>
                    <Unicode>es el que te libertó,</Unicode>
                </TextEquiv>
            </TextLine>
            <TextLine id="region_1607011857611_161l8" custom="readingOrder {index:7;}">
                <Coords points="141,544 167,543 193,542 219,541 245,540 271,539 297,538 323,537 349,536 375,535 401,534 427,533 453,533 479,532 505,532 531,532 557,532 583,532 609,533 635,533 661,534 661,501 635,500 609,500 583,499 557,499 531,499 505,499 479,499 453,500 427,500 401,501 375,502 349,503 323,504 297,505 271,506 245,507 219,508 193,509 167,510 141,511"/>
                <Baseline points="141,533 167,532 193,531 219,530 245,529 271,528 297,527 323,526 349,525 375,524 401,523 427,522 453,522 479,521 505,521 531,521 557,521 583,521 609,522 635,522 661,523"/>
                <TextEquiv>
                    <Unicode>y te trajo á aqueste reino,</Unicode>
                </TextEquiv>
            </TextLine>
            <TextLine id="region_1607011857611_161l9" custom="readingOrder {index:8;}">
                <Coords points="137,591 167,591 197,590 228,589 258,588 288,587 319,586 349,585 379,584 410,583 440,582 470,581 501,581 531,580 561,580 592,580 622,580 652,580 683,580 713,581 744,582 744,549 713,548 683,547 652,547 622,547 592,547 561,547 531,547 501,548 470,548 440,549 410,550 379,551 349,552 319,553 288,554 258,555 228,556 197,557 167,558 137,558"/>
                <Baseline points="137,580 167,580 197,579 228,578 258,577 288,576 319,575 349,574 379,573 410,572 440,571 470,570 501,570 531,569 561,569 592,569 622,569 652,569 683,569 713,570 744,571"/>
                <TextEquiv>
                    <Unicode>y ahora es preciso la ampares,</Unicode>
                </TextEquiv>
            </TextLine>
            <TextLine id="region_1607011857611_161l10" custom="readingOrder {index:9;}">
                <Coords points="141,637 167,637 194,637 220,637 247,636 274,636 300,635 327,634 353,633 380,632 407,631 433,631 460,630 486,629 513,629 540,628 566,628 593,629 619,629 646,630 673,631 673,598 646,597 619,596 593,596 566,595 540,595 513,596 486,596 460,597 433,598 407,598 380,599 353,600 327,601 300,602 274,603 247,603 220,604 194,604 167,604 141,604"/>
                <Baseline points="141,626 167,626 194,626 220,626 247,625 274,625 300,624 327,623 353,622 380,621 407,620 433,620 460,619 486,618 513,618 540,617 566,617 593,618 619,618 646,619 673,620"/>
                <TextEquiv>
                    <Unicode>porque á ley de Caballero,</Unicode>
                </TextEquiv>
            </TextLine>
            <TextLine id="region_1607011857611_161l11" custom="readingOrder {index:10;}">
                <Coords points="143,685 168,685 193,685 218,685 243,685 268,684 293,684 318,683 343,682 368,681 394,680 419,680 444,679 469,679 494,678 519,678 544,677 569,677 594,678 619,678 645,678 645,645 619,645 594,645 569,644 544,644 519,645 494,645 469,646 444,646 419,647 394,647 368,648 343,649 318,650 293,651 268,651 243,652 218,652 193,652 168,652 143,652"/>
                <Baseline points="143,674 168,674 193,674 218,674 243,674 268,673 293,673 318,672 343,671 368,670 394,669 419,669 444,668 469,668 494,667 519,667 544,666 569,666 594,667 619,667 645,667"/>
                <TextEquiv>
                    <Unicode>obras con obras se pagan,</Unicode>
                </TextEquiv>
            </TextLine>
            <TextLine id="region_1607011857611_161l12" custom="readingOrder {index:11;}">
                <Coords points="143,735 170,735 198,734 226,734 254,733 282,733 310,732 338,731 366,730 394,729 422,728 449,727 477,726 505,725 533,725 561,724 589,724 617,724 645,725 673,725 701,727 701,694 673,692 645,692 617,691 589,691 561,691 533,692 505,692 477,693 449,694 422,695 394,696 366,697 338,698 310,699 282,700 254,700 226,701 198,701 170,702 143,702"/>
                <Baseline points="143,724 170,724 198,723 226,723 254,722 282,722 310,721 338,720 366,719 394,718 422,717 449,716 477,715 505,714 533,714 561,713 589,713 617,713 645,714 673,714 701,716"/>
                <TextEquiv>
                    <Unicode>y mas si se estan debiendo.</Unicode>
                </TextEquiv>
            </TextLine>
            <TextLine id="region_1607011857611_161l13" custom="readingOrder {index:12;}">
                <Coords points="139,782 169,782 199,782 229,782 259,781 289,781 319,780 349,779 379,778 409,777 439,776 469,775 499,775 529,774 559,773 589,773 619,772 649,772 679,772 709,773 739,774 739,741 709,740 679,739 649,739 619,739 589,740 559,740 529,741 499,742 469,742 439,743 409,744 379,745 349,746 319,747 289,748 259,748 229,749 199,749 169,749 139,749"/>
                <Baseline points="139,771 169,771 199,771 229,771 259,770 289,770 319,769 349,768 379,767 409,766 439,765 469,764 499,764 529,763 559,762 589,762 619,761 649,761 679,761 709,762 739,763"/>
                <TextEquiv>
                    <Unicode>Jamete, que aquesto escucha,</Unicode>
                </TextEquiv>
            </TextLine>
            <TextLine id="region_1607011857611_161l14" custom="readingOrder {index:13;}">
                <Coords points="145,834 176,833 207,832 238,831 269,830 300,829 331,827 362,827 393,826 424,825 456,824 487,823 518,823 549,822 580,822 611,821 642,821 673,821 704,821 735,821 767,821 767,788 735,788 704,788 673,788 642,788 611,788 580,789 549,789 518,790 487,790 456,791 424,792 393,793 362,794 331,794 300,796 269,797 238,798 207,799 176,800 145,801"/>
                <Baseline points="145,823 176,822 207,821 238,820 269,819 300,818 331,816 362,816 393,815 424,814 456,813 487,812 518,812 549,811 580,811 611,810 642,810 673,810 704,810 735,810 767,810"/>
                <TextEquiv>
                    <Unicode>partió al balcon como un trueno</Unicode>
                </TextEquiv>
            </TextLine>
            <TextLine id="region_1607011857611_161l15" custom="readingOrder {index:14;}">
                <Coords points="141,881 166,880 191,880 217,879 242,878 268,877 293,876 319,876 344,874 370,874 395,873 420,872 446,872 471,872 497,871 522,871 548,872 573,872 599,873 599,840 573,839 548,839 522,838 497,838 471,839 446,839 420,839 395,840 370,841 344,841 319,843 293,843 268,844 242,845 217,846 191,847 166,847 141,848"/>
                <Baseline points="141,870 166,869 191,869 217,868 242,867 268,866 293,865 319,865 344,863 370,863 395,862 420,861 446,861 471,861 497,860 522,860 548,861 573,861 599,862"/>
                <TextEquiv>
                    <Unicode>conoció á Doña Isabel,</Unicode>
                </TextEquiv>
            </TextLine>
            <TextLine id="region_1607011857611_161l16" custom="readingOrder {index:15;}">
                <Coords points="141,934 169,933 197,931 225,929 253,928 282,926 310,925 338,924 366,923 394,922 423,922 451,921 479,920 507,920 535,919 564,919 592,918 620,918 648,918 676,918 705,918 705,885 676,885 648,885 620,885 592,885 564,886 535,886 507,887 479,887 451,888 423,889 394,889 366,890 338,891 310,892 282,893 253,895 225,896 197,898 169,900 141,901"/>
                <Baseline points="141,923 169,922 197,920 225,918 253,917 282,915 310,914 338,913 366,912 394,911 423,911 451,910 479,909 507,909 535,908 564,908 592,907 620,907 648,907 676,907 705,907"/>
                <TextEquiv>
                    <Unicode>y le mandó entrar á dentro:</Unicode>
                </TextEquiv>
            </TextLine>
            <TextLine id="region_1607011857611_161l17" custom="readingOrder {index:16;}">
                <Coords points="147,980 176,978 206,977 236,976 265,975 295,973 325,972 354,972 384,971 414,970 444,969 473,968 503,968 533,967 562,967 592,967 622,967 651,967 681,967 711,967 741,968 741,937 711,936 681,936 651,936 622,936 592,936 562,936 533,936 503,937 473,937 444,938 414,939 384,940 354,941 325,941 295,942 265,944 236,945 206,946 176,947 147,949"/>
                <Baseline points="147,970 176,968 206,967 236,966 265,965 295,963 325,962 354,962 384,961 414,960 444,959 473,958 503,958 533,957 562,957 592,957 622,957 651,957 681,957 711,957 741,958"/>
                <TextEquiv>
                    <Unicode>y al punto despachó un posta,</Unicode>
                </TextEquiv>
            </TextLine>
            <TextLine id="region_1607011857611_161l18" custom="readingOrder {index:17;}">
                <Coords points="143,1024 168,1025 193,1025 218,1025 243,1024 268,1023 293,1022 318,1022 343,1020 368,1020 393,1018 418,1018 443,1017 468,1016 493,1016 518,1016 543,1016 568,1017 593,1019 593,988 568,986 543,985 518,985 493,985 468,985 443,986 418,987 393,987 368,989 343,989 318,991 293,991 268,992 243,993 218,994 193,994 168,994 143,993"/>
                <Baseline points="143,1014 168,1015 193,1015 218,1015 243,1014 268,1013 293,1012 318,1012 343,1010 368,1010 393,1008 418,1008 443,1007 468,1006 493,1006 518,1006 543,1006 568,1007 593,1009"/>
                <TextEquiv>
                    <Unicode>en que sacasen al reo,</Unicode>
                </TextEquiv>
            </TextLine>
            <TextLine id="region_1607011857611_161l19" custom="readingOrder {index:18;}">
                <Coords points="150,1072 175,1073 201,1074 227,1074 253,1074 279,1073 304,1072 330,1071 356,1070 382,1069 408,1068 434,1067 459,1066 485,1066 511,1066 537,1066 563,1068 589,1069 589,1036 563,1035 537,1033 511,1033 485,1033 459,1033 434,1034 408,1035 382,1036 356,1037 330,1038 304,1039 279,1040 253,1041 227,1041 201,1041 175,1040 150,1039"/>
                <Baseline points="150,1061 175,1062 201,1063 227,1063 253,1063 279,1062 304,1061 330,1060 356,1059 382,1058 408,1057 434,1056 459,1055 485,1055 511,1055 537,1055 563,1057 589,1058"/>
                <TextEquiv>
                    <Unicode>y lo traigan á palacio,</Unicode>
                </TextEquiv>
            </TextLine>
            <TextLine id="region_1607011857611_161l20" custom="readingOrder {index:19;}">
                <Coords points="153,1121 180,1121 208,1121 236,1121 264,1121 292,1120 320,1120 348,1119 376,1118 404,1117 432,1116 459,1115 487,1115 515,1114 543,1113 571,1113 599,1113 627,1113 655,1114 683,1115 711,1116 711,1083 683,1082 655,1081 627,1080 599,1080 571,1080 543,1080 515,1081 487,1082 459,1082 432,1083 404,1084 376,1085 348,1086 320,1087 292,1087 264,1088 236,1088 208,1088 180,1088 153,1088"/>
                <Baseline points="153,1110 180,1110 208,1110 236,1110 264,1110 292,1109 320,1109 348,1108 376,1107 404,1106 432,1105 459,1104 487,1104 515,1103 543,1102 571,1102 599,1102 627,1102 655,1103 683,1104 711,1105"/>
                <TextEquiv>
                    <Unicode>sin que le agravien un pelo,</Unicode>
                </TextEquiv>
            </TextLine>
            <TextLine id="region_1607011857611_161l21" custom="readingOrder {index:20;}">
                <Coords points="152,1172 177,1171 202,1171 227,1170 252,1170 277,1169 302,1168 327,1167 352,1166 377,1165 402,1165 427,1164 452,1164 477,1163 502,1163 527,1163 552,1163 577,1164 603,1165 603,1132 577,1131 552,1130 527,1130 502,1130 477,1130 452,1131 427,1131 402,1132 377,1132 352,1133 327,1134 302,1135 277,1136 252,1137 227,1137 202,1138 177,1138 152,1139"/>
                <Baseline points="152,1161 177,1160 202,1160 227,1159 252,1159 277,1158 302,1157 327,1156 352,1155 377,1154 402,1154 427,1153 452,1153 477,1152 502,1152 527,1152 552,1152 577,1153 603,1154"/>
                <TextEquiv>
                    <Unicode>lo ejecutaron al punto,</Unicode>
                </TextEquiv>
            </TextLine>
            <TextLine id="region_1607011857611_161l22" custom="readingOrder {index:21;}">
                <Coords points="150,1218 185,1219 221,1219 257,1219 292,1217 328,1216 364,1214 400,1212 435,1210 471,1208 507,1207 543,1207 578,1207 614,1209 650,1211 686,1215 721,1221 757,1228 793,1237 829,1249 829,1219 793,1207 757,1198 721,1191 686,1185 650,1181 614,1179 578,1177 543,1177 507,1177 471,1178 435,1180 400,1182 364,1184 328,1186 292,1187 257,1189 221,1189 185,1189 150,1188"/>
                <Baseline points="150,1208 185,1209 221,1209 257,1209 292,1207 328,1206 364,1204 400,1202 435,1200 471,1198 507,1197 543,1197 578,1197 614,1199 650,1201 686,1205 721,1211 757,1218 793,1227 829,1239"/>
                <TextEquiv>
                    <Unicode>y asi que los dos se vieron,</Unicode>
                </TextEquiv>
            </TextLine>
            <TextLine id="region_1607011857611_161l23" custom="readingOrder {index:22;}">
                <Coords points="155,1266 180,1266 206,1266 231,1265 257,1265 283,1264 308,1263 334,1263 359,1262 385,1261 411,1261 436,1260 462,1260 487,1259 513,1258 539,1258 564,1258 590,1258 615,1259 641,1259 667,1260 667,1229 641,1228 615,1228 590,1227 564,1227 539,1227 513,1227 487,1228 462,1229 436,1229 411,1230 385,1230 359,1231 334,1232 308,1232 283,1233 257,1234 231,1234 206,1235 180,1235 155,1235"/>
                <Baseline points="155,1256 180,1256 206,1256 231,1255 257,1255 283,1254 308,1253 334,1253 359,1252 385,1251 411,1251 436,1250 462,1250 487,1249 513,1248 539,1248 564,1248 590,1248 615,1249 641,1249 667,1250"/>
                <TextEquiv>
                    <Unicode>tiernamente se abrazaron,</Unicode>
                </TextEquiv>
            </TextLine>
            <TextLine id="region_1607011857611_161l24" custom="readingOrder {index:23;}">
                <Coords points="150,1315 183,1314 217,1314 250,1313 284,1313 317,1312 351,1312 384,1311 418,1310 451,1309 485,1308 519,1307 552,1305 586,1303 619,1301 653,1299 686,1295 720,1292 753,1288 787,1283 821,1278 821,1248 787,1253 753,1258 720,1262 686,1265 653,1269 619,1271 586,1273 552,1275 519,1277 485,1278 451,1279 418,1280 384,1281 351,1282 317,1282 284,1283 250,1283 217,1284 183,1284 150,1285"/>
                <Baseline points="150,1305 183,1304 217,1304 250,1303 284,1303 317,1302 351,1302 384,1301 418,1300 451,1299 485,1298 519,1297 552,1295 586,1293 619,1291 653,1289 686,1285 720,1282 753,1278 787,1273 821,1268"/>
                <TextEquiv>
                    <Unicode>como amigos verdaderos:</Unicode>
                </TextEquiv>
            </TextLine>
            <TextLine id="region_1607011857611_161l25" custom="readingOrder {index:24;}">
                <Coords points="153,1363 179,1364 205,1365 232,1365 258,1365 285,1364 311,1363 338,1362 364,1361 391,1360 417,1359 444,1358 470,1358 497,1357 523,1358 550,1359 550,1326 523,1325 497,1324 470,1325 444,1325 417,1326 391,1327 364,1328 338,1329 311,1330 285,1331 258,1332 232,1332 205,1332 179,1331 153,1330"/>
                <Baseline points="153,1352 179,1353 205,1354 232,1354 258,1354 285,1353 311,1352 338,1351 364,1350 391,1349 417,1348 444,1347 470,1347 497,1346 523,1347 550,1348"/>
                <TextEquiv>
                    <Unicode>Jamete, dijo; señor,</Unicode>
                </TextEquiv>
            </TextLine>
            <TextLine id="region_1607011857611_161l26" custom="readingOrder {index:25;}">
                <Coords points="160,1413 189,1413 219,1412 248,1412 278,1411 308,1411 337,1410 367,1409 397,1408 426,1407 456,1406 486,1405 515,1404 545,1404 575,1403 604,1403 634,1403 664,1403 693,1403 723,1404 753,1405 753,1372 723,1371 693,1370 664,1370 634,1370 604,1370 575,1370 545,1371 515,1371 486,1372 456,1373 426,1374 397,1375 367,1376 337,1377 308,1378 278,1378 248,1379 219,1379 189,1380 160,1380"/>
                <Baseline points="160,1402 189,1402 219,1401 248,1401 278,1400 308,1400 337,1399 367,1398 397,1397 426,1396 456,1395 486,1394 515,1393 545,1393 575,1392 604,1392 634,1392 664,1392 693,1392 723,1393 753,1394"/>
                <TextEquiv>
                    <Unicode>como se truencan los tiempos;</Unicode>
                </TextEquiv>
            </TextLine>
            <TextLine id="region_1607011857611_161l27" custom="readingOrder {index:26;}">
                <Coords points="157,1460 186,1461 215,1461 244,1461 273,1460 302,1460 331,1459 360,1458 389,1457 418,1456 447,1455 476,1454 505,1453 534,1452 563,1451 592,1451 621,1451 650,1450 679,1450 708,1451 737,1452 737,1419 708,1418 679,1417 650,1417 621,1418 592,1418 563,1418 534,1419 505,1420 476,1421 447,1422 418,1423 389,1424 360,1425 331,1426 302,1427 273,1427 244,1428 215,1428 186,1428 157,1427"/>
                <Baseline points="157,1449 186,1450 215,1450 244,1450 273,1449 302,1449 331,1448 360,1447 389,1446 418,1445 447,1444 476,1443 505,1442 534,1441 563,1440 592,1440 621,1440 650,1439 679,1439 708,1440 737,1441"/>
                <TextEquiv>
                    <Unicode>de cuando fuí vuestro esclavo</Unicode>
                </TextEquiv>
            </TextLine>
            <TextLine id="region_1607011857611_161l28" custom="readingOrder {index:27;}">
                <Coords points="151,1508 176,1508 201,1509 226,1509 252,1509 277,1509 302,1508 327,1507 353,1506 378,1505 403,1504 428,1503 454,1502 479,1501 504,1501 529,1501 555,1501 580,1501 605,1502 631,1503 631,1470 605,1469 580,1468 555,1468 529,1468 504,1468 479,1468 454,1469 428,1470 403,1471 378,1472 353,1473 327,1474 302,1475 277,1476 252,1476 226,1476 201,1476 176,1475 151,1475"/>
                <Baseline points="151,1497 176,1497 201,1498 226,1498 252,1498 277,1498 302,1497 327,1496 353,1495 378,1494 403,1493 428,1492 454,1491 479,1490 504,1490 529,1490 555,1490 580,1490 605,1491 631,1492"/>
                <TextEquiv>
                    <Unicode>muchas finezas te debo,</Unicode>
                </TextEquiv>
            </TextLine>
            <TextLine id="region_1607011857611_161l29" custom="readingOrder {index:28;}">
                <Coords points="155,1555 180,1557 206,1558 232,1558 258,1558 283,1558 309,1557 335,1556 361,1555 387,1554 412,1553 438,1551 464,1550 490,1550 515,1549 541,1549 567,1549 593,1550 619,1550 619,1517 593,1517 567,1516 541,1516 515,1516 490,1517 464,1517 438,1518 412,1520 387,1521 361,1522 335,1523 309,1524 283,1525 258,1525 232,1525 206,1525 180,1524 155,1522"/>
                <Baseline points="155,1544 180,1546 206,1547 232,1547 258,1547 283,1547 309,1546 335,1545 361,1544 387,1543 412,1542 438,1540 464,1539 490,1539 515,1538 541,1538 567,1538 593,1539 619,1539"/>
                <TextEquiv>
                    <Unicode>estoy muy agradecido,</Unicode>
                </TextEquiv>
            </TextLine>
            <TextLine id="region_1607011857611_161l30" custom="readingOrder {index:29;}">
                <Coords points="158,1605 184,1606 211,1606 238,1606 264,1606 291,1606 318,1605 344,1605 371,1604 398,1603 425,1602 451,1601 478,1600 505,1599 531,1599 558,1598 585,1597 611,1597 638,1597 665,1597 692,1597 692,1564 665,1564 638,1564 611,1564 585,1564 558,1565 531,1566 505,1566 478,1567 451,1568 425,1569 398,1570 371,1571 344,1572 318,1572 291,1573 264,1573 238,1573 211,1573 184,1573 158,1572"/>
                <Baseline points="158,1594 184,1595 211,1595 238,1595 264,1595 291,1595 318,1594 344,1594 371,1593 398,1592 425,1591 451,1590 478,1589 505,1588 531,1588 558,1587 585,1586 611,1586 638,1586 665,1586 692,1586"/>
                <TextEquiv>
                    <Unicode>y ahora pagartelas quiero.</Unicode>
                </TextEquiv>
            </TextLine>
            <TextLine id="region_1607011857611_161l31" custom="readingOrder {index:30;}">
                <Coords points="159,1656 184,1656 210,1655 235,1655 261,1654 287,1654 312,1653 338,1652 364,1651 389,1650 415,1649 441,1649 466,1648 492,1646 518,1646 543,1645 569,1644 595,1644 595,1611 569,1611 543,1612 518,1613 492,1613 466,1615 441,1616 415,1616 389,1617 364,1618 338,1619 312,1620 287,1621 261,1621 235,1622 210,1622 184,1623 159,1623"/>
                <Baseline points="159,1645 184,1645 210,1644 235,1644 261,1643 287,1643 312,1642 338,1641 364,1640 389,1639 415,1638 441,1638 466,1637 492,1635 518,1635 543,1634 569,1633 595,1633"/>
                <TextEquiv>
                    <Unicode>Estuvieron en palacio</Unicode>
                </TextEquiv>
            </TextLine>
            <TextLine id="region_1607011857611_161l32" custom="readingOrder {index:31;}">
                <Coords points="153,1702 180,1702 208,1703 235,1703 263,1703 290,1702 318,1702 345,1701 373,1700 400,1699 428,1697 455,1697 483,1695 510,1695 538,1694 565,1694 593,1693 620,1693 648,1694 675,1695 703,1696 703,1663 675,1662 648,1661 620,1660 593,1660 565,1661 538,1661 510,1662 483,1662 455,1664 428,1664 400,1666 373,1667 345,1668 318,1669 290,1669 263,1670 235,1670 208,1670 180,1669 153,1669"/>
                <Baseline points="153,1691 180,1691 208,1692 235,1692 263,1692 290,1691 318,1691 345,1690 373,1689 400,1688 428,1686 455,1686 483,1684 510,1684 538,1683 565,1683 593,1682 620,1682 648,1683 675,1684 703,1685"/>
                <TextEquiv>
                    <Unicode>mas de dos meses y medio,</Unicode>
                </TextEquiv>
            </TextLine>
            <TextLine id="region_1607011857611_161l33" custom="readingOrder {index:32;}">
                <Coords points="159,1752 185,1752 211,1752 237,1752 263,1751 290,1751 316,1750 342,1749 368,1749 395,1747 421,1747 447,1746 473,1745 499,1744 526,1744 552,1744 578,1743 604,1743 631,1744 631,1711 604,1710 578,1710 552,1711 526,1711 499,1711 473,1712 447,1713 421,1714 395,1714 368,1716 342,1716 316,1717 290,1718 263,1718 237,1719 211,1719 185,1719 159,1719"/>
                <Baseline points="159,1741 185,1741 211,1741 237,1741 263,1740 290,1740 316,1739 342,1738 368,1738 395,1736 421,1736 447,1735 473,1734 499,1733 526,1733 552,1733 578,1732 604,1732 631,1733"/>
                <TextEquiv>
                    <Unicode>de todos bien asistidos:</Unicode>
                </TextEquiv>
            </TextLine>
            <TextLine id="region_1607011857611_161l34" custom="readingOrder {index:33;}">
                <Coords points="157,1802 182,1802 208,1801 233,1801 259,1800 284,1799 310,1798 335,1797 361,1796 386,1796 412,1795 437,1794 463,1793 488,1793 514,1792 539,1792 565,1792 590,1792 616,1793 641,1793 667,1794 667,1761 641,1760 616,1760 590,1759 565,1759 539,1759 514,1759 488,1760 463,1760 437,1761 412,1762 386,1763 361,1763 335,1764 310,1765 284,1766 259,1767 233,1768 208,1768 182,1769 157,1769"/>
                <Baseline points="157,1791 182,1791 208,1790 233,1790 259,1789 284,1788 310,1787 335,1786 361,1785 386,1785 412,1784 437,1783 463,1782 488,1782 514,1781 539,1781 565,1781 590,1781 616,1782 641,1782 667,1783"/>
                <TextEquiv>
                    <Unicode>y acabándose los torneos,</Unicode>
                </TextEquiv>
            </TextLine>
            <TextLine id="region_1607011857611_161l35" custom="readingOrder {index:34;}">
                <Coords points="158,1849 184,1849 210,1849 237,1849 263,1848 290,1848 316,1847 343,1846 369,1845 395,1845 422,1844 448,1843 475,1843 501,1842 528,1842 554,1843 581,1843 581,1810 554,1810 528,1809 501,1809 475,1810 448,1810 422,1811 395,1812 369,1812 343,1813 316,1814 290,1815 263,1815 237,1816 210,1816 184,1816 158,1816"/>
                <Baseline points="158,1838 184,1838 210,1838 237,1838 263,1837 290,1837 316,1836 343,1835 369,1834 395,1834 422,1833 448,1832 475,1832 501,1831 528,1831 554,1832 581,1832"/>
                <TextEquiv>
                    <Unicode>dijo D. Pedro: señor,</Unicode>
                </TextEquiv>
            </TextLine>
            <TextLine id="region_1607011857611_161l36" custom="readingOrder {index:35;}">
                <Coords points="153,1906 181,1905 209,1904 237,1902 265,1901 293,1900 321,1899 349,1898 377,1897 405,1897 433,1896 461,1895 489,1895 517,1894 545,1893 573,1893 601,1892 629,1892 657,1891 685,1890 714,1890 714,1857 685,1857 657,1858 629,1859 601,1859 573,1860 545,1860 517,1861 489,1862 461,1862 433,1863 405,1864 377,1864 349,1865 321,1866 293,1867 265,1868 237,1869 209,1871 181,1872 153,1873"/>
                <Baseline points="153,1895 181,1894 209,1893 237,1891 265,1890 293,1889 321,1888 349,1887 377,1886 405,1886 433,1885 461,1884 489,1884 517,1883 545,1882 573,1882 601,1881 629,1881 657,1880 685,1879 714,1879"/>
                <TextEquiv>
                    <Unicode>ya me parece que es tiempo</Unicode>
                </TextEquiv>
            </TextLine>
            <TextEquiv>
                <Unicode>dice: despierta Jamete
que has de saber por muy cierto:
que está aquí doña Isabel,
y tambien D. Pedro Azedo,
el que has metido en prisiones
para dar castigos fieros,
es el que te libertó,
y te trajo á aqueste reino,
y ahora es preciso la ampares,
porque á ley de Caballero,
obras con obras se pagan,
y mas si se estan debiendo.
Jamete, que aquesto escucha,
partió al balcon como un trueno
conoció á Doña Isabel,
y le mandó entrar á dentro:
y al punto despachó un posta,
en que sacasen al reo,
y lo traigan á palacio,
sin que le agravien un pelo,
lo ejecutaron al punto,
y asi que los dos se vieron,
tiernamente se abrazaron,
como amigos verdaderos:
Jamete, dijo; señor,
como se truencan los tiempos;
de cuando fuí vuestro esclavo
muchas finezas te debo,
estoy muy agradecido,
y ahora pagartelas quiero.
Estuvieron en palacio
mas de dos meses y medio,
de todos bien asistidos:
y acabándose los torneos,
dijo D. Pedro: señor,
ya me parece que es tiempo</Unicode>
            </TextEquiv>
        </TextRegion>
        <TextRegion orientation="0.0" id="region_1607011862006_165" custom="readingOrder {index:2;}">
            <Coords points="863,139 1520,139 1520,1892 863,1892"/>
            <TextLine id="region_1607011862006_165l1" custom="readingOrder {index:0;}">
                <Coords points="872,190 898,189 925,189 952,189 979,188 1006,188 1033,188 1060,188 1087,188 1114,188 1141,189 1167,189 1194,189 1221,190 1248,190 1275,191 1302,191 1329,192 1356,192 1383,193 1410,194 1410,161 1383,160 1356,159 1329,159 1302,158 1275,158 1248,157 1221,157 1194,156 1167,156 1141,156 1114,155 1087,155 1060,155 1033,155 1006,155 979,155 952,156 925,156 898,156 872,157"/>
                <Baseline points="872,179 898,178 925,178 952,178 979,177 1006,177 1033,177 1060,177 1087,177 1114,177 1141,178 1167,178 1194,178 1221,179 1248,179 1275,180 1302,180 1329,181 1356,181 1383,182 1410,183"/>
                <TextEquiv>
                    <Unicode>que me dejeis ir á España,</Unicode>
                </TextEquiv>
            </TextLine>
            <TextLine id="region_1607011862006_165l2" custom="readingOrder {index:1;}">
                <Coords points="873,239 902,239 932,239 961,239 991,238 1020,238 1050,238 1079,238 1109,238 1138,238 1168,238 1197,238 1227,238 1256,238 1286,238 1315,239 1345,239 1374,240 1404,240 1433,241 1463,241 1463,208 1433,208 1404,207 1374,207 1345,206 1315,206 1286,205 1256,205 1227,205 1197,205 1168,205 1138,205 1109,205 1079,205 1050,205 1020,205 991,205 961,206 932,206 902,206 873,206"/>
                <Baseline points="873,228 902,228 932,228 961,228 991,227 1020,227 1050,227 1079,227 1109,227 1138,227 1168,227 1197,227 1227,227 1256,227 1286,227 1315,228 1345,228 1374,229 1404,229 1433,230 1463,230"/>
                <TextEquiv>
                    <Unicode>que gran falta estoy haciendo.</Unicode>
                </TextEquiv>
            </TextLine>
            <TextLine id="region_1607011862006_165l3" custom="readingOrder {index:2;}">
                <Coords points="871,287 901,287 931,287 962,287 992,287 1022,287 1053,287 1083,286 1113,286 1144,286 1174,286 1204,286 1235,286 1265,286 1295,286 1326,287 1356,287 1386,288 1417,290 1447,291 1478,293 1478,260 1447,258 1417,257 1386,255 1356,254 1326,254 1295,253 1265,253 1235,253 1204,253 1174,253 1144,253 1113,253 1083,253 1053,254 1022,254 992,254 962,254 931,254 901,254 871,254"/>
                <Baseline points="871,276 901,276 931,276 962,276 992,276 1022,276 1053,276 1083,275 1113,275 1144,275 1174,275 1204,275 1235,275 1265,275 1295,275 1326,276 1356,276 1386,277 1417,279 1447,280 1478,282"/>
                <TextEquiv>
                    <Unicode>Mandó el rey luego al instante</Unicode>
                </TextEquiv>
            </TextLine>
            <TextLine id="region_1607011862006_165l4" custom="readingOrder {index:3;}">
                <Coords points="876,335 907,336 939,336 970,337 1002,336 1033,336 1065,336 1096,335 1128,334 1159,334 1191,334 1223,334 1254,334 1286,335 1317,336 1349,338 1380,341 1412,344 1443,348 1475,353 1507,360 1507,327 1475,320 1443,315 1412,311 1380,308 1349,305 1317,303 1286,302 1254,301 1223,301 1191,301 1159,301 1128,301 1096,302 1065,303 1033,303 1002,303 970,304 939,303 907,303 876,302"/>
                <Baseline points="876,324 907,325 939,325 970,326 1002,325 1033,325 1065,325 1096,324 1128,323 1159,323 1191,323 1223,323 1254,323 1286,324 1317,325 1349,327 1380,330 1412,333 1443,337 1475,342 1507,349"/>
                <TextEquiv>
                    <Unicode>que apretasen en el puerto</Unicode>
                </TextEquiv>
            </TextLine>
            <TextLine id="region_1607011862006_165l5" custom="readingOrder {index:4;}">
                <Coords points="869,384 894,384 920,384 945,384 971,384 996,384 1022,384 1047,383 1073,383 1098,383 1124,382 1149,382 1175,382 1200,382 1226,382 1251,383 1277,383 1302,384 1328,385 1354,386 1354,353 1328,352 1302,351 1277,350 1251,350 1226,349 1200,349 1175,349 1149,349 1124,349 1098,350 1073,350 1047,350 1022,351 996,351 971,351 945,351 920,351 894,351 869,351"/>
                <Baseline points="869,373 894,373 920,373 945,373 971,373 996,373 1022,373 1047,372 1073,372 1098,372 1124,371 1149,371 1175,371 1200,371 1226,371 1251,372 1277,372 1302,373 1328,374 1354,375"/>
                <TextEquiv>
                    <Unicode>cuatro navios de guerra</Unicode>
                </TextEquiv>
            </TextLine>
            <TextLine id="region_1607011862006_165l6" custom="readingOrder {index:5;}">
                <Coords points="875,433 901,433 928,433 954,433 981,433 1008,432 1034,432 1061,432 1088,432 1114,432 1141,432 1168,431 1194,432 1221,432 1248,432 1274,432 1301,433 1328,433 1354,434 1381,436 1408,437 1408,404 1381,403 1354,401 1328,400 1301,400 1274,399 1248,399 1221,399 1194,399 1168,398 1141,399 1114,399 1088,399 1061,399 1034,399 1008,399 981,400 954,400 928,400 901,400 875,400"/>
                <Baseline points="875,422 901,422 928,422 954,422 981,422 1008,421 1034,421 1061,421 1088,421 1114,421 1141,421 1168,420 1194,421 1221,421 1248,421 1274,421 1301,422 1328,422 1354,423 1381,425 1408,426"/>
                <TextEquiv>
                    <Unicode>con toditos sus pertrechos</Unicode>
                </TextEquiv>
            </TextLine>
            <TextLine id="region_1607011862006_165l8" custom="readingOrder {index:6;}">
                <Coords points="878,483 904,483 930,483 956,482 982,482 1008,481 1034,481 1060,481 1086,480 1112,480 1138,479 1164,479 1190,479 1216,479 1242,479 1268,480 1294,480 1320,481 1346,482 1372,484 1398,486 1398,453 1372,451 1346,449 1320,448 1294,447 1268,447 1242,446 1216,446 1190,446 1164,446 1138,446 1112,447 1086,447 1060,448 1034,448 1008,448 982,449 956,449 930,450 904,450 878,450"/>
                <Baseline points="878,472 904,472 930,472 956,471 982,471 1008,470 1034,470 1060,470 1086,469 1112,469 1138,468 1164,468 1190,468 1216,468 1242,468 1268,469 1294,469 1320,470 1346,471 1372,473 1398,475"/>
                <TextEquiv>
                    <Unicode>para que le acompañasen,</Unicode>
                </TextEquiv>
            </TextLine>
            <TextLine id="region_1607011862006_165l9" custom="readingOrder {index:7;}">
                <Coords points="877,532 903,532 929,532 956,531 982,531 1009,531 1035,530 1062,530 1088,529 1115,529 1141,528 1167,528 1194,528 1220,528 1247,528 1273,529 1300,529 1326,530 1353,532 1379,533 1406,535 1406,502 1379,500 1353,499 1326,497 1300,496 1273,496 1247,495 1220,495 1194,495 1167,495 1141,495 1115,496 1088,496 1062,497 1035,497 1009,498 982,498 956,498 929,499 903,499 877,499"/>
                <Baseline points="877,521 903,521 929,521 956,520 982,520 1009,520 1035,519 1062,519 1088,518 1115,518 1141,517 1167,517 1194,517 1220,517 1247,517 1273,518 1300,518 1326,519 1353,521 1379,522 1406,524"/>
                <TextEquiv>
                    <Unicode>porque puedan defenderlo,</Unicode>
                </TextEquiv>
            </TextLine>
            <TextLine id="region_1607011862006_165l10" custom="readingOrder {index:8;}">
                <Coords points="871,584 897,582 923,581 949,579 975,578 1001,577 1027,576 1053,576 1079,575 1105,575 1131,575 1157,575 1183,576 1209,576 1235,576 1261,577 1287,577 1313,578 1339,578 1339,547 1313,547 1287,546 1261,546 1235,545 1209,545 1183,545 1157,544 1131,544 1105,544 1079,544 1053,545 1027,545 1001,546 975,547 949,548 923,550 897,551 871,553"/>
                <Baseline points="871,574 897,572 923,571 949,569 975,568 1001,567 1027,566 1053,566 1079,565 1105,565 1131,565 1157,565 1183,566 1209,566 1235,566 1261,567 1287,567 1313,568 1339,568"/>
                <TextEquiv>
                    <Unicode>y á otro dia de mañana</Unicode>
                </TextEquiv>
            </TextLine>
            <TextLine id="region_1607011862006_165l11" custom="readingOrder {index:9;}">
                <Coords points="873,626 901,626 930,625 958,625 987,624 1016,624 1044,624 1073,624 1101,623 1130,623 1159,623 1187,623 1216,624 1244,624 1273,624 1302,625 1330,626 1359,627 1387,628 1416,629 1445,630 1445,600 1416,599 1387,598 1359,597 1330,596 1302,595 1273,594 1244,594 1216,594 1187,593 1159,593 1130,593 1101,593 1073,594 1044,594 1016,594 987,594 958,595 930,595 901,596 873,596"/>
                <Baseline points="873,616 901,616 930,615 958,615 987,614 1016,614 1044,614 1073,614 1101,613 1130,613 1159,613 1187,613 1216,614 1244,614 1273,614 1302,615 1330,616 1359,617 1387,618 1416,619 1445,620"/>
                <TextEquiv>
                    <Unicode>con músicas é instrumentos,</Unicode>
                </TextEquiv>
            </TextLine>
            <TextLine id="region_1607011862006_165l12" custom="readingOrder {index:10;}">
                <Coords points="880,674 911,675 943,676 975,676 1007,676 1038,675 1070,675 1102,674 1134,673 1165,673 1197,673 1229,673 1261,673 1292,674 1324,676 1356,678 1388,681 1419,684 1451,689 1483,694 1515,701 1515,668 1483,661 1451,656 1419,651 1388,648 1356,645 1324,643 1292,641 1261,640 1229,640 1197,640 1165,640 1134,640 1102,641 1070,642 1038,642 1007,643 975,643 943,643 911,642 880,641"/>
                <Baseline points="880,663 911,664 943,665 975,665 1007,665 1038,664 1070,664 1102,663 1134,662 1165,662 1197,662 1229,662 1261,662 1292,663 1324,665 1356,667 1388,670 1419,673 1451,678 1483,683 1515,690"/>
                <TextEquiv>
                    <Unicode>le acompañó hasta la playa</Unicode>
                </TextEquiv>
            </TextLine>
            <TextLine id="region_1607011862006_165l13" custom="readingOrder {index:11;}">
                <Coords points="880,725 911,725 942,725 974,725 1005,724 1037,723 1068,723 1100,722 1131,721 1163,721 1194,721 1225,721 1257,722 1288,723 1320,724 1351,727 1383,730 1414,734 1446,739 1477,745 1509,752 1509,719 1477,712 1446,706 1414,701 1383,697 1351,694 1320,691 1288,690 1257,689 1225,688 1194,688 1163,688 1131,688 1100,689 1068,690 1037,690 1005,691 974,692 942,692 911,692 880,692"/>
                <Baseline points="880,714 911,714 942,714 974,714 1005,713 1037,712 1068,712 1100,711 1131,710 1163,710 1194,710 1225,710 1257,711 1288,712 1320,713 1351,716 1383,719 1414,723 1446,728 1477,734 1509,741"/>
                <TextEquiv>
                    <Unicode>y tambien le dió un navio</Unicode>
                </TextEquiv>
            </TextLine>
            <TextLine id="region_1607011862006_165l14" custom="readingOrder {index:12;}">
                <Coords points="872,772 904,773 936,774 969,774 1001,774 1033,773 1066,772 1098,772 1130,771 1163,770 1195,770 1227,770 1260,770 1292,771 1324,773 1357,774 1389,778 1421,782 1454,786 1486,792 1519,799 1519,766 1486,759 1454,753 1421,749 1389,745 1357,741 1324,740 1292,738 1260,737 1227,737 1195,737 1163,737 1130,738 1098,739 1066,739 1033,740 1001,741 969,741 936,741 904,740 872,739"/>
                <Baseline points="872,761 904,762 936,763 969,763 1001,763 1033,762 1066,761 1098,761 1130,760 1163,759 1195,759 1227,759 1260,759 1292,760 1324,762 1357,763 1389,767 1421,771 1454,775 1486,781 1519,788"/>
                <TextEquiv>
                    <Unicode>con gran porcion de dinero</Unicode>
                </TextEquiv>
            </TextLine>
            <TextLine id="region_1607011862006_165l15" custom="readingOrder {index:13;}">
                <Coords points="872,820 904,821 936,821 968,822 1000,821 1032,821 1064,820 1097,819 1129,819 1161,818 1193,818 1225,818 1257,819 1289,820 1322,821 1354,824 1386,827 1418,831 1450,837 1482,843 1515,851 1515,818 1482,810 1450,804 1418,798 1386,794 1354,791 1322,788 1289,787 1257,786 1225,785 1193,785 1161,785 1129,786 1097,786 1064,787 1032,788 1000,788 968,789 936,788 904,788 872,787"/>
                <Baseline points="872,809 904,810 936,810 968,811 1000,810 1032,810 1064,809 1097,808 1129,808 1161,807 1193,807 1225,807 1257,808 1289,809 1322,810 1354,813 1386,816 1418,820 1450,826 1482,832 1515,840"/>
                <TextEquiv>
                    <Unicode>para que de él se sirviesen.</Unicode>
                </TextEquiv>
            </TextLine>
            <TextLine id="region_1607011862006_165l16" custom="readingOrder {index:14;}">
                <Coords points="880,868 911,869 943,869 974,869 1006,869 1038,869 1069,868 1101,868 1133,867 1164,867 1196,867 1228,868 1259,869 1291,870 1323,872 1354,875 1386,879 1418,882 1449,888 1481,894 1513,901 1513,868 1481,861 1449,855 1418,849 1386,846 1354,842 1323,839 1291,837 1259,836 1228,835 1196,834 1164,834 1133,834 1101,835 1069,835 1038,836 1006,836 974,836 943,836 911,836 880,835"/>
                <Baseline points="880,857 911,858 943,858 974,858 1006,858 1038,858 1069,857 1101,857 1133,856 1164,856 1196,856 1228,857 1259,858 1291,859 1323,861 1354,864 1386,868 1418,871 1449,877 1481,883 1513,890"/>
                <TextEquiv>
                    <Unicode>Cortesmente se despiden</Unicode>
                </TextEquiv>
            </TextLine>
            <TextLine id="region_1607011862006_165l17" custom="readingOrder {index:15;}">
                <Coords points="867,919 899,919 931,918 964,918 996,917 1029,917 1061,916 1093,916 1126,916 1158,916 1191,916 1223,917 1255,918 1288,919 1320,921 1353,924 1385,927 1417,930 1450,935 1482,939 1515,946 1515,913 1482,906 1450,902 1417,897 1385,894 1353,891 1320,888 1288,886 1255,885 1223,884 1191,883 1158,883 1126,883 1093,883 1061,883 1029,884 996,884 964,885 931,885 899,886 867,886"/>
                <Baseline points="867,908 899,908 931,907 964,907 996,906 1029,906 1061,905 1093,905 1126,905 1158,905 1191,905 1223,906 1255,907 1288,908 1320,910 1353,913 1385,916 1417,919 1450,924 1482,928 1515,935"/>
                <TextEquiv>
                    <Unicode>navegando á vela y remo</Unicode>
                </TextEquiv>
            </TextLine>
            <TextLine id="region_1607011862006_165l18" custom="readingOrder {index:16;}">
                <Coords points="879,967 910,967 942,966 973,966 1005,965 1036,965 1068,964 1099,964 1131,964 1162,964 1194,964 1225,965 1257,967 1288,968 1320,970 1351,973 1383,977 1414,982 1446,986 1477,992 1509,1000 1509,967 1477,959 1446,953 1414,949 1383,944 1351,940 1320,937 1288,935 1257,934 1225,932 1194,931 1162,931 1131,931 1099,931 1068,931 1036,932 1005,932 973,933 942,933 910,934 879,934"/>
                <Baseline points="879,956 910,956 942,955 973,955 1005,954 1036,954 1068,953 1099,953 1131,953 1162,953 1194,953 1225,954 1257,956 1288,957 1320,959 1351,962 1383,966 1414,971 1446,975 1477,981 1509,989"/>
                <TextEquiv>
                    <Unicode>y dentro de cuatro dias</Unicode>
                </TextEquiv>
            </TextLine>
            <TextLine id="region_1607011862006_165l19" custom="readingOrder {index:17;}">
                <Coords points="881,1017 912,1016 944,1015 976,1014 1008,1013 1040,1012 1072,1012 1104,1012 1136,1012 1168,1013 1200,1014 1231,1015 1263,1017 1295,1019 1327,1022 1359,1024 1391,1028 1423,1032 1455,1036 1487,1041 1519,1046 1519,1013 1487,1008 1455,1003 1423,999 1391,995 1359,991 1327,989 1295,986 1263,984 1231,982 1200,981 1168,980 1136,979 1104,979 1072,979 1040,979 1008,980 976,981 944,982 912,983 881,984"/>
                <Baseline points="881,1006 912,1005 944,1004 976,1003 1008,1002 1040,1001 1072,1001 1104,1001 1136,1001 1168,1002 1200,1003 1231,1004 1263,1006 1295,1008 1327,1011 1359,1013 1391,1017 1423,1021 1455,1025 1487,1030 1519,1035"/>
                <TextEquiv>
                    <Unicode>llegaron á ver el puerto</Unicode>
                </TextEquiv>
            </TextLine>
            <TextLine id="region_1607011862006_165l20" custom="readingOrder {index:18;}">
                <Coords points="877,1067 909,1065 941,1064 973,1062 1005,1062 1037,1061 1069,1061 1101,1061 1133,1061 1165,1061 1197,1063 1229,1064 1261,1066 1293,1068 1325,1070 1357,1072 1389,1075 1421,1079 1453,1083 1485,1088 1517,1093 1517,1060 1485,1055 1453,1050 1421,1046 1389,1042 1357,1039 1325,1037 1293,1035 1261,1033 1229,1031 1197,1030 1165,1028 1133,1028 1101,1028 1069,1028 1037,1028 1005,1029 973,1029 941,1031 909,1032 877,1034"/>
                <Baseline points="877,1056 909,1054 941,1053 973,1051 1005,1051 1037,1050 1069,1050 1101,1050 1133,1050 1165,1050 1197,1052 1229,1053 1261,1055 1293,1057 1325,1059 1357,1061 1389,1064 1421,1068 1453,1072 1485,1077 1517,1082"/>
                <TextEquiv>
                    <Unicode>de la ciudad de Aficante</Unicode>
                </TextEquiv>
            </TextLine>
            <TextLine id="region_1607011862006_165l21" custom="readingOrder {index:19;}">
                <Coords points="884,1118 915,1115 946,1113 978,1111 1009,1110 1041,1109 1072,1108 1104,1108 1135,1109 1167,1109 1198,1110 1229,1112 1261,1114 1292,1116 1324,1118 1355,1122 1387,1125 1418,1128 1450,1132 1481,1135 1513,1140 1513,1107 1481,1102 1450,1099 1418,1095 1387,1092 1355,1089 1324,1085 1292,1083 1261,1081 1229,1079 1198,1077 1167,1076 1135,1076 1104,1075 1072,1075 1041,1076 1009,1077 978,1078 946,1080 915,1082 884,1085"/>
                <Baseline points="884,1107 915,1104 946,1102 978,1100 1009,1099 1041,1098 1072,1097 1104,1097 1135,1098 1167,1098 1198,1099 1229,1101 1261,1103 1292,1105 1324,1107 1355,1111 1387,1114 1418,1117 1450,1121 1481,1124 1513,1129"/>
                <TextEquiv>
                    <Unicode>y el valeroso D. Pedro</Unicode>
                </TextEquiv>
            </TextLine>
            <TextLine id="region_1607011862006_165l22" custom="readingOrder {index:20;}">
                <Coords points="883,1163 914,1161 946,1160 977,1159 1009,1159 1041,1159 1072,1159 1104,1159 1135,1159 1167,1160 1199,1161 1230,1162 1262,1164 1293,1166 1325,1169 1357,1171 1388,1174 1420,1178 1451,1181 1483,1185 1515,1189 1515,1156 1483,1152 1451,1148 1420,1145 1388,1141 1357,1138 1325,1136 1293,1133 1262,1131 1230,1129 1199,1128 1167,1127 1135,1126 1104,1126 1072,1126 1041,1126 1009,1126 977,1126 946,1127 914,1128 883,1130"/>
                <Baseline points="883,1152 914,1150 946,1149 977,1148 1009,1148 1041,1148 1072,1148 1104,1148 1135,1148 1167,1149 1199,1150 1230,1151 1262,1153 1293,1155 1325,1158 1357,1160 1388,1163 1420,1167 1451,1170 1483,1174 1515,1178"/>
                <TextEquiv>
                    <Unicode>con su bandera de paz.</Unicode>
                </TextEquiv>
            </TextLine>
            <TextLine id="region_1607011862006_165l23" custom="readingOrder {index:21;}">
                <Coords points="875,1211 907,1209 939,1207 971,1206 1003,1205 1035,1204 1067,1204 1099,1205 1131,1205 1163,1207 1196,1208 1228,1210 1260,1212 1292,1214 1324,1217 1356,1220 1388,1222 1420,1226 1452,1230 1484,1233 1517,1237 1517,1207 1484,1203 1452,1200 1420,1196 1388,1192 1356,1190 1324,1187 1292,1184 1260,1182 1228,1180 1196,1178 1163,1177 1131,1175 1099,1175 1067,1174 1035,1174 1003,1175 971,1176 939,1177 907,1179 875,1181"/>
                <Baseline points="875,1201 907,1199 939,1197 971,1196 1003,1195 1035,1194 1067,1194 1099,1195 1131,1195 1163,1197 1196,1198 1228,1200 1260,1202 1292,1204 1324,1207 1356,1210 1388,1212 1420,1216 1452,1220 1484,1223 1517,1227"/>
                <TextEquiv>
                    <Unicode>á recibirlo salieron</Unicode>
                </TextEquiv>
            </TextLine>
            <TextLine id="region_1607011862006_165l24" custom="readingOrder {index:22;}">
                <Coords points="888,1255 918,1255 949,1255 980,1255 1011,1254 1041,1254 1072,1254 1103,1253 1134,1253 1164,1253 1195,1253 1226,1254 1257,1255 1287,1256 1318,1257 1349,1259 1380,1263 1410,1266 1441,1270 1472,1275 1503,1280 1503,1250 1472,1245 1441,1240 1410,1236 1380,1233 1349,1229 1318,1227 1287,1226 1257,1225 1226,1224 1195,1223 1164,1223 1134,1223 1103,1223 1072,1224 1041,1224 1011,1224 980,1225 949,1225 918,1225 888,1225"/>
                <Baseline points="888,1245 918,1245 949,1245 980,1245 1011,1244 1041,1244 1072,1244 1103,1243 1134,1243 1164,1243 1195,1243 1226,1244 1257,1245 1287,1246 1318,1247 1349,1249 1380,1253 1410,1256 1441,1260 1472,1265 1503,1270"/>
                <TextEquiv>
                    <Unicode>haciendo rumbósas salvas,</Unicode>
                </TextEquiv>
            </TextLine>
            <TextLine id="region_1607011862006_165l25" custom="readingOrder {index:23;}">
                <Coords points="886,1309 917,1308 948,1307 979,1306 1010,1305 1041,1304 1072,1303 1104,1303 1135,1302 1166,1302 1197,1302 1228,1303 1259,1304 1290,1306 1322,1308 1353,1310 1384,1313 1415,1317 1446,1321 1477,1326 1509,1332 1509,1299 1477,1293 1446,1288 1415,1284 1384,1280 1353,1277 1322,1275 1290,1273 1259,1271 1228,1270 1197,1269 1166,1269 1135,1269 1104,1270 1072,1270 1041,1271 1010,1272 979,1273 948,1274 917,1275 886,1276"/>
                <Baseline points="886,1298 917,1297 948,1296 979,1295 1010,1294 1041,1293 1072,1292 1104,1292 1135,1291 1166,1291 1197,1291 1228,1292 1259,1293 1290,1295 1322,1297 1353,1299 1384,1302 1415,1306 1446,1310 1477,1315 1509,1321"/>
                <TextEquiv>
                    <Unicode>y cuando contó el suceso,</Unicode>
                </TextEquiv>
            </TextLine>
            <TextLine id="region_1607011862006_165l26" custom="readingOrder {index:24;}">
                <Coords points="892,1353 924,1353 957,1354 989,1353 1022,1353 1054,1353 1087,1352 1120,1352 1152,1351 1185,1351 1217,1351 1250,1352 1282,1353 1315,1355 1348,1357 1380,1359 1413,1362 1445,1367 1478,1372 1511,1378 1511,1347 1478,1341 1445,1336 1413,1331 1380,1328 1348,1326 1315,1324 1282,1322 1250,1321 1217,1320 1185,1320 1152,1320 1120,1321 1087,1321 1054,1322 1022,1322 989,1322 957,1323 924,1322 892,1322"/>
                <Baseline points="892,1343 924,1343 957,1344 989,1343 1022,1343 1054,1343 1087,1342 1120,1342 1152,1341 1185,1341 1217,1341 1250,1342 1282,1343 1315,1345 1348,1347 1380,1349 1413,1352 1445,1357 1478,1362 1511,1368"/>
                <TextEquiv>
                    <Unicode>todos quedarón pasmados;</Unicode>
                </TextEquiv>
            </TextLine>
            <TextLine id="region_1607011862006_165l27" custom="readingOrder {index:25;}">
                <Coords points="888,1406 919,1404 950,1403 981,1402 1013,1401 1044,1400 1075,1399 1106,1399 1138,1399 1169,1399 1200,1399 1231,1400 1263,1401 1294,1402 1325,1403 1356,1405 1388,1408 1419,1411 1450,1414 1481,1417 1513,1422 1513,1391 1481,1386 1450,1383 1419,1380 1388,1377 1356,1374 1325,1372 1294,1371 1263,1370 1231,1369 1200,1368 1169,1368 1138,1368 1106,1368 1075,1368 1044,1369 1013,1370 981,1371 950,1372 919,1373 888,1375"/>
                <Baseline points="888,1396 919,1394 950,1393 981,1392 1013,1391 1044,1390 1075,1389 1106,1389 1138,1389 1169,1389 1200,1389 1231,1390 1263,1391 1294,1392 1325,1393 1356,1395 1388,1398 1419,1401 1450,1404 1481,1407 1513,1412"/>
                <TextEquiv>
                    <Unicode>y en aqueste mismo tiempo</Unicode>
                </TextEquiv>
            </TextLine>
            <TextLine id="region_1607011862006_165l28" custom="readingOrder {index:26;}">
                <Coords points="890,1455 921,1453 952,1452 983,1450 1014,1450 1046,1449 1077,1448 1108,1448 1139,1448 1170,1448 1202,1449 1233,1450 1264,1452 1295,1454 1326,1456 1358,1459 1389,1463 1420,1467 1451,1471 1482,1476 1514,1483 1514,1450 1482,1443 1451,1438 1420,1434 1389,1430 1358,1426 1326,1423 1295,1421 1264,1419 1233,1417 1202,1416 1170,1415 1139,1415 1108,1415 1077,1415 1046,1416 1014,1417 983,1417 952,1419 921,1420 890,1422"/>
                <Baseline points="890,1444 921,1442 952,1441 983,1439 1014,1439 1046,1438 1077,1437 1108,1437 1139,1437 1170,1437 1202,1438 1233,1439 1264,1441 1295,1443 1326,1445 1358,1448 1389,1452 1420,1456 1451,1460 1482,1465 1514,1472"/>
                <TextEquiv>
                    <Unicode>pagó muy bién el viage</Unicode>
                </TextEquiv>
            </TextLine>
            <TextLine id="region_1607011862006_165l29" custom="readingOrder {index:27;}">
                <Coords points="886,1502 917,1501 948,1500 979,1499 1011,1498 1042,1498 1073,1497 1104,1497 1136,1497 1167,1497 1198,1498 1229,1499 1261,1500 1292,1502 1323,1504 1354,1506 1386,1509 1417,1513 1448,1517 1479,1521 1511,1527 1511,1494 1479,1488 1448,1484 1417,1480 1386,1476 1354,1473 1323,1471 1292,1469 1261,1467 1229,1466 1198,1465 1167,1464 1136,1464 1104,1464 1073,1464 1042,1465 1011,1465 979,1466 948,1467 917,1468 886,1469"/>
                <Baseline points="886,1491 917,1490 948,1489 979,1488 1011,1487 1042,1487 1073,1486 1104,1486 1136,1486 1167,1486 1198,1487 1229,1488 1261,1489 1292,1491 1323,1493 1354,1495 1386,1498 1417,1502 1448,1506 1479,1510 1511,1516"/>
                <TextEquiv>
                    <Unicode>á los que con él viñièron:</Unicode>
                </TextEquiv>
            </TextLine>
            <TextLine id="region_1607011862006_165l30" custom="readingOrder {index:28;}">
                <Coords points="884,1549 915,1549 946,1549 978,1549 1009,1548 1041,1548 1072,1547 1104,1547 1135,1547 1167,1546 1198,1547 1229,1547 1261,1548 1292,1550 1324,1552 1355,1554 1387,1557 1418,1561 1450,1566 1481,1572 1513,1578 1513,1545 1481,1539 1450,1533 1418,1528 1387,1524 1355,1521 1324,1519 1292,1517 1261,1515 1229,1514 1198,1514 1167,1513 1135,1514 1104,1514 1072,1514 1041,1515 1009,1515 978,1516 946,1516 915,1516 884,1516"/>
                <Baseline points="884,1538 915,1538 946,1538 978,1538 1009,1537 1041,1537 1072,1536 1104,1536 1135,1536 1167,1535 1198,1536 1229,1536 1261,1537 1292,1539 1324,1541 1355,1543 1387,1546 1418,1550 1450,1555 1481,1561 1513,1567"/>
                <TextEquiv>
                    <Unicode>luego los chatro nayios</Unicode>
                </TextEquiv>
            </TextLine>
            <TextLine id="region_1607011862006_165l31" custom="readingOrder {index:29;}">
                <Coords points="891,1597 922,1597 953,1597 984,1596 1015,1596 1046,1596 1077,1595 1108,1595 1139,1595 1170,1595 1202,1595 1233,1596 1264,1596 1295,1598 1326,1600 1357,1602 1388,1605 1419,1608 1450,1612 1481,1617 1513,1623 1513,1590 1481,1584 1450,1579 1419,1575 1388,1572 1357,1569 1326,1567 1295,1565 1264,1563 1233,1563 1202,1562 1170,1562 1139,1562 1108,1562 1077,1562 1046,1563 1015,1563 984,1563 953,1564 922,1564 891,1564"/>
                <Baseline points="891,1586 922,1586 953,1586 984,1585 1015,1585 1046,1585 1077,1584 1108,1584 1139,1584 1170,1584 1202,1584 1233,1585 1264,1585 1295,1587 1326,1589 1357,1591 1388,1594 1419,1597 1450,1601 1481,1606 1513,1612"/>
                <TextEquiv>
                    <Unicode>á sus tierras se volgieron </Unicode>
                </TextEquiv>
            </TextLine>
            <TextLine id="region_1607011862006_165l32" custom="readingOrder {index:30;}">
                <Coords points="890,1648 921,1647 952,1647 984,1646 1015,1645 1046,1644 1078,1644 1109,1643 1140,1643 1172,1642 1203,1643 1234,1643 1266,1644 1297,1646 1328,1647 1360,1650 1391,1653 1422,1657 1454,1662 1485,1668 1517,1674 1517,1641 1485,1635 1454,1629 1422,1624 1391,1620 1360,1617 1328,1614 1297,1613 1266,1611 1234,1610 1203,1610 1172,1609 1140,1610 1109,1610 1078,1611 1046,1611 1015,1612 984,1613 952,1614 921,1614 890,1615"/>
                <Baseline points="890,1637 921,1636 952,1636 984,1635 1015,1634 1046,1633 1078,1633 1109,1632 1140,1632 1172,1631 1203,1632 1234,1632 1266,1633 1297,1635 1328,1636 1360,1639 1391,1642 1422,1646 1454,1651 1485,1657 1517,1663"/>
                <TextEquiv>
                    <Unicode>y ellos saltaron en tiérrá</Unicode>
                </TextEquiv>
            </TextLine>
            <TextLine id="region_1607011862006_165l33" custom="readingOrder {index:31;}">
                <Coords points="892,1693 917,1694 942,1694 967,1694 992,1694 1017,1694 1042,1694 1067,1694 1092,1693 1117,1693 1142,1693 1167,1692 1192,1692 1217,1692 1242,1692 1267,1693 1292,1693 1317,1694 1342,1695 1367,1697 1392,1698 1392,1665 1367,1664 1342,1662 1317,1661 1292,1660 1267,1660 1242,1659 1217,1659 1192,1659 1167,1659 1142,1660 1117,1660 1092,1660 1067,1661 1042,1661 1017,1661 992,1661 967,1661 942,1661 917,1661 892,1660"/>
                <Baseline points="892,1682 917,1683 942,1683 967,1683 992,1683 1017,1683 1042,1683 1067,1683 1092,1682 1117,1682 1142,1682 1167,1681 1192,1681 1217,1681 1242,1681 1267,1682 1292,1682 1317,1683 1342,1684 1367,1686 1392,1687"/>
                <TextEquiv>
                    <Unicode>muy alegres y contentos,</Unicode>
                </TextEquiv>
            </TextLine>
            <TextLine id="region_1607011862006_165l34" custom="readingOrder {index:32;}">
                <Coords points="889,1741 920,1740 951,1740 982,1740 1014,1740 1045,1740 1076,1740 1107,1740 1139,1740 1170,1740 1201,1741 1232,1741 1264,1741 1295,1742 1326,1743 1357,1743 1389,1744 1420,1745 1451,1746 1482,1747 1514,1748 1514,1718 1482,1717 1451,1716 1420,1715 1389,1714 1357,1713 1326,1713 1295,1712 1264,1711 1232,1711 1201,1711 1170,1710 1139,1710 1107,1710 1076,1710 1045,1710 1014,1710 982,1710 951,1710 920,1710 889,1711"/>
                <Baseline points="889,1731 920,1730 951,1730 982,1730 1014,1730 1045,1730 1076,1730 1107,1730 1139,1730 1170,1730 1201,1731 1232,1731 1264,1731 1295,1732 1326,1733 1357,1733 1389,1734 1420,1735 1451,1736 1482,1737 1514,1738"/>
                <TextEquiv>
                    <Unicode>dándole á Dios muchas gracias</Unicode>
                </TextEquiv>
            </TextLine>
            <TextLine id="region_1607011862006_165l36" custom="readingOrder {index:33;}">
                <Coords points="898,1791 928,1791 959,1790 989,1789 1020,1789 1051,1788 1081,1788 1112,1787 1143,1787 1173,1788 1204,1788 1235,1789 1265,1790 1296,1791 1327,1793 1357,1796 1388,1799 1419,1802 1449,1807 1480,1811 1511,1817 1511,1787 1480,1781 1449,1777 1419,1772 1388,1769 1357,1766 1327,1763 1296,1761 1265,1760 1235,1759 1204,1758 1173,1758 1143,1757 1112,1757 1081,1758 1051,1758 1020,1759 989,1759 959,1760 928,1761 898,1761"/>
                <Baseline points="898,1781 928,1781 959,1780 989,1779 1020,1779 1051,1778 1081,1778 1112,1777 1143,1777 1173,1778 1204,1778 1235,1779 1265,1780 1296,1781 1327,1783 1357,1786 1388,1789 1419,1792 1449,1797 1480,1801 1511,1807"/>
                <TextEquiv>
                    <Unicode>y á la reina de los cielos.</Unicode>
                </TextEquiv>
            </TextLine>
            <TextLine id="region_1607011862006_165l37" custom="readingOrder {index:34;}">
                <Coords points="896,1836 926,1837 957,1838 988,1838 1019,1838 1050,1838 1081,1837 1111,1837 1142,1837 1173,1837 1204,1837 1235,1837 1266,1838 1297,1839 1327,1840 1358,1843 1389,1846 1420,1850 1451,1855 1482,1861 1513,1868 1513,1837 1482,1830 1451,1824 1420,1819 1389,1815 1358,1812 1327,1809 1297,1808 1266,1807 1235,1806 1204,1806 1173,1806 1142,1806 1111,1806 1081,1806 1050,1807 1019,1807 988,1807 957,1807 926,1806 896,1805"/>
                <Baseline points="896,1826 926,1827 957,1828 988,1828 1019,1828 1050,1828 1081,1827 1111,1827 1142,1827 1173,1827 1204,1827 1235,1827 1266,1828 1297,1829 1327,1830 1358,1833 1389,1836 1420,1840 1451,1845 1482,1851 1513,1858"/>
                <TextEquiv>
                    <Unicode>Y ahora Juan José Lopez</Unicode>
                </TextEquiv>
            </TextLine>
            <TextLine id="region_1607011862006_165l38" custom="readingOrder {index:35;}">
                <Coords points="900,1892 930,1892 961,1892 992,1891 1023,1891 1054,1890 1085,1889 1115,1888 1146,1888 1177,1887 1208,1887 1239,1887 1270,1888 1301,1889 1331,1890 1362,1892 1393,1895 1424,1898 1455,1902 1486,1907 1517,1912 1517,1879 1486,1874 1455,1869 1424,1865 1393,1862 1362,1859 1331,1857 1301,1856 1270,1855 1239,1854 1208,1854 1177,1854 1146,1855 1115,1855 1085,1856 1054,1857 1023,1858 992,1858 961,1859 930,1859 900,1859"/>
                <Baseline points="900,1881 930,1881 961,1881 992,1880 1023,1880 1054,1879 1085,1878 1115,1877 1146,1877 1177,1876 1208,1876 1239,1876 1270,1877 1301,1878 1331,1879 1362,1881 1393,1884 1424,1887 1455,1891 1486,1896 1517,1901"/>
                <TextEquiv>
                    <Unicode>pide perdon de sús yerros.</Unicode>
                </TextEquiv>
            </TextLine>
            <TextEquiv>
                <Unicode>que me dejeis ir á España,
que gran falta estoy haciendo.
Mandó el rey luego al instante
que apretasen en el puerto
cuatro navios de guerra
con toditos sus pertrechos
para que le acompañasen,
porque puedan defenderlo,
y á otro dia de mañana
con músicas é instrumentos,
le acompañó hasta la playa
y tambien le dió un navio
con gran porcion de dinero
para que de él se sirviesen.
Cortesmente se despiden
navegando á vela y remo
y dentro de cuatro dias
llegaron á ver el puerto
de la ciudad de Aficante
y el valeroso D. Pedro
con su bandera de paz.
á recibirlo salieron
haciendo rumbósas salvas,
y cuando contó el suceso,
todos quedarón pasmados;
y en aqueste mismo tiempo
pagó muy bién el viage
á los que con él viñièron:
luego los chatro nayios
á sus tierras se volgieron 
y ellos saltaron en tiérrá
muy alegres y contentos,
dándole á Dios muchas gracias
y á la reina de los cielos.
Y ahora Juan José Lopez
pide perdon de sús yerros.</Unicode>
            </TextEquiv>
        </TextRegion>
        <TextRegion orientation="0.0" id="region_1607011867544_169" custom="readingOrder {index:3;}">
            <Coords points="279,2239 1463,2239 1463,1975 279,1975"/>
            <TextLine id="region_1607011867544_169l2" custom="readingOrder {index:0;}">
                <Coords points="785,2055 814,2052 844,2051 873,2051 903,2052 933,2053 933,2005 903,2004 873,2003 844,2003 814,2004 785,2007"/>
                <Baseline points="785,2039 814,2036 844,2035 873,2035 903,2036 933,2037"/>
                <TextEquiv>
                    <Unicode>FIN.</Unicode>
                </TextEquiv>
            </TextLine>
            <TextLine id="region_1607011867544_169l9" custom="readingOrder {index:1;}">
                <Coords points="285,2241 343,2239 402,2238 460,2237 519,2237 577,2236 636,2236 694,2235 753,2235 811,2235 870,2235 928,2235 987,2235 1045,2235 1104,2236 1162,2236 1221,2236 1279,2236 1338,2236 1396,2237 1455,2237 1455,2189 1396,2189 1338,2188 1279,2188 1221,2188 1162,2188 1104,2188 1045,2187 987,2187 928,2187 870,2187 811,2187 753,2187 694,2187 636,2188 577,2188 519,2189 460,2189 402,2190 343,2191 285,2193"/>
                <Baseline points="285,2225 343,2223 402,2222 460,2221 519,2221 577,2220 636,2220 694,2219 753,2219 811,2219 870,2219 928,2219 987,2219 1045,2219 1104,2220 1162,2220 1221,2220 1279,2220 1338,2220 1396,2221 1455,2221"/>
                <TextEquiv>
                    <Unicode>CARMONA:—1861. Imprenta de D. José María Moreno,</Unicode>
                </TextEquiv>
            </TextLine>
            <TextEquiv>
                <Unicode>FIN.
CARMONA:—1861. Imprenta de D. José María Moreno,</Unicode>
            </TextEquiv>
        </TextRegion>
    </Page>
</PcGts>
