1737 2508
884 12 1068 173 3
257 147 786 188 por el hueco de la puente
256 193 739 235 hasta llegar á la escala,
257 242 833 283 que á veces Dios á los suyos
266 290 746 332 los cubre con telarañas.
259 339 691 381 Sube por la Herreria,
263 389 752 434 cruzando la Vivarrambla,
256 438 672 480 sube, por el Zacatin,
262 486 844 528 con el Rey chico encontraba,
249 535 720 573 el cual venia de ronda,
261 584 735 622 porque la Ciudad celaba:
247 634 777 672 El Rey le dice: qué gente?
260 682 772 720 Y él sin turbarse palabra.
244 732 692 770 le dico: soy Reduan,
247 781 834 820 que estoy de fiesta mañana,
253 829 787 870 porque hago en la Zuriza
252 879 661 917 una figura gallarda,
247 930 770 969 Qué figura, dijo el Rey,
244 978 842 1015 no pensando que le engaña?
241 1025 767 1065 Hago á Fernando Pulgar,
244 1075 842 1115 le parezco hasta en el habla,
251 1122 746 1160 y este vestido que traigo
249 1172 756 1212 me lo hizo una Cristiana,
243 1221 750 1257 que parece ser el mismo
249 1268 810 1308 que Pulgar se viste, y calza:
247 1316 739 1354 quedó el Rey agradecido
251 1366 689 1405 de su bizarria, y gala,
247 1414 759 1454 y mandó darle un caballo
245 1464 776 1504 para que en la fiesta salga:
247 1513 750 1553 dando vuelta á la Ciudad,
248 1559 752 1602 se bajó á la Vivarrambla,
243 1607 776 1650 y vido hecho un Castillo
244 1658 710 1698 con artificio de tablas,
243 1706 710 1746 y su caba á la redonda,
247 1756 767 1796 que lecircunda, y le baña.
244 1804 704 1841 Preguntó en Algaravia:
247 1854 797 1894 cómo á el Castillo le llaman?
246 1902 727 1941 Le dicen, que Santa Fé.
243 1951 825 1993 que han de rendir, y ganarla.
245 1999 685 2041 Rióse de esto Pulgar,
254 2047 654 2088 y dice: perra canalla,
244 2096 733 2137 no os vereis en ese gozo,
252 2145 766 2187 i Dios me guarda mañana,
242 2193 733 2237 Estando en estas razones
997 152 1555 193 vió un Moro con una hacha,
994 200 1441 238 la cual hacha le quitó
991 247 1486 286 y tan gran golpe le daba,
987 296 1583 335 que lo ha dejado por muerto
991 346 1470 385 tendido junto á la caba,
989 392 1492 433 y con el hacha encendida
993 439 1496 481 pegaba fuego á las casas.
989 490 1522 534 Unos dicen: Fuego, fuego,
996 541 1482 579 otros dicen: Agua, agua,
989 589 1463 629 otros dicen, que Pulgar
987 637 1459 677 está dentro de Granada
991 684 1550 726 y Pulgar se anda entre ellos
981 734 1472 777 lleno de cólera, y saña.
983 784 1494 828 Se fué para la Mezquita,
980 835 1364 873 hallóla desocupada,
981 879 1516 925 y en lo mas alto que pudo,
979 931 1500 972 á donde su brazo alcanza,
987 978 1501 1020 dejó el pergamíno escrito
985 1027 1530 1072 de la que es llena de gracia,
987 1075 1457 1119 que por mas seguridad
985 1126 1582 1167 dentro de su pecho guardaba.
979 1173 1452 1218 Salióse de la Mezquita,
979 1220 1433 1265 y entre sí consideraba
977 1271 1468 1316 de cobrar aquel caballo,
981 1321 1606 1363 del Rey no perder la manda.
980 1367 1452 1412 El Rey habia mandado
980 1416 1420 1460 á los.criados de casa
974 1466 1488 1510 que le diesen á escoger
984 1516 1464 1558 el caballo que gustara:
980 1564 1536 1609 escogió un caballo blanco,
980 1614 1512 1656 que á la nieve se compara,
983 1662 1322 1701 enjaezado de oro
980 1712 1468 1755 las herraduras de plata,
972 1763 1532 1802 caballo que en treinta pasos
972 1810 1442 1849 corre, galopea y para:
971 1857 1506 1898 se bajó á la plaza nueva,
975 1907 1531 1949 desde allí á la Vivarrambla.
972 1957 1460 1995 Los Moros habian hecho
967 2006 1532 2045 un Rey Fernando de paja,
969 2053 1536 2097 y un Moro hecho de bulto,
971 2104 1474 2145 que una azagalla le pasa:
968 2152 1410 2193 Aqui se enojó Pulgar
969 2199 1440 2241 y como perro que rabia
