1737 2508
802 63 930 218 7
178 201 630 241 Dice: Garcilaso amigo,
179 240 866 291 muy digno es de celebrarse
179 293 868 339 vuestro valor; mas sois mozo
180 344 814 388 pará una empresa tan grande,
190 393 710 436 que esta ocasion pide mas
192 442 677 485 esperiencia que corage.
190 491 680 536 Quiso replicar, y el Rey
182 544 679 580 lo dejó diciendo: baste.
186 587 703 629 Toda la region del fuego
185 638 738 677 en su pecho le dió cancer,
187 689 676 725 vierten veneno sus ojos,
189 737 743 776 y por sus dos lábios salen
187 787 714 825 un tósigo en cada asiento,
189 836 699 873 en cada suspiro un aspid.
183 886 626 921 Salió del real irritado
188 934 696 970 donde sus caballos pasen
183 982 677 1019 la llerva, y á sus criados
183 1030 785 1067 mandó al puntó que lo armen
200 1079 694 1116 de finas armas bruñidas,
188 1128 754 1165 manoplas en vez de guantes,
187 1171 871 1212 morrion clavado de acero;
196 1227 758 1261 con cuatro negros plumages,
193 1267 870 1310 que su tristezas publiquen,
195 1318 876 1358 ó que sus ecsequias canten,
193 1361 871 1406 en un caballo Andaluz
191 1413 867 1457 hijo natural del aire
191 1462 868 1505 tizon con alma de fuego,
194 1509 844 1555 bruto con aliento de ave,
200 1556 871 1603 cuyo volcan, cuya brasa
190 1606 873 1651 se muestra por los hijares
204 1661 858 1699 siendo un monte en cada choque,
200 1711 796 1748 siendo un muro en cada cabe,
203 1760 771 1796 en cada encuentro estremece
197 1809 593 1846 á la legítima madre.
207 1857 740 1894 Una fuerte adarga empuña,
194 1906 722 1943 hecha de flamencos antes,
200 1954 650 1991 con una letra que dice:
211 2003 748 2039 quien se engaña desengañe:
202 2052 718 2087 una gruesa lanza empuña,
203 2100 657 2135 cuya punta penetrante
203 2149 776 2185 se labró al temple del fuego
203 2201 742 2233 en las riberas del. Tanger.
203 2248 637 2283 Echándose la visera,
925 195 1610 232 porque no quiere que nadie
920 243 1610 281 lo conozca, y que dé cuentá
912 288 1604 332 como sin licencia sale.
916 339 1600 379 Así que descubrió al Moro
919 388 1612 429 batiendo los dos hijares
922 436 1606 476 corre entendiendo que vuela,
923 485 1512 522 vuela entendiendo que parte.
924 537 1460 572 Llegó donde Tarfe estaba,
917 584 1405 620 y despues de saludarle,
919 633 1405 670 le dice: bárbaro Moro,
932 679 1603 719 qué aguardas? Ya está delante
925 732 1585 768 quien te quitará mas vidas
928 779 1434 817 que tú tienes vanidades.
916 827 1430 867 Blasonas de ser Nebli
922 876 1598 915 del Ave, mas te engañaste.
920 926 1606 967 Quién te trajo al precipicio,
924 973 1599 1013 donde no podrá librarte
924 1022 1599 1061 tu valor? Sácalo fuera
931 1071 1607 1110 de donde osado lo entraste.
932 1121 1413 1159 Con resolucion gallarda
932 1170 1487 1210 le atajó el Moro al instante.
928 1220 1485 1257 Eres Pulgar? Le pregunta.
930 1268 1435 1307 No soy quien imaginaste,
932 1316 1521 1356 que si Pulgar te escuchara,
929 1366 1560 1403 vieras que entre sus pulgares
927 1415 1590 1452 desbaratabá esos miembros.
923 1462 1571 1502 que los Moros otanto aplauden.
930 1511 1595 1551 Uno soy no conocidó,
930 1558 1603 1599 que en tu vida lía nde eñsayarse
920 1609 1599 1647 ni he dado horror á Granada,
930 1656 1462 1696 ni cobré los tafetanes
932 1705 1505 1743 perdidos que por desprecio
929 1756 1417 1794 suelen tremolar al aire.
924 1805 1430 1842 Descúbrete, pues ya ves,
933 1854 1508 1891 que descubierto me hallaste,
923 1904 1398 1939 Se alzó Laso la visera,
931 1951 1443 1989 y asi que lo vido Tarfe,
932 2000 1448 2037 eres muger? le pregunta.
932 2046 1525 2086 Si eres Dama no me engañes,
935 2098 1552 2134 porque mi esfuerzo no llama
927 2150 1518 2181 muger, ni niño al combate.
923 2192 1454 2230 Vuélvete engañado jóven,
901 2238 1604 2281 y agradece mis piedades,
