1765 2512
949 44 1086 199 6
324 171 782 216 la cola de mi caballo:
328 220 932 266 no fué accion tan arrogante,
322 267 870 313 que un cauteloso y aleve,
328 317 836 359 fijara en plazas y calles
320 364 734 408 libelos infamatorios,
328 413 914 459 mas es hecho de cobardes.
318 461 796 504 Pero sea lo que fuere,
329 510 916 556 Granada que el hecho sabe
323 562 798 605 por agravio lo recibe.
325 611 824 655 y lo tiene por ultraje,
320 660 871 700 y á todos vengo á deciros
324 707 780 746 en este libre lenguage
320 754 898 802 razones que á todos pique,
315 804 870 846 injurias que á todos cause.
317 853 842 893 A todos os reto y trato
320 900 818 944 de viles y de cobardes,
317 949 929 992 Salga Pulgar, pues que supo
321 998 827 1047 fijar en Granada el Ave,
320 1047 794 1088 á ver si sabe librarla
324 1095 880 1141 de este Nebli que la trae.
316 1145 800 1188 Salga ese gran Capitan,
316 1195 856 1237 los Córdobas y Aguilares,
320 1244 802 1284 porque vean divididos
316 1291 828 1332 sus escudos por el aire.
318 1341 903 1382 Salga si ha quedado alguno
316 1388 928 1434 de los Manriques, Guzmanes,
316 1439 926 1482 que de la sangre se precian,
313 1486 846 1530 salgan todos al combate;
310 1539 846 1575 y si acaso á todos juntos
308 1584 798 1628 ánimo y valor faltase,
308 1635 950 1678 salga el mismo Rey Fernando,
318 1681 888 1727 de ánimo y valor se arme,
316 1729 826 1773 porque su Isabel lo vea,
308 1777 848 1822 si gusta de ver combates,
311 1824 850 1872 Cobrad vuestra Ave-Maria,
303 1873 860 1920 Cristianos viles, cobardes,
303 1924 989 1969 que aquí en la Vega os espero
302 1970 844 2018 hasta las seis de la tarde;
304 2019 808 2067 y revolviendo el caballo,
308 2071 796 2115 ligero á la Yega parte.
303 2116 794 2164 En corbetas y escarceos
298 2164 750 2212 mil escaramuzas hace
301 2216 908 2261 el bruto, que con las manos
1061 175 1591 217 la cincha quiere quitarse,
1058 222 1752 268 siendo un monte que le oprime
1064 270 1548 314 el gallardo Moro Tarfe,
1061 319 1656 365 vuelve, y revuelve mil veces,
1057 368 1572 414 haciendo el valor alarde.
1055 417 1671 461 Todo el Real se ha alborotado
1055 466 1631 511 en ver quien ha de tocarle
1059 516 1614 564 empresa de tanto empeño,
1060 565 1578 610 hazaña de tanto esmalte,
1063 615 1576 658 Indeciso está Fernando,
1060 664 1536 704 pesaroso de que falte
1054 713 1550 757 Pulgar en esta ocasion,
1055 762 1687 805 que en Santa Fé no se halle.
1056 808 1640 858 Llamando á sus Caballeros,
1061 859 1524 900 todos vienen vigilantes
1056 910 1526 946 y el famoso Garcilaso
1060 958 1742 998 se ha echado á sus plantas Reales
1056 1004 1566 1046 mozo gallardo y valiente
1061 1054 1510 1096 y de generosa sangre;
1056 1100 1654 1150 mas tan jóven en sus años,
1052 1150 1703 1210 que diez y siete no hace
1050 1202 1510 1242 y le dice gran Señor,
1047 1250 1678 1297 si ensalzar quieres mi sangre,
1052 1301 1620 1346 y si premiar mis servicios,
1044 1349 1552 1387 y ganar mis voluntades
1052 1395 1694 1447 dadme, gran Señor licencia
1054 1445 1506 1488 para salir al combate,
1057 1490 1526 1536 verás eclipsar la Luna
1052 1538 1686 1590 del que ves tan arrogante.
1052 1585 1703 1643 No en verme jóven, Señor
1055 1637 1576 1684 tus esperanzas desmayen,
1048 1688 1566 1731 porque el valor heredado
1047 1735 1511 1781 no necesita de edades,
1042 1786 1680 1828 pues basta estar á tus rayos,
1039 1833 1622 1879 como el Sol cuando renace,
1042 1880 1672 1935 luz de las demas antorchas
1043 1931 1584 1974 brilla en luces luminantes;
1040 1981 1730 2023 pues aunque mi Padre es muerto
1040 2028 1532 2071 en mi su valor renace.
1042 2075 1540 2126 Admirado quedó el Rey
1044 2130 1508 2170 y casi quiso abrazarle,
1039 2176 1654 2218 mas volviendo en sí prudente
1041 2225 1686 2281 refrenó su amor constante.
