1765 2512
900 65 1078 219 4
274 185 688 231 dejó caer la marlota,
269 234 826 282 metiendo mano á la espada,
270 280 766 330 al que no mata atropella,
263 329 778 378 al que no atropella mata.
268 378 734 424 Al que delante se pone
268 427 766 475 de parte á parte lo pasa;
268 475 872 526 todo es grita, todo es voces,
267 525 782 570 todo es bulla, y algazara;
1003 202 1679 263 unos huyen de temor
996 248 1676 308 otros de miedo se escapan.
996 296 1676 350 Los padres buscan los hijos
1000 341 1642 400 los esconden en las casas;
998 391 1656 438 le lleván la nueva al Rey
1003 443 1671 485 que está dentro de la Alhambra:
995 490 1638 534 cuando el Rey bajó con gente
1004 539 1635 585 Pulgar ya en Santa Fé estaba.
768 1015 1173 1092 FIN
298 1395 1620 1446 de la primera parte.
