1752 2480
1199 142 1486 304 Número 356.
328 1260 1422 1343 DON FERÑANDO DEL PULGAR.
446 1479 1565 1572 RELACION VERDADERA
143 1581 1564 1659 de los árrestos y valentias de este esforzado
146 1692 1556 1786 Caballero, que puso en la Mezquita de Granada,
269 1815 1430 1901 cuando era de Moros, el AVE-MARIA.
636 1940 1058 2109 PRIMERA PARTE.
184 2105 725 2161 Santa Fé, qué bien pareces
132 2154 596 2207 en la Vega de Granada,
136 2202 598 2258 toda cercada de Muros,
133 2252 696 2310 de torres muy bien labradas,
856 2130 1336 2180 una caba á la redonda,
864 2177 1370 2227 que toda te cerca, y baña.
861 2225 1491 2279 Te fundó el Rey Don Fernando
852 2275 1375 2327 Doña Isabel en compaña,
