1765 2512
924 47 1006 205 2
279 183 807 223 y otros muchos Caballeros
277 233 788 269 de la nobleza de España.
283 281 744 316 Con el secreto silencio,
288 328 728 365 y resplandor de Diana,
279 377 711 414 una noche que hacia
287 426 858 463 muy resplandeciente y clara,
275 471 877 511 noche que huelgan los Moros
285 523 883 563 y la estiman mas que al álma,
287 572 847 608 mas que al Sábado el judio,
280 620 924 657 mas que el Cristiano la Pascua,
287 667 758 706 del venturoso Bautista,
286 716 759 755 á quien la Iglesia señala
287 765 773 805 por uno de los mayores,
287 813 853 852 que en los nacidos se halla.
291 863 842 900 Y aquesta noche los Moros
288 913 884 950 hacen grande ruido y zambra,
288 963 830 998 no en la Vega, ni en Geníl,
295 1010 878 1047 como era su antigua usanza,
292 1058 838 1096 porque de temor las fiestas
285 1108 809 1145 hacen á puertas cerradas.
292 1158 772 1193 Y luego el siguiente dia
292 1206 674 1243 una zuriza gallarda
300 1254 816 1292 de Moros, y de Cristianos,
291 1302 788 1342 toros, y juegos de cañas.
292 1352 768 1389 Parte Fernando Pulgar
299 1400 813 1438 desde Santa Fé á Granada
303 1450 790 1487 en una yegua por posta,
295 1498 811 1534 tres horas antes del Alva:
291 1546 788 1583 y aunque vá de Santa Fé,
295 1596 810 1635 nunca de la Fé se aparta.
302 1645 837 1683 Las señas que Pulgar lleva
302 1694 770 1731 las diré si me acordaba,
305 1743 701 1779 Una Jacerina corta
299 1792 766 1829 fina y de tan fina maya,
307 1841 872 1878 que cabe dentro de un puño
304 1889 814 1926 de menuda, y de liviana;
304 1937 826 1975 lleva bordado en los tiros
305 1986 846 2023 dos Serpientes cara á cara,
311 2035 852 2071 que parece que estan vivas
309 2084 784 2120 y á los vivos amenazan.
312 2134 800 2171 Lleva un coleto de ante,
312 2183 846 2219 que á la nieve se compara;
308 2233 808 2270 llevaba un boemio verde,
1019 179 1551 216 y fajas con cuátro mangas,
1020 226 1578 265 las cortas bien guarnecidas,
1020 275 1536 313 y acuchilladas las largas.
1026 320 1555 361 Un sombrero á lo frances,
1016 371 1434 412 acairelado con plata,
1028 420 1462 461 entre cairel, y cairel,
1019 469 1563 507 perlas, y aljofar sembrada:
1028 518 1480 556 penacho largo, y caido
1027 565 1463 605 entre la copa, y el ala.
1023 615 1484 654 Por cintillo una cadena,
1026 664 1558 703 por diamante una medalla,
1028 713 1499 749 una cadena en el caello
1028 761 1591 801 con una cruz de esmeraldas,
1031 811 1464 847 en un brazo recogida,
1025 860 1543 896 para que estorvo no haga.
1019 909 1491 944 Pendiente de la pretina
1026 958 1458 994 llevaba una rica daga,
1030 1008 1564 1043 la espada no hay que pedir,
1021 1056 1570 1092 sino el brazo que la manda,
1031 1104 1540 1139 que ha derramado con ella
1023 1153 1588 1190 tanta, y mas sangre pagáná,
1024 1203 1520 1240 que otra clara, ni joyosa,
1028 1251 1424 1286 ni tizona, ni cofada.
1030 1298 1576 1334 Lleva unas blancas botillas,
1030 1347 1592 1383 que rebientan de apretadas,
1035 1396 1503 1432 la de la pierna derecha
1036 1445 1530 1481 hasta el tobillo airugada
1034 1494 1472 1531 con la rosca de la liga
1031 1541 1586 1579 lo mas de la pierna tapa;
1034 1591 1540 1631 lleva un zapatillo blanco,
1036 1643 1512 1677 bordado de oro yplata;
1007 1687 1548 1726 y apenas llega á dar vista
1035 1741 1526 1776 á la invencible Granada,
1032 1780 1551 1823 apeóse de láyegüa::..
1039 1835 1581 1874 que por do quiera se vaya,
1039 1884 1454 1922 confiado en su valor,
1041 1931 1543 1972 con que todo lo allanaba.
1043 1980 1579 2019 No vá por la puerta Elvira,
1040 2031 1574 2068 que sabe que está cerrada,
1043 2078 1599 2118 vá por lá puerta deFrastro:
1038 2127 1596 2177 halló dormida la Guardia
1037 2178 1533 2216 quiso Dios y su fortuná;,
1052 2226 1585 2265 que Darro le diera ófitrada
