1664 2440
161 276 639 310 que el barbaro gentilísmo
163 320 627 354 coloco en el quinto cielo
162 364 667 400 fueras, y á mi te opusieras,
165 409 688 444 quedaras vencido, ó muerte.
157 452 623 485 Yo le dije vuestra alteza
160 496 592 528 blasona muy hazañero,
161 540 676 576 y vendran á ser sus obras,
164 583 692 621 en mi sentir mucho menos,
161 627 665 661 porque ya en el mundo es
157 672 688 704 lo mas comun y mas cierto
164 716 673 748 que se quedan en palabras
161 760 753 794 del que es hablador los hechos.
161 801 517 837 Apena aquesto oyó
157 846 693 882 pareció un bolcan de fuego,
168 891 590 924 que para mi se venia,
161 934 754 969 para abrasarme en su incendio.
163 977 660 1012 La esplicacion de mi furia
160 1022 630 1057 remito ahora al silencio,
161 1066 637 1100 y al furor con que parti
168 1110 723 1144 á dar la muerte á Arismeno.
157 1153 641 1188 Nos encontramos, en fin,
168 1197 710 1233 y fue tan recio el encuentro,
169 1242 571 1276 que los caballos atras
161 1285 670 1319 muchos pasos se volvieron
169 1328 600 1362 y sin poder contenerse
168 1372 704 1406 cayó el Principe en el suelo.
158 1416 660 1451 Desmonteme á levantarlo,
163 1461 660 1495 luego los jueces vinieron,
164 1505 577 1540 llevaronselo á palacio
159 1549 651 1582 sin sentido y sin acuerdo,
160 1592 648 1626 del Principe la desgracia
156 1636 690 1669 sentí con grandes estremos,
170 1680 739 1714 porque el que noble ha nacido
169 1725 674 1758 por justos juicios del cielo
159 1768 617 1802 debe sentir como suyos
167 1812 687 1846 tambien los lances agenos.
164 1856 692 1890 Por lo que dije en la plaza,
159 1899 593 1937 principes y caballeros
159 1941 637 1982 pinden al Rey, que yo sea
163 1988 707 2026 quien mantenga los torneos:
891 274 1425 306 El Rey lo concedio al punto
887 317 1446 350 y estando quieto en mi puesto
891 361 1338 394 sonó la señal de guerra
886 404 1382 441 los combatientes vinieron,
890 448 1364 484 vencí al fuerte Ferraguz,
888 492 1380 526 vencí al valiente Biobedo,
894 535 1388 573 vencí al Príncipe Antidor,
889 580 1360 610 vencí al sin par Filiberto
896 623 1370 656 y vencí tambien despues
895 667 1404 702 mas de ochenta caballeros.
894 711 1352 746 Presente asi que vencí,
890 755 1376 789 los caballos á sus dueños,
887 799 1355 836 y por accion tan galante
896 842 1320 875 principes y caballeros
899 886 1301 919 joyas de mucho valor
904 931 1376 963 ródigamente me dieron.
886 975 1420 1006 Mi nombre me préguntaron
890 1019 1370 1051 dijele luego al momento:
888 1062 1352 1094 con desentonadas voces
896 1106 1419 1140 muchos victores me dieron,
888 1150 1372 1181 de alli á ocho dias estuvo
888 1195 1428 1228 bueno el Principe Arismeno,
894 1238 1306 1270 pidióme lo perdonase
892 1283 1428 1315 muy humilde y con respeto,
889 1326 1429 1358 los ultrages que imprudente
890 1369 1362 1402 á mi valor habia hecho:
894 1413 1409 1445 Me quede admirado al ver
892 1457 1400 1490 al Principe tan compuesto
896 1501 1313 1532 de su ostinada osadia
898 1545 1446 1577 en vuelta en lances adversos.
894 1589 1352 1622 Se celebraroñ las bodas
898 1633 1352 1668 con jubilos y contentos,
890 1677 1334 1710 hubo toros y alcancías,
898 1721 1375 1754 luminarias, varios fuegos.
894 1765 1338 1799 Sali de Constantinopla,
891 1809 1349 1843 y á tu Córte ahora llego,
891 1853 1276 1890 y para que mi valor
892 1897 1368 1929 tenga algun util excelso,
890 1939 1410 1973 á vuestras cesareas plantas
888 1987 1401 2019 humildemente me ofrezco.
811 2091 925 2246 FIN.
703 2326 1051 2364 CARMONA:—1856
255 2375 1476 2411 Imprenta de D. José M. Moreno. Calle Juan da la Cabra, núm. 5.
