1765 2512
144 288 573 322 de añadir á tu Corona
149 333 601 367 nuévos lauros y trofeos:
140 377 588 410 á Guarin lleve conmigo
154 421 672 454 que fuese por mi escudero;
145 467 693 498 por tierra y mar caminamos
148 509 618 543 con tan prospero suceso,
151 552 714 585 que en menos de ochenta dias
144 596 646 629 nos hallamos (lance fiero!)
148 640 579 674 cerca de Constatinopla
143 684 618 717 encontramos á Arismeno
144 728 595 762 con una gran compañia
151 771 600 806 de cincuenta caballeros,
141 815 742 850 todos hombres de gran cuenta,
145 860 566 892 que le iban asistiendo
148 903 636 941 por lo que oi, vide y supe,
143 948 596 981 humildemente te ruego:
152 991 576 1027 que mne lo dejes pintar,
143 1035 608 1069 sin preambúlo superfluo.
148 1079 638 1115 Era el Principe arrogante,
146 1123 626 1157 galan, valiente y discreto,
137 1166 647 1199 hizo en mi y en mi caballo
139 1211 668 1245 reparo, y luego al momento
144 1256 580 1287 á mi se llego, y me dijo
141 1299 637 1333 con el rostro muy severo:
143 1342 554 1376 hidalgo de donde sois?
147 1386 636 1424 decid Patria, decid Reino,
147 1430 625 1463 y advertir que ese caballo
144 1474 652 1510 me lia parecido tan bueno,
149 1518 664 1553 que de el he hecho eleccion
143 1563 656 1597 para entrar en los Torneos:
144 1608 675 1640 y asi no hagais repugnancia
145 1652 639 1684 en ponerle al punto precio
143 1695 535 1728 para que de su valor
144 1739 607 1772 luego quedeis satisfecho.
140 1782 578 1817 Dijele entonces: Señor,
139 1827 555 1860 el caballo tiene deeño
136 1870 620 1908 muy digno de merecerle,
141 1915 583 1949 y asi ahora no lo vendo
146 1959 638 1992 por que lo he de menester.
144 2002 644 2038 Sois un atrevido, un necio,
135 2046 626 2080 me dijo y de mi presencia
141 2091 670 2126 os quitad luego al momento,
148 2134 616 2168 ó le mandare á un criado
144 2179 606 2213 haga con vos un exceso;
147 2222 568 2256 obedecí luego al punto
145 2267 739 2302 por lograr mas bien mi intento.
140 2312 656 2346 Llego el dia, en que se hizo
148 2356 534 2389 alarde de los sujetos,
144 2402 622 2436 que habian ya concurrido
872 289 1308 321 á las Justas, y Torneos,
883 332 1383 363 y despues de estar sentados
884 375 1336 408 los reyes en sus asientos,
873 420 1351 454 y los jueces en los suyos,
875 463 1330 497 el vulgo hizo lo mesmo,
883 507 1397 539 y al son que á la real hacian
879 551 1343 582 los belicos instrumentos,
871 595 1325 627 obedeciendo el mandato
879 640 1312 670 del invicto Rey Acedro
868 683 1352 714 entramos en la Real Plaza
874 726 1288 759 todos los aventureros,
868 770 1416 805 los principes luego entraron,
871 814 1344 846 trayendo todos en versos
869 858 1324 890 escritos en sus escudos
868 903 1368 935 sus calidades, y esfuerzos,
867 946 1388 979 sus nombres, y sus estados,
871 990 1347 1023 y leyendo el del primero,
867 1033 1365 1066 me acuerdo que asi decia:
868 1078 1328 1109 Soy el valiente Biovedo,
871 1121 1332 1154 sucedo á los de Polonia,
867 1166 1449 1198 y es tan grande mtardimiento,
875 1210 1468 1243 que traigo en mi pecho un Etna
872 1254 1310 1285 y respiro un Mongibélo.
870 1297 1374 1330 El segundo dió á entender
865 1341 1442 1375 su nombre en aquestos versos:
874 1385 1310 1418 soy el fuerte Ferraguz,
873 1428 1376 1461 Principe soy de Marruecos;
865 1472 1438 1508 y en las mas partes del mundo
872 1515 1352 1548 conocido por mis hechos.
876 1559 1370 1592 Tambien se dió á conocer;
872 1604 1304 1636 en decir asi el tercero.
867 1649 1315 1680 Soy el Principe Antidor,
870 1691 1336 1725 susesor del Reino griego,
874 1735 1280 1768 dira la fama inmortal
875 1780 1313 1812 de mi espada los aceros.
876 1823 1266 1856 El cuarto le sucedio,
868 1868 1400 1900 que tambien entró diciendo.
872 1912 1354 1943 Soy el Principe de Tracia
865 1956 1345 1989 y es mi nombre Filiberto,
867 1999 1259 2031 y son mis hazañas ya
868 2044 1430 2076 tan dignas de nombre eterno,
871 2088 1505 2120 que estan en bronce y en marmol
871 2133 1379 2164 por la duracion del tiempo
867 2175 1343 2210 para que no se sofoquen
872 2220 1294 2252 con las olas del Letéo.
868 2263 1332 2296 Con pompa magestuosa,
863 2307 1377 2346 y grande acompañamiento,
873 2352 1306 2384 vestidos de finas armas
872 2396 1371 2430 entró el Principe Arismeno
