1737 2508
238 278 639 311 en la suntuosa plaza,
237 322 733 357 galan, valiente y soberbio,
239 366 677 399 pues todos profetizaron
246 410 736 442 y tuvieron por muy cierto
233 454 721 485 de todos los combatientes
236 497 720 530 los futuros vencimientos.
240 541 718 574 El Principe en el escudo,
238 586 692 618 decia farrojo tremendo)
236 628 712 661 sucedo al gran Moscovita
238 672 722 706 soy el Principe Arismeno,
234 714 730 752 y lo que está promulgado,
235 760 695 793 en la palestra defiendo:
240 805 718 837 y es tan grande mi valor,
236 848 751 881 que despues de los torneos
239 892 847 924 yo me holgara el que estuvierañ
243 936 780 969 contra mi juntos, y opuestos
235 979 646 1014 el Espin de Calidonia,
244 1024 816 1057 de Albania el leon sangriento,
241 1067 664 1100 de Colcos el Bellocino,
241 1111 720 1147 ó de Damario el empeño,
237 1155 714 1190 para vencer mas despues,
241 1199 755 1232 que los que vencer espero.
237 1243 760 1277 Dio una vuelta por la plaza,
245 1286 763 1321 para que asi el vulgo entero
246 1330 684 1364 viera, y leyera despacio
233 1373 687 1410 sus locos atrevimientos.
234 1418 625 1452 Corrió luego para ir
229 1461 642 1494 á su señalado puesto:
233 1507 696 1541 fue el caballo tan veloz,
240 1550 754 1585 que á todos dejó suspensos,
236 1595 658 1628 y neutrales discurrian,
228 1639 730 1671 si fue rayo, ó si fue trueno
239 1683 673 1714 ó si fue terrestre bruto
235 1726 650 1758 ó ave del vago viento:
243 1772 689 1805 pero presto se quedaron
240 1815 700 1848 de sus dudas satisfechos,
236 1859 692 1890 cuando inmóvil se quedó
228 1902 706 1934 á los preceptos del freno.
237 1947 731 1978 Reparó el Principe en mí,
233 1987 691 2024 y faltando á lo modesto,
239 2034 702 2067 que debia á su grandeza,
233 2078 768 2110 dijo á voces, que le oyeron
240 2122 768 2154 muchos de los sircustantes.
244 2166 680 2199 Principes, y caballeros,
242 2210 668 2242 suplico el que repareis
243 2255 646 2287 en aquel aventurero,
237 2296 787 2332 qué escrito con letras de oro
246 2343 802 2375 trae en el escudo aquel verso,
243 2386 751 2421 en que dice, que sus obras
968 266 1533 306 diran quien es, mas yo pienso
968 312 1524 349 que ha de ser algun cobarde,
960 356 1456 394 u hombre de bajo precio:
964 399 1426 437 la causa por que lo digo
963 445 1436 482 él la sabe, el sufrimiento
962 490 1458 524 faltaba ya á mi paciencia;
959 532 1407 568 más yo teniendo deseo
965 576 1409 612 de combatirme con él
970 621 1464 656 callé, y oí mis desprecios.
968 665 1458 700 Dije, mire vuestras altaza,
967 709 1452 744 que se que es muy ageno
961 754 1419 787 aquese modo de hablar:
959 797 1406 832 y si acaso fundó duelo,
972 842 1456 876 porque no le di el caballo,
955 885 1440 919 ahora le vendo en precio,
966 929 1416 964 que vuestra alteza oira:
968 972 1411 1007 si acaso algun caballero
971 1017 1412 1052 del caballo me derriba,
968 1062 1410 1095 sera del caballo dueño,
965 1105 1355 1139 y si yo lo derribare,
964 1148 1431 1183 ha de suceder lo mesmo
970 1193 1492 1227 y en todo trance de muerte,
967 1237 1428 1269 sin destincion de sujetos
961 1281 1378 1314 en esta publica plaza,
967 1322 1565 1357 lo que aqui he dicho mantengo,
972 1368 1378 1402 Todos dijeron: Señor,
965 1412 1435 1446 pues no es el aventurero
960 1456 1425 1490 tan civil ni tan cobarde
965 1500 1395 1534 como vos decis acepto.
965 1544 1424 1577 Hago el partido con uno
968 1588 1438 1622 de mis nobles caballeros
959 1632 1458 1666 de cincuenta que yo traje.
963 1675 1479 1710 mis vasallos saldran luego,
969 1719 1387 1755 y quedaran castigados
959 1763 1423 1798 sus locos atrevimientos.
962 1808 1442 1842 Llevaron la nueva al Rey
961 1853 1340 1885 del referido suceso,
968 1895 1409 1930 con la brevedad posible
965 1940 1412 1972 vino luego el caballero.
958 1982 1424 2018 Aqui escuso digresiones,
971 2027 1476 2061 porque cansarte no quiero,
969 2071 1383 2104 ya me conoces, señor,
970 2115 1415 2150 en espacio tan pequeño
970 2159 1317 2194 uno á uno le vencí
968 2202 1435 2238 sus cincuenta caballeros,
969 2246 1440 2282 el Principe ami se viene,
970 2290 1426 2326 estas palabras diciendo:
968 2335 1563 2370 Si el Dios que nació en Esparta,
964 2379 1528 2415 aquel monstruo tan soberbio,
