1765 2512
118 244 665 282 sana, y en mi sano juicio
130 296 718 334 tanto cuanta haverle puedo:
131 351 765 388 y porque es cierto el partirme
124 401 628 441 á gozar del santo Cielo,
123 454 600 495 ante vosotros, amigos,
131 505 632 546 este testnmento ordeno.
124 558 634 599 Lo primero, y principal,
118 609 758 655 á Dios Padre me encomiendo,
123 666 586 705 y á mi poderoso Hijo,
126 716 606 758 con el Espiritu Eterno.
132 766 686 812 Y pues estais todos juntos,
120 821 626 863 mis amigos verdaderos,
124 872 698 916 atenciun mientras la hora
118 926 630 967 lle,a de mi partimiento.
128 980 723 1020 Ya mi Hijo amado os mandó
130 1032 692 1071 cuando hizo su testamento,
128 1084 718 1126 lo que tendreis en memoria
122 1136 582 1177 en su codicilo Nuevo.
121 1191 658 1234 A Pedro le dió las llaves,
123 1244 650 1288 como á su Real Portero,
124 1297 784 1344 á su hermano Andrés un Aspa,
125 1350 657 1391 y á Bartolomé el pellejo.
118 1404 652 1443 A vos, Felipe, una Cruz,
119 1454 766 1496 que es en la que yo contemplo,
132 1506 691 1548 por haber triunfado en ella
124 1558 676 1600 mi regalo, y mi consuelo.
127 1611 733 1652 vos, Diego, ya estais armado
126 1664 584 1705 de principal caballero,
120 1718 686 1759 con renta de gran Maestre
128 1772 688 1810 de los de la Cruz al pecho.
124 1824 558 1863 A Tomás le reformo
117 1879 693 1918 para ser grande arquitecto.
120 1930 686 1971 A Juan le mostró su amor,
119 1983 788 2024 mandandole el quinto, y tercio,
117 2033 580 2075 dandole la escribanía
124 2086 662 2128 de su cámara, y consejo.
116 2140 624 2183 No se olvidó de Simon,
108 2194 654 2236 ni de su hermano Tadéo,
114 2246 592 2286 Al fin, á todos mandó
108 2299 592 2343 átodos dejó contentos,
863 240 1326 280 dejo para los pasados,
866 293 1355 331 presentes, y venideros.
864 345 1358 383 No les pudo dejar mas,
863 400 1429 437 que fue su sagrado Cuerpo,
861 450 1372 488 que se quedó disfrazado
868 503 1371 542 en el Santo Sacramento.
871 555 1343 594 Y pues tanto bien dejó
859 609 1335 649 para todo el Universo,
859 662 1362 701 en mandas particulares
864 714 1370 753 señalarme ahorá quiero.
856 766 1358 807 Esta palma doy á Juan,
859 819 1471 858 que cemo á Virgen, derecho
868 872 1366 913 tengo á no se la quitar,
856 924 1344 964 sin agraviaros en esto.
858 977 1418 1017 A vos, Pedro, no os olvido
868 1030 1378 1068 por mi Capellan os dejo.
861 1084 1391 1124 y pues estais todos juntos
855 1137 1421 1175 os encargo, pido, y ruego,
859 1188 1317 1226 os acordeis del amor,
855 1240 1406 1280 y paz de vuestro Maestro.
854 1293 1440 1338 Iten mas le mando á Elias,
855 1349 1333 1390 y á su querido Eliseo,
853 1402 1390 1438 estiendan la órden puesta
853 1452 1360 1491 en el Celestial Carmelo.
849 1504 1395 1542 En esta mi Sacra Orden
856 1556 1502 1596 ha de haber otro, que á Pedro
852 1609 1334 1649 le sucederá en la Silla,
853 1663 1508 1701 que tendrá gran cuenta de ello.
848 1714 1404 1754 Será Juan el veinte y dos,
854 1766 1509 1806 Papa, que en aquellos tiempos.
852 1820 1414 1859 le concederá á esta Orden
856 1874 1436 1912 mil gracias á resto abierto.
853 1927 1408 1967 Llevarán mi Escapulario,
855 1981 1407 2022 y guardando su precepto,
856 2034 1448 2070 pues es puesto por mi amor,
859 2084 1467 2122 mi Hijo les guardará el Cielo.
849 2137 1438 2175 Iten, mando á mi Bernardo
852 2188 1431 2228 leche de mis castos pechos.
846 2241 1424 2280 Iten, mando á mi lldefonso
858 2297 1302 2339 el toledano discreto,
