1737 2508
1386 193 1627 345 (Nim. 221)
465 1723 1468 1840 TESTAMENTO Y SUBIDA A LOS CIELOS
350 1857 1584 1999 DE MARIA SANTISIMA.
289 2105 847 2148 Sepan cuantos esta Carta,
239 2155 770 2201 vieren de mi testamento,
233 2207 755 2252 como yo humilde Maria,
229 2260 812 2308 Madre de Dios Verdadero,
228 2313 751 2362 Hija de Joaquin y Ana,
969 2111 1602 2165 que del Rey David desciendo,
967 2169 1394 2210 y del tribu de Jud치,
976 2218 1554 2269 de los tribus el mas bueno.
967 2271 1538 2321 estando cerca 치 la muerte,
968 2328 1610 2377 y no como el hombre enfermo,
