1765 2512
232 199 702 246 jable con tanta pacion;
243 257 890 305 que quiero muncho á mi jembra,
225 316 686 362 y la zangre se me eló,
236 372 768 420 cuando supe que en Triana
228 430 691 477 el currito é la Mariana
223 489 704 535 por novia le quiso ablá;
222 547 806 596 ¡vaya un lanse, amigo pepe!
228 606 700 653 ¿habrase visto un peá...
228 663 636 709 como ese esaborío..?
220 719 670 769 lo busqué y á bofetas,
223 779 716 828 le puse aquellos jocicos
220 836 821 882 como zombrero é tres picos,
219 895 641 943 en medio del arenal.
217 951 643 1001 Me dijo lo perdonase.
212 1010 684 1063 Teniendole compacion,
215 1072 624 1117 y le dije: Zo pendon
216 1130 630 1176 zo bacin esportillao
213 1187 664 1234 algo caro te ha costao
208 1246 646 1293 y zumiré tus costillas
200 1302 706 1358 si á mirá zolo te atrebes,
206 1362 640 1411 los lunares è mi niña.
254 1490 738 1543 Camará, yo estoy chalao
206 1548 705 1600 po esa mugé, esa sirena,
195 1607 730 1660 su amó me tiene encantao,
204 1667 689 1715 y estoy preso y amarrao
193 1722 719 1773 como un perro à su caena!
199 1786 677 1828 Los pelitos que le salen
192 1834 632 1889 de zus lunares zalaos,
198 1895 660 1946 me tiene mù guíyabao;
193 1955 682 2007 y entre suspiros y penas
190 2012 729 2067 bendigo el só de su cara..!
186 2070 746 2130 Poique la muge que adoro,
190 2127 718 2186 comparito é mi sentrañas,
188 2188 686 2244 es de verda una morena,
967 207 1518 261 de rumbo y de campaniyas,
966 270 1470 315 por eso la quiero tanto...!
965 327 1542 376 no pué haber otra en Síviya,
970 384 1384 426 ella sola se las guilla
964 440 1466 489 donde yo le doy el zanto;
956 498 1444 546 su pare no me pue vé...
952 555 1484 604 á su mare causó espanto...
950 616 1488 664 y aunque conoce el belen,
960 671 1444 722 se achanta por un dibe,
949 731 1392 778 jase la paya y tontilla,
951 791 1406 835 achantaita en su cilla:
941 849 1384 895 no le falta el jañipeo;
945 909 1403 953 y para mi es un recreo
938 969 1373 1010 los lunares é mi niña.
992 1094 1477 1146 Oiga osté D. Badulaque,
938 1154 1398 1198 parezoste á D. Fermín
936 1214 1390 1260 con cazaca y corbatin,
933 1272 1342 1314 y de jambre mareao,
934 1328 1422 1375 si le pego en el costao
937 1388 1368 1433 un tronio é repente...
935 1441 1512 1496 Vasté à bregá con la muerte;
930 1502 1356 1551 como lo digo lo jago,
928 1562 1440 1612 ni temo ni debo á naide,
928 1619 1432 1668 too le tiro po la esparda,
928 1678 1434 1729 no tengo cosa que barga,
917 1735 1478 1783 ni aun el grano de una piña;
925 1799 1465 1836 y aunque mi paire me riña
922 1851 1382 1895 y me diñe una mojá.
928 1913 1382 1950 ciempre quiero camelá
921 1971 1358 2009 los lunares é mi niña.
965 2079 1380 2140 Zalorio viva la pena,
924 2135 1504 2199 vivan las jembras con rumbo
920 2194 1468 2255 á naide temo en el mundo:
