1737 2508
209 209 763 273 á vista de un cuerpo güeno,
206 272 803 330 soy mozo de rumbo y trueno;
215 329 717 385 sin mieo y sin cozquíllas,
215 386 774 448 y aunque me vea en Melilla
212 447 720 505 y luego me pace al moro,
209 504 691 563 han de mirà con decoro
197 561 660 623 los lunares é mi niña,
263 682 823 746 Cuando le diño un chupendo
203 742 677 800 en medio de aque luná,
195 799 637 855 se me quea el paladá
200 856 741 924 maz durcecito que armiba
195 908 566 972 su carita la retira:
195 977 728 1038 ce limpia con un pañuelo;
197 1034 657 1095 viva zu gracia y zalero
192 1091 641 1156 zu canelita y zu clavo;
189 1146 775 1219 ciempre está quiere á mi lao
189 1210 725 1268 aunque cienta que le riña;
189 1264 652 1331 viva Jesú que ha criao
186 1327 622 1388 los lunares é mi niña.
229 1462 731 1526 Con su garvo y meneito,
189 1516 645 1578 y las cosas que me jace
183 1573 674 1638 el cuerpo ce me dezace,
186 1631 677 1695 y me jago un turroncito,
174 1694 731 1758 hay que cuarpo mas bonito,
174 1748 562 1807 es una pella dé có,
177 1808 553 1864 zu carita é una fló,
168 1866 599 1927 zus lábios é filigrana,
174 1923 671 1984 porque mi jembra jitana
176 1982 724 2044 ya lo he dicho es de mistó,
170 2034 665 2101 y sobre toó muy monilla
170 2097 584 2155 y adema zalamerilla,
173 2163 795 2218 que é lo que má me henamora,
173 2220 727 2281 y viva quien ziempre adora
939 223 1390 279 los lunares é mi nina.
985 352 1502 411 Mirote zo tio po el cuello
931 406 1559 468 me dicen que osté es pinchito,
934 461 1422 525 zi me quito un zapatito,
934 521 1445 583 jarmao con sus tachuelas
931 581 1508 648 á osté le mando las muelas,
931 639 1347 700 á lo alto é un tejaito:
925 699 1439 766 del barrio zoy el magito,
922 759 1447 823 nenguno se me escurece,
928 816 1470 878 á toos le casco las nueces
925 879 1416 941 y naide dice aqui estoy;
925 936 1450 992 por donde quiera que voy
916 997 1479 1055 naide ami me sigue el paso
922 1048 1479 1113 dejo el mundo á campo razo
919 1108 1456 1167 si alguno ce estremeciera:
916 1169 1528 1236 bien puede guarda cualquiera,
919 1223 1519 1287 que en chanza que yo lo diga,
911 1286 1402 1350 le pateo bien las migas;
914 1340 1281 1396 como uba en jaraí
908 1401 1376 1459 yo tan solo he de decí
908 1460 1359 1518 los lunares é mi niña.
957 1586 1443 1653 Ya é toicos me despido,
908 1646 1477 1713 que marcho con mi currilla,
903 1709 1250 1765 paseo toa Cevilla
903 1763 1443 1833 y á mi naide ce me opone,
900 1821 1345 1882 piztolaz é dos cañone
897 1878 1354 1939 mi trabuco narangero,
903 1938 1511 2005 quien jabre le pego un trueno,
897 1992 1357 2062 que jecho á la eterniá;
891 2055 1403 2126 tengo una jembra apañà,
900 2113 1317 2177 y naide me la camela
894 2179 1474 2240 ciempre alegre y nunca pena
897 2233 1345 2289 y naide me contradiga.
