1737 2508
218 215 684 253 Del guarnicionero huyo
175 265 724 305 pues no quiero que me vea,
180 314 725 352 porque temo que me adorne
169 361 640 402 las espaldas con correa.
217 409 662 452 Un basterillo me pide,
168 458 656 499 cuando fabrica las basta
176 506 659 547 yo le digo: no té quiero,
178 559 720 598 porque eres bastero y basta.
214 604 695 645 ¿Casarme con albardero?
163 655 658 697 no lo tienen que pensar,
166 704 657 741 porque hará burla de mi
164 751 626 792 si yo me dejo albardar.
215 801 699 841 Casarme cón un jalmero
159 849 642 890 seria una gran burrada,
171 897 638 937 porque podria ponerme
160 948 670 986 cincha, atarre y cabezada.
208 996 688 1035 Me regala un peluquero
156 1044 756 1086 mas no me engaña con cucas,
165 1093 752 1133 porque despúes, sin ser calva,
157 1141 706 1182 me pondrá algunas pelucas.
209 1189 672 1229 Un platero bien vestido
155 1237 638 1279 viene por casa y lo luce,
161 1287 626 1325 pero veo que no es oro
161 1339 652 1377 todo lo que en él reluce.
204 1386 578 1421 Un vidriero solicita
152 1432 696 1474 con empeño ser mi aante,
158 1482 680 1521 vidrio soy, pero no piense
153 1530 714 1574 emplear en mi su diamante,
199 1577 651 1618 Un pastelero pretende
159 1628 610 1666 que yo me case con él,
156 1676 652 1715 mas si yo gusto le diera
164 1726 663 1765 si que haria buen pastel.
214 1772 628 1814 Un artillero me pide;
164 1823 578 1861 pero sepa ese sugeto
161 1872 711 1915 que no admiten sus cañones
167 1920 640 1961 el campo de mi secreto.
209 1967 690 2015 Un cantero cuando pica,
160 2016 635 2059 me pica por ver si pico;
151 2065 691 2111 soy picara, y aunque pique
158 2114 651 2156 no me coge por el pico.
208 2162 694 2208 Con barbero no me caso,
153 2211 709 2257 porque puede si se inquicta
154 2260 536 2298 afeitarme sin jabon
148 2311 633 2353 y sangrarme sin lanceta.
1451 180 1477 216 3
937 225 1353 267 Un cordelero queria
902 274 1333 317 que me casara con él,
900 321 1318 364 y si yo le diera gusto
890 371 1370 414 bien merecia un cordel.
935 419 1404 464 Me regala un peinetero
892 468 1553 518 cuando me encuentra, muy fino;
892 516 1384 562 mas no logrará ponerme
886 566 1359 610 rodete á lo lechuguino.
933 614 1420 662 Un cestero me acomcte,
887 663 1486 712 y aunque lo hace por apuesta,
883 713 1399 755 no ha de lograr ese cesto
888 763 1350 805 el que yo lleve la cesta,
937 812 1458 857 Librero no me entra bien,
889 859 1501 907 porque está enseñado á hojear,
899 906 1390 952 y á fuerza de pasar hojas
888 956 1374 1000 me puede descuadernar.
933 1006 1417 1051 Fuera, fuera el alfarero,
896 1056 1358 1098 que solo de barro goza,
889 1106 1378 1143 y por mucho que trabaje
883 1152 1508 1194 nunca encuentra mas que loza.
932 1202 1416 1245 Me pretende un relojero,
885 1251 1386 1289 y yo le respondo cuerda:
888 1298 1431 1338 mas quiero estarme parada
889 1347 1499 1390 que no ambular por su cuerda,
944 1392 1356 1440 Un taberneró vinoso,
889 1445 1334 1484 á pedirme un dia vino;
884 1491 1366 1532 dije que mas no viniera
892 1540 1408 1585 aunque envinado con vino,
930 1589 1395 1631 A un cocinero de fama
884 1638 1356 1680 le despedi cuanto antes,
885 1687 1493 1733 que aunque no tengo de sobra
886 1737 1406 1780 no apetezco los sobrantes.
931 1783 1387 1827 Un sombrerero se arde
881 1830 1446 1879 por mi, que soy como enero;
881 1881 1443 1925 por lo que no me háce falta
881 1930 1418 1976 la sombra de su sombrero.
941 1982 1382 2022 Un lavandero me lava
890 2030 1371 2069 y me alaba, pero al cabo
887 2079 1417 2119 nada importa que me alabe
875 2126 1349 2168 si su alabanza no alabo.
917 2175 1406 2217 Me toca un pandaretero
874 2223 1342 2266 de casorio por lo claro,
883 2273 1436 2316 pero por mas que me toque
874 2322 1333 2363 no me mete por el aro.
