1737 2508
1057 117 1350 271 Número 345.
250 240 1233 395 LA DAMA CASIMIRA.
472 1170 1069 1209 NUEVA RELACION
70 1220 1475 1268 en que se refieren los pensamientos de esta señora, que desengañada
112 1273 1428 1317 de lo que dá de si el mundo, se retracta de ser casada, y prefiere
483 1326 1054 1362 encerrarse en un convento.
113 1462 555 1499 Para monja no nací,
66 1511 532 1548 que naci para casada,
61 1560 499 1595 recorreré los oficios.
67 1608 712 1645 por ver si alguno me agrada.
115 1656 587 1691 Organista no le quiero,
69 1704 624 1741 porque puede, si se engolfa
78 1753 608 1791 pensando que soy teclado,
64 1800 556 1839 sacudirme alguna solfa.
112 1850 607 1887 Al sacristan le aborrezco
70 1899 662 1937 porque siempre anda de prisa,
71 1947 552 1984 y enfadado puede darme
77 1997 562 2033 con lo que tocan á misa.
115 2045 605 2080 Escribano no me agrada
79 2093 612 2130 porque miente muy barato,
69 2142 621 2179 y porque el mundo no diga
75 2190 653 2227 que me acuesto con un gato.
125 2239 587 2274 Abogado no me cuadra,
72 2288 632 2328 porque aunque tiene letrillas
794 1455 1288 1496 enfadado puede echarme
789 1506 1286 1544 la ley sobre las costillas.
839 1555 1319 1592 El médico no me gusta,
797 1604 1360 1642 porque aunque gana pesetas,
799 1652 1275 1690 cuando muere, deja solo
796 1704 1246 1739 el baston y las recetas.
845 1753 1259 1787 Cirujano no me peta,
796 1797 1339 1836 porque enfadado ¡ay de mi!
791 1848 1309 1885 aunque yo herída no esté
796 1897 1204 1934 aplicarme el bisturí.
843 1945 1358 1981 El botic ario no me entra,
793 1993 1384 2031 porque enfadado lqniéu sabe,
788 2044 1184 2079 si me daria veneno,
803 2092 1282 2127 en vez de darme jarabe!
848 2141 1304 2178 Arquitecto le abomino,
801 2189 1275 2226 porque me puede trazar
804 2238 1250 2273 una descarga de palos
795 2287 1344 2326 que me eche á la eternidads
