1765 2512
224 155 254 189 4
166 204 672 242 A un escobero desprecio,
131 252 599 290 porque si soy su mujer,
127 301 666 338 me traerá por la costumbre
125 349 592 387 como escoba do barrer.
172 397 620 436 Papelero no lo escojo,
138 446 606 485 porque si le salgo infiel,
126 496 663 532 me pondrá con las mazadas
128 545 626 581 el cuerpo como un papel.
176 593 678 631 Con coeteros no me caso,
124 642 752 679 porque es fácil que se inquiete,
129 690 597 727 y el dia menos pensado
119 739 682 777 me ponga al culo un cohete.
170 787 612 825 Un boterillo soplando,
120 836 596 874 me sopla cierto consejo,
131 887 673 921 pero por mas que me sople
128 934 549 971 no soplará mi pellejo.
174 982 590 1018 Un pisonero me pisa
124 1032 630 1067 siempre que voy al pison,
127 1081 646 1119 pero por mas que me pise
125 1129 575 1165 no pisa mi habitacion.
178 1177 656 1214 Me pide un alpargatero,
136 1226 618 1262 pero con él no me calzo,
129 1274 717 1312 porque quien calza alpargatas
133 1323 709 1358 claro está que ando descalzo.
170 1371 656 1406 Un ingeniero se ingenia
129 1420 682 1455 por disfrutar de mi ingenio,
144 1469 688 1505 pero por mas que se ingenie
138 1517 624 1553 nunca sera de mi genio.
176 1566 642 1601 Sillero no me acomoda,
133 1614 683 1652 porque segun lo que siento,
141 1663 562 1699 el dia que más trabaja
133 1711 757 1748 mas tiempo se halla de asiento.
176 1760 652 1796 Un cordonero me signe
135 1808 641 1846 por todas las procesiones,
135 1856 591 1893 mas no siendo militara
133 1908 675 1947 ¿para que quiero cordones?
184 1955 696 1990 Un impresor me imprimió
131 2003 556 2039 letras en mi corazon.
135 2052 712 2088 qué importa que las imprima
131 2101 695 2136 si no me hacen impresion?
904 203 1342 241 A mi easa un cardador
851 251 1298 291 se llegó cierta mañana,
863 301 1430 337 le dige: por bien que cardes
852 350 1302 387 no me cardará la lana.
900 398 1326 434 Un herrero pretendió
852 448 1408 487 herrarme con gran ternura,
849 496 1333 531 pero por dar en el clavo
856 545 1456 582 dió en medio de la herradura.
906 594 1342 630 Un esquilador de fama
849 642 1266 678 á mi casa un dia fué,
852 690 1376 730 con ánimo de esquilarme,
853 740 1243 781 y le díje: esquilate.
904 789 1466 827 Un bordador me hace señas,
861 838 1311 874 y le respondo con risa;
860 886 1350 921 no esperes bordar jamás
864 934 1302 971 el forro de mi camisa.
893 984 1382 1022 Zurrador me huele mal;
855 1031 1339 1070 porque si á la pata llana
860 1082 1282 1116 no camino, serà facil
853 1130 1327 1166 que me zurre la badana.
904 1178 1378 1216 Gaitero es oficio alegre,
860 1227 1404 1263 mas no le quiero tampoco,
855 1276 1465 1310 que mientras él anda en fiestas
855 1323 1369 1359 la mujer se sopla el moco.
914 1371 1362 1406 Otro número de oficios
860 1420 1386 1458 me dejo aun en el tintero,
863 1469 1358 1505 por no borrar mas papel
866 1517 1423 1553 con personas que no quiero.
913 1565 1537 1603 ¿Pues con quién podré casarme
863 1615 1353 1651 que á gusto pueda vivir?
865 1664 1365 1702 ya lo tengo bien pensado,
863 1711 1221 1753 y lo voy á referir.
917 1761 1386 1797 Que no naci para monja
860 1809 1267 1845 al principio confesé.
863 1858 1279 1894 pero ya desengañada
855 1906 1413 1942 monja á la fuerza he de ser.
903 1955 1410 1991 En un convento tranquila
864 2005 1270 2041 podré mi vida pasar,
861 2052 1300 2088 orando continuamente
855 2102 1283 2144 y luego de Dios gozar.
693 2178 1000 2254 FIN.
132 2271 1548 2346 CARMONA:—Imp. de D. José M. Moreno, calle de Madre de Dios.
