1737 2508
1340 141 1350 175 3
109 177 521 213 esto es querer al uso
109 224 593 266 porque los majos de hoy
99 271 521 314 á toditas las quieren,
101 322 545 363 y por todas les dá tos,
103 369 663 415 y hablando fuera de muelas,
111 417 568 458 escupa usted, mi señor,
112 464 617 509 ve V. esta cruz que pongo
108 514 582 556 en pecho de emperador,
108 563 586 605 pues á toditas las quiero
103 611 560 654 en Sevilla, en Badajoz,
106 658 604 704 en Córdoba, en Cataluña,
103 709 572 751 en Roma y en el Japon,
107 757 618 801 sea aquí ó sea en Flandes,
108 806 500 845 daré vida y corazon
100 856 590 898 por las señoras mujeres,
109 905 496 944 y si tocan haré son,
102 952 640 992 y con la espada en la mano
110 1000 572 1042 daré vueltas al rededor,
105 1049 544 1089 diciendo fuera de ahí:
821 183 1290 223 cierra España, batallon.
815 231 1370 275 Si, las quiero muy de veras,
819 279 1330 322 que han sido, serán y son,
824 328 1266 371 la cosa mas admirable,
821 377 1243 418 que Su Magestad crió.
826 425 1278 468 Perdonadme, señoritas,
821 474 1301 515 que todas en mi opinion
814 522 1368 566 sois rosas las mas fragantes,
826 572 1237 611 claveles de rico olor,
820 618 1332 664 y así en mis manos y pies,
822 668 1286 710 en mi pluma y corazon,
820 716 1380 757 tendreis por ser muy debido
824 765 1234 808 el sitio mas superior,
820 814 1288 857 porque sois la filigrana,
823 862 1314 904 y sois nuestro resplandor;
823 911 1363 953 me confieso vuestro esclavo
818 960 1284 1002 con la mayor sumision,
819 1009 1283 1049 de lo poco que os alabo
819 1058 1286 1098 os pido á todas perdon.
240 1244 1358 1297 DESENGAÑNO DE LAS DNRCELLAS.
158 1442 788 1482 ¿Qué importa que de hermosura
104 1488 604 1528 el cielo á una niña llene,
108 1534 634 1576 si sus mismas perfecciones
103 1583 671 1626 en contra de ella se vuelven?
156 1632 618 1674 Apenas llega á los años
110 1680 606 1722 que los corazones vencen,
111 1728 615 1770 y que su rostro y su talle
108 1778 631 1819 fuertes pasiones encienden.
148 1826 525 1865 Apenas en el teatro
108 1875 698 1920 del gran mundo se embellece,
99 1920 559 1963 y cual astro nuevo sale
107 1971 567 2014 en su delicioso oriente.
146 2020 631 2063 Enjambre de adoradores
108 2067 536 2111 acuden á su aliciente,
104 2116 578 2162 á tributarle homenages,
106 2164 498 2208 á recibir rocicleses.
155 2215 618 2258 Otros astros abandonan,
102 2266 696 2312 que eclipse al punto padecen,
800 1448 1364 1490 y el triunfo de la que nace,
828 1496 1380 1539 derrota es de la que muere,
872 1544 1348 1586 Sitiada entonces la niña,
822 1592 1232 1633 alucinada é inocente,
823 1641 1318 1682 rendimientos ve tan solo,
819 1689 1255 1729 y adoracion reverente.
867 1739 1396 1778 Cual númen en sus altares
817 1788 1312 1826 mira el incienso perenne
817 1835 1316 1875 sin recelar fraude ó dolo,
825 1885 1251 1923 de su ser enorgullece.
864 1934 1350 1971 Los obsequios los recibe
820 1983 1298 2021 como moneda corriente,
823 2030 1300 2068 sin recelar que la digan
822 2078 1392 2117 lo que ellos mismo no creen.
876 2129 1416 2170 Que no todas son hermosas,
814 2177 1270 2213 y no todas ciertamente
823 2226 1290 2263 las perfecciones reunen
824 2274 1306 2314 en grado muy eminente.
