1765 2512
438 134 500 196 4
367 202 849 246 Y sin embargo, aduladas
317 251 845 298 de los locos pretendientes,
319 300 729 346 oyen todas alabanzas
328 348 830 395 que sin duda no merecen.
377 397 811 440 Unos la titulan diosas,
321 447 779 491 otros ángel, otro fénix,
327 493 727 545 y sin amor aseguran
335 542 843 591 que morir antes prefieren.
380 592 851 637 Juramentos se prodigan,
327 640 813 686 música y cartas llueven,
331 690 785 736 hay empeños, desafios,
325 736 871 787 y aun amenazas de muerte.
381 786 975 833 ¡Ay necias! que esas palabras,
335 834 847 882 ese almíbar y esas mieles,
336 882 920 929 veneno son con que os matan
339 931 906 980 lazos y redes que os tienden.
387 980 925 1024 Vosotras no sois de bronce,
339 1026 945 1076 vuestra sangre no es de nieve,
339 1077 903 1126 para amar tambien nacísteis,
337 1126 943 1176 y este amor tambien os pierde.
392 1175 824 1219 De vuestro poco teson
343 1224 877 1271 pagais las resultas siempre,
345 1272 869 1318 y vuestra inocencia misma
351 1805 999 1857 os conquistan... ay!... os vencen.
407 1761 875 1806 Accedeis á sus caricias;
343 1710 834 1759 lo que necesitan tienen.
353 1660 918 1710 brillan, gastan? Pues ya todo
351 1610 887 1661 son graciosos y elocuentes?
392 1562 897 1609 Son bonitos? son galanes;
358 1514 945 1561 vuestra union con él promete.
346 1466 877 1513 y si haceros muy dichosas
347 1417 885 1464 si buen génio ó malo tiene,
367 1368 1015 1414 No indagais si es hombre honrado,
342 1320 836 1367 sacrificais las mas veces.
1075 187 1527 229 y en la plaza conquistada
1043 237 1509 279 el vencedor, dicta leyes.
1081 284 1565 326 Y si luego os abandonan;
1033 332 1563 376 no es mucho que entonces entre
1045 383 1549 423 en vuestro pecho el furor,
1039 428 1565 480 y la rabia mas vehemente.
1093 477 1623 523 ¡Cuántas por este mal pago
1045 528 1539 570 se dieron locas la muerte
1042 577 1541 619 dando luto á sus familias,
1041 625 1587 671 y trastorno á sus paríentes!
1108 673 1628 715 ¡Cuántas, viéndose infelices
1051 723 1509 768 y sin remedio evidente,
1053 771 1488 814 cometieron crimen vil
1053 816 1621 862 contra el fruto de su vientre!
1102 867 1624 909 Y cuando daño tan grande
1051 918 1507 959 á las cáutas no sucede,
1057 965 1551 1007 cuántas la edad del amor
1057 1013 1533 1057 majaderamente pierden.
1111 1058 1723 1106 ¡Cuántas por fin desde entonces
1055 1111 1613 1154 aunque el lance no resuene,
1056 1158 1567 1202 vieron consumir sus años
1056 1207 1537 1251 en angustias y cordeles!
1113 1254 1603 1299 ¡Cuántas que jóvenes son
1063 1304 1661 1351 presumiendo de serlo siempre,
1067 1353 1627 1398 hacen de los hombres burla,
1063 1402 1559 1446 colmándole de desdenes?
1118 1452 1527 1493 Y vienen dias y dias,
1099 1500 1527 1546 y pasan meses y meses;
1103 1548 1553 1592 y al fin quedan para tias
1107 1594 1581 1640 y como nacieron mueren!
1120 1643 1679 1687 Dejo aparte otros mil males,
1075 1692 1715 1740 que á las doncellas comprenden,
1077 1742 1569 1789 porque me dilato mucho,
1075 1789 1641 1844 y el papel llama á ser brevé.
940 2063 1177 2117 FIN
411 2279 1719 2344 CARMONA:—Imp. y lib. de D. José María Moreno, Madre de Dios, 1.
