1765 2512
303 111 337 148 2
172 155 560 200 Jesús María y José!
174 207 652 250 Que tál babanca sea yó?
174 253 672 300 En hablando de las niñas
172 299 626 349 se me pierde la razon,
171 353 662 397 y muchos hay en la sala
174 399 692 448 lo mismito en conclusion;
173 445 626 492 el majito que está allí
182 493 652 544 es un pollo de atencion,
165 545 734 594 y el que menos corre vuela,
174 591 634 639 en llegando la ocasion.
168 640 716 689 Por fin, señoras, perdonen,
174 689 768 740 porque es tan grande el amor
174 739 755 789 que os tengo, que así que os veo
174 785 680 839 me dá reumatísmo y toz,
180 833 656 886 jaqueca, dolor do clavo,
180 882 638 934 tabardillo y sarampion.
176 929 580 980 viruelas y garrotillo,
176 981 654 1031 y en este lado un dolor,
177 1029 778 1082 que es menester quemar lana.
172 1077 710 1128 mantequilla, y una uncion
173 1126 694 1178 en aqueste lado izquierdo,
176 1177 726 1228 porque vuelva en mi razon,
180 1227 692 1273 y luego que vuelvo en mí
176 1273 762 1325 marcho al instante á este son.
176 1319 678 1372 Señoras, el juicio pierdo,
172 1368 670 1422 me perdonarán por Dios,
176 1419 648 1468 porque soy un atrevido;
180 1466 670 1518 válgame aquí san Anton,
174 1516 698 1567 yo quiero servir á ustedes,
178 1563 676 1615 con que pidan sin temor:
175 1611 717 1663 mándenme ustedes que me eche
166 1661 682 1714 por ventana ó por balcon,
174 1708 612 1759 ó de cabeza ó de pies,
174 1758 614 1809 como les guste mejor,
178 1805 668 1862 dénme ustedes bofetadas,
176 1855 626 1908 ó dénme con un rejon,
172 1904 584 1952 ó rájenme la cabeza;
168 1950 684 2005 me echaré en el suelo yó,
172 2003 670 2053 y dénme ustedes patadas:
172 2049 644 2100 mas detente, borrachon
166 2095 564 2148 borrico de Bercebú,
167 2143 564 2195 no basta decirte só?
160 2191 694 2248 En viendo yo las madamas
155 2241 634 2298 se me muda el facistól,
892 175 1430 215 y algunos de los presentes,
892 222 1352 261 y uno de ellos el señor,
894 269 1376 312 asechando como el gato,
896 319 1414 360 que está mirando al raton.
903 367 1360 409 Y por fin, sea ó no sea,
894 419 1402 457 yo tengo á ustedes pasion
896 464 1404 507 á ustedes digo, madamas,
897 511 1322 552 os amo con tal fervor,
897 563 1441 603 que me hiciera mil pedazos
898 609 1434 654 bailando aquí el chilindron;
896 656 1332 701 no lo puedo remediar,
887 706 1272 747 es conocida pasion,
887 755 1411 797 en viendo yo las madamas
888 802 1358 845 me quedo sin reflexion,
895 852 1366 894 los ojillos se me bullen,
896 901 1358 944 y me hago un salpicon;
892 948 1378 992 para mi ninguna hay fea;
890 997 1374 1040 si es morena, me gustó,
939 1047 1492 1091 si es blanca, me robó el alma,
890 1095 1372 1138 si es quebrada de color,
896 1143 1390 1185 me gusta aquel colorcito,
888 1192 1442 1233 si es encarnada, un primor,
895 1239 1478 1283 si es verdinegra, un prodigio,
891 1290 1285 1328 y si tiene condicion,
898 1337 1342 1379 me alegra solo el oirla,
896 1384 1300 1426 si es pacífica, mejor;
898 1434 1398 1476 que tenga la boca grande,
898 1483 1374 1524 que la tenga chica arrozz
890 1531 1314 1572 sea chata ó narigona,
896 1579 1416 1625 que tenga garvo ó que no,
890 1628 1308 1669 sea aseada ó cochina,
896 1676 1304 1719 cada una es una flor;
888 1727 1330 1765 siendo mujer, para mí
892 1775 1350 1815 tiene la gracia de Dios;
888 1824 1344 1862 á todas las dé esta sala
888 1873 1492 1915 las quiero mas que un doblon,
883 1924 1325 1959 y porque vean ustedes
891 1971 1338 2009 donde llega mi aficion,
884 2019 1316 2059 aunque sea una vieja,
891 2068 1426 2108 que pase de ochenta y dos,
879 2115 1386 2156 con siete ú ocho jorobas;
882 2164 1386 2205 y mas fea que un ladron,
888 2213 1301 2251 porque parece mujer
885 2263 1452 2305 la quiero, que es un horror;
