1737 2508
572 258 626 294 19.
305 305 768 345 Era Dimas un ladron
258 354 754 394 y lo dejó de ser luego,
256 403 932 443 ¿pues porqué tambien mi ruego
257 451 829 491 no ha de llegar á ocasion?
249 498 741 538 no teneis mayor razon
256 548 876 590 para cerrarme á mi el puerto,
251 596 853 637 que si Dimas lo halló abierto,
255 643 928 686 porque habló en vuestra presencia,
250 691 894 733 tambien, Señor, dás audiencia
257 739 886 785 en la Cruz despues de muerto.
568 839 634 877 20.
304 893 842 937 De un pródigo señas diste
260 943 804 985 perdido y vuelto á su casa,
249 990 811 1033 yo soy por lo que me pasa
253 1040 722 1080 el pródigo que dijiste:
250 1090 780 1130 por padre te constituiste,
260 1138 824 1180 que la gracia nos concierta,
258 1188 838 1229 pues mi Dios, alerta, alerta,
251 1234 760 1276 que el hijo pródigo soy,
255 1284 834 1323 tú eres el Padre, y yo estoy
249 1332 857 1374 tocando humilde á tu puerta.
563 1431 639 1469 21.
307 1487 862 1528 Tú llamaste por su nombre
257 1537 748 1578 con dulce voz á Zaquéo,
255 1584 683 1623 y quisiste por trofeo
258 1634 888 1672 hacer tu amigo aquel hombre:
259 1683 930 1723 pues aunque el mundo se asombre,
257 1731 762 1771 de lo uno y otro testigo,
252 1780 780 1819 haz esto mismo conmigo,
250 1829 800 1869 para que el afecto arguya,
257 1877 799 1914 que fué mayor gloria tuya
255 1925 814 1963 hacer que yo sea tu amigo.
568 2024 628 2060 22.
301 2080 742 2118 Pecó David, y lloroso
256 2129 724 2168 confesando su pecado,
249 2178 783 2215 cuando estaba mas airado
247 2225 684 2263 os hizo ser amoroso:
249 2274 733 2314 tambien aspiro dichoso
992 274 1494 318 de mi vida á la mudanza,
988 322 1468 366 seguro espero bonanza,
987 372 1436 411 pues alibian mi dolor
984 420 1504 461 un Rey que me dá valor,
980 468 1616 510 un Dios, que me dá esperanza.
1288 570 1356 606 23.
1035 637 1661 673 ¿Qué quereis que haga por vos
981 684 1492 718 que prometo firmemente
984 731 1484 767 hacer por vos obediente
979 779 1569 817 cuanto mandareis, mi Dios?
977 828 1415 865 el martirio mas atroz
988 876 1430 914 no será, Señor, capaz
984 924 1571 963 á hacer hechar el pie atrás
988 974 1660 1011 y en cuanto hoy mi vida os paga
985 1022 1590 1059 por mucho que por Vos haga
980 1069 1614 1111 siempre os vengo á deber mas.
1290 1169 1364 1209 24.
1030 1236 1448 1274 A tí vengo mi Jesus
980 1284 1458 1324 avergonzado y corrido,
981 1331 1467 1371 porque de mí condolido
984 1382 1488 1423 me llamas desde la Cruz;
984 1430 1450 1472 buscando vengo la luz,
979 1479 1520 1518 ya con los ojos despiertos
976 1528 1600 1570 seánme los tuyos dos puertos
987 1579 1466 1618 que me reciban de paz,
983 1630 1459 1668 ¿ y sino para que estás
987 1679 1540 1712 con tantos brazos abiertos?
1287 1774 1359 1812 25.
1026 1836 1500 1883 En nada te sirvo á tí,
986 1887 1406 1925 pero quisiera saber:
981 1934 1524 1975 ¿si tú no me has menester
982 1983 1425 2022 á que viniste tras mí?
979 2033 1528 2072 ¿no fué arremediarme? Sí,
979 2084 1621 2121 ¿y porqué? porque me amaste:
987 2133 1540 2171 pues baste de enojo, baste,
979 2179 1482 2218 no se diga que moriste
979 2227 1644 2268 dando el precio, y que te fuiste
979 2276 1549 2318 sin la alhaja qne compraste.
