1765 2512
546 248 612 284 12.
280 290 868 335 Yo de ellos no me levanto
232 338 856 388 sin vuestra gracia, y perdon,
240 388 758 432 y admitiendo el corazon
232 437 824 482 por fiador en tierno llanto:
229 483 664 526 con él afianzo tanto
230 532 696 579 mi pesar y mi dolor,
236 583 713 625 que tubiera por mejor
224 630 776 678 morir y no haber nacido,
222 681 751 720 antes de haber ofendido
220 727 742 772 la bondad de tal Señor.
539 829 605 865 13.
272 883 786 928 Es tanta la indignacion,
229 933 782 975 que tengo con mi pecado,
230 981 784 1027 que quisiera que enojado,
232 1028 690 1071 tomarais satisfaccion:
227 1079 675 1116 y en esta resolucion
232 1127 710 1167 quisiera yo mantenerte
220 1173 674 1218 solo por satisfacerte,
224 1223 802 1267 si en caso de condenarme,
220 1270 886 1316 el fuego, que ha de abrazarme
220 1318 766 1364 diera una luz para verte.
523 1419 593 1458 14.
256 1474 851 1517 Mi Dios, si el haber pecado
216 1522 709 1565 ser pudiera egecutoria
210 1570 698 1612 hoy tuviera vanagloria
216 1618 812 1663 del motivo que te he dado:
211 1669 742 1710 pequé, y estás inclinado
208 1717 706 1760 á perdonar mi maldad;
220 1766 770 1807 pues su enorme gravedad
213 1814 807 1857 te hace hacer en el perdon
206 1860 706 1904 la mayor demostracion
211 1911 680 1954 de tu mucha caridad.
520 2013 587 2049 15.
252 2065 826 2110 Bien se, que sin mi dolor
204 2116 800 2161 mi culpa no has de borrar,
205 2166 635 2206 y queriendola llorar
200 2213 752 2255 me falta el brio, y valor:
198 2261 790 2304 ahora, pues, entra el ardor
966 268 1540 314 de aquel auxilio que diste,
960 316 1560 363 cuande á Sáulo convertiste;
968 365 1518 408 para que en tu ejecutoria
968 412 1440 455 esté demas la victoria
961 460 1578 509 de otro hombre, que resiste.
1257 563 1337 602 16.
1004 627 1586 672 Pecó Pedro, y con espanto
954 675 1430 717 su culpa te lloró á tí,
960 722 1620 769 yo he pecado:¿y por qué á mí
948 770 1516 817 me puede faltar el llanto?
956 817 1520 865 no te ofendió Pedro tanto
964 865 1504 917 como yo con mis arrojos,
964 916 1430 962 te dí mayores enojos;
960 966 1458 1009 pero si ausilio me das.
956 1014 1519 1059 ¿Dime, que tienen de mas
950 1062 1544 1110 los de Pedro que mis ojos?
1263 1164 1334 1205 17.
985 1226 1498 1271 Soy de menos fortaleza
956 1278 1542 1323 que lo era Pedro tu amigo,
944 1328 1504 1370 y le diste á él un testigo
944 1375 1544 1417 que le acuerde su flaqueza;
954 1425 1586 1469 pues, Señor, si acaso empieza
944 1472 1564 1519 en mi el letargo de muerte,
944 1521 1556 1567 toca á la puerta mas fuerte,
955 1571 1624 1614 que en mí y en Pedro hallarás,
950 1618 1390 1658 que yo necesito mas
946 1668 1628 1712 que un gallo que me despierte.
1248 1767 1319 1806 18.
984 1832 1550 1874 No apartes de mí los ojos
946 1882 1596 1922 y harás, que con sus cristales
935 1929 1446 1970 sean los mios raudales,
936 1981 1502 2021 que te quiten mis enojos;
936 2028 1547 2069 te daré en blandos despojos
932 2077 1496 2118 lo que en decreto resisto,
931 2127 1566 2165 y si no ¿qué hizo bien quisto
928 2172 1472 2211 á Pedro en sus intereses
936 2220 1562 2264 despues de negar tres veces,
931 2270 1544 2313 sino el ser de tí bien visto?
