1765 2512
332 289 400 333 40.
52 362 572 398 A Tí con menos temores,
8 409 534 447 á Tí apelo, muger tierna,
8 458 482 494 mi condenacion eterna
12 506 507 543 impide por tus dolores:
12 554 538 591 de los grandes pecadores
5 603 542 641 ser madre no te desdeñas;
16 652 584 691 pues si por esto te empeñas,
8 700 550 740 soy sin duda yo acreedor,
5 750 511 787 porque de gran pecador
10 799 590 837 te he dado bastantes señas.
318 895 388 933 41.
52 969 599 1005 Hija sois, Madre y Esposa
7 1017 464 1053 de la Trinidad Eterna,
8 1066 552 1107 Reina compasiva y tierna,
14 1114 576 1154 sois muger, y sois piadosa:
13 1164 453 1201 y asi como poderosa
14 1212 502 1251 conoced mi causa Vos,
8 1260 467 1304 y correrá por los dos,
15 1308 572 1348 pues está con gracia suma
11 1357 551 1394 en vuestra mano la pluma
11 1406 576 1445 conque echa su firma Dios.
317 1502 389 1539 42.
59 1570 621 1606 Es tanto lo que os venera
13 1619 529 1659 y lo que os estima Dios,
23 1668 580 1705 que cosa que quereis Vos,
13 1718 636 1752 imposible es que él no quiera:
741 295 1233 336 y asi sed mi Medianera,
745 344 1231 382 porque con este sagrado
747 393 1176 427 vivo, y estoy confiado
743 440 1391 478 que en su honra deciros puedo,
743 488 1417 526 que ni aun de Dios tengo miedo,
737 537 1306 573 como estéis Vos á mi lado.
1043 633 1109 671 43.
785 690 1305 724 En fin, á vuestro sagrado
744 738 1214 774 Jesus, María me acojo
740 786 1244 822 medroso con el sonrojo
748 834 1328 872 de lo mucho que he pecado;
741 884 1225 919 pero estoy tan confiado
739 931 1252 969 en la piedad de los dos,
752 979 1242 1014 Vos Jesus, y Maria, Vos
747 1027 1295 1065 que amparais la causa mia.
756 1077 1268 1112 Vos por la Virgen Maria,
743 1124 1271 1167 y Vos, Señora, por Dios.
1053 1221 1125 1257 44.
790 1275 1308 1313 A Dios, mi Jesus, á Dios,
740 1325 1320 1362 hijo soy vuestro, y esclavo,
745 1373 1353 1413 y aunque de hablaros acabo,
743 1422 1238 1458 no me despido de Vos:
746 1470 1230 1507 Abrazémosnos los dos,
738 1518 1364 1555 nuestra amistad confirmemos,
747 1566 1248 1604 Unamos estos estremos
747 1614 1276 1653 de modo que los abrazos
747 1664 1319 1702 sean dos nudos y dos lazos
747 1713 1295 1753 que nunca nos desatemos.
108 1845 1442 1900 Ante Jesus Crucificado acostumbraba hacer
22 1917 1428 1970 estos afectos el dicho Padre en sus Misiones,
19 1986 1442 2043 para escitar á las almas á contricion verdadera
21 2061 473 2113 de sus culpas.
580 2149 890 2198 FIN.
525 2250 919 2289 CARMONA:—1856.
161 2301 1314 2342 Imprenta de D. José María Moreno, Descalzas núm. 1.
