1737 2508
205 226 718 270 tenia en sangre teñidas,
210 273 715 315 cuyas señales me daban
202 319 878 365 á entender, ser de algun hombre
207 367 860 416 que andaba en el monte á caza,
204 416 686 459 ó de otro fiero animal,
207 463 800 510 que sin remedio á sus garra
207 512 712 555 perdió el infeliz la vida.
201 562 787 604 Con qué dolor, pena estraña!
203 610 716 649 me ví, señor, cuando ví
199 657 761 699 que á lla puerta se sentaba
208 707 828 750 de la cueva; y que el remedio
197 753 718 796 de mi vida aqui se halla
195 801 703 843 sin remedio: mira ahora
198 849 715 893 en esta adversa y tirana
198 897 648 938 fortuna, cual estaría,
203 944 798 990 pues solo en pensarlo pasan
201 993 733 1034 en esta ocasion mis ojos
200 1040 772 1085 á llorar la angustia amarga
203 1089 724 1130 que en aquel lance sentí;
201 1138 798 1180 pues cayéndome de espaldas
196 1185 666 1222 sin sentido me quedé
203 1233 700 1274 entendiendo ser llegada
194 1280 683 1321 mi fatal hora, y que yo
192 1328 690 1369 á sus manos entregaba
200 1375 671 1417 lo mísero de mi vida.
201 1423 714 1466 O cuanto trecho se pasa
203 1471 749 1517 del blasonar de la muerte,
193 1519 682 1560 al verla estar asomada
197 1567 679 1609 á la puerta de los ojos!
200 1617 790 1659 Mira en qué afliccion mi alma
189 1665 562 1701 estaría cuando ví
194 1712 776 1755 mi sepulcro en las entrañas
200 1759 670 1801 de aquel feroz animal,
193 1807 748 1852 sin tener quien me librára
193 1856 689 1897 del peligro; mas señor,
191 1904 716 1946 apenas movió las plantas
198 1952 683 1993 al leon, cuando reparo,
196 2000 594 2038 y veo que cojeaba
196 2048 774 2091 de una mano, y que se llega
196 2096 698 2136 á mí, que mortal estaba,
200 2144 737 2185 y que él su mano enferma
194 2192 676 2230 sobre las mias sentaba
188 2238 726 2280 como dandome á entender
196 2288 696 2330 de que yo se la curára,
934 240 1454 278 y aun te aseguro, señor,
940 286 1556 327 que no hay lengua que bastára
928 333 1393 373 á ponderar la alegría
929 378 1548 423 que cobré, viendo tan mansa
928 429 1476 469 su ferocidad: yo entonces
924 477 1446 517 saqué de mi tosca baina
921 524 1487 567 un cuchillo y con la punta
927 572 1466 618 le abrí la mano hinchada,
931 620 1392 666 y sacándole la espina,
929 668 1384 712 que tenia atravesada,
928 717 1372 759 esprimíle la materia,
925 764 1380 808 y dispuse de curarla,
930 812 1376 855 lavándola con orines,
927 862 1376 900 y sirviendo de triaca
924 909 1434 949 mi saliva, despues desto
928 956 1390 996 de mi camisa rasgaba
936 1005 1390 1046 un pedaso que le até,
926 1050 1452 1097 porque el dolor mitigára.
931 1101 1406 1139 Seís dias con él estuve
924 1149 1455 1192 y en ellos, señor, pasaba
930 1198 1354 1236 plaza de médico yo;
936 1246 1460 1288 y él porque yo le curaba,
926 1291 1390 1333 me pagaba, pues traia,
925 1340 1444 1382 de las fieras que mataba
924 1389 1392 1427 la carne, para que yo
920 1435 1412 1478 con ella me sustentára.
920 1483 1355 1523 Mas un dia que salió
923 1530 1374 1574 á cazar á la montaña,
924 1579 1478 1624 dejé su albergue, y me fuí,
915 1628 1371 1666 enfadado de las malas
913 1674 1444 1716 comidas, donde ocultéme
914 1724 1452 1766 de allí no larga distancia;
920 1773 1460 1815 y cuando à la cueva vino,
921 1819 1419 1859 y vido de que no estaba
919 1866 1476 1911 yo en la cueva, fué señor,
924 1915 1490 1957 tal su sentir que bramaba
923 1962 1505 2005 de suerte, que los bramidos
920 2013 1358 2052 los oia donde estaba,
921 2061 1375 2098 y yo de verlo y oirlo
914 2108 1400 2150 te aseguro que lloraba,
916 2155 1352 2193 cuya lástima me dió
913 2202 1364 2242 ocasion á que dejára
924 2251 1386 2291 este sitio, por la pena;
907 2302 1411 2341 mas mi tiraña desgracia
