1765 2512
217 293 805 344 me llevó donde los mismos,
218 340 849 391 que á mí, señor, me buscaban
224 388 795 439 me prendieron, y á mi amo
219 438 811 486 me llevan con furia estraña,
224 484 725 533 donde estuve prisionero
224 533 783 583 en tinieblas, pues la clara
223 585 653 628 luz del dia no la ví,
225 628 765 676 hasta que llegó una carta
227 675 856 724 de Tito, en que manda y pide
235 722 836 772 de que todos los que estaban
228 772 757 821 prisioneros se los lleven,
240 819 841 869 porque es costumbre romana
233 869 713 916 celebrar el dia en que
226 918 741 963 nace Principe ó Monarca,
229 964 843 1012 con fiestas, echando esclavos
230 1012 675 1060 á pelear en la plaza
239 1059 763 1108 con las fieras, porque as
240 1107 827 1153 Tito lo ordena, y lo manda.
239 1155 767 1202 En fin, llegando á Roma
239 1202 707 1250 se presentó la batalla
243 1250 844 1298 de los brutos y los hombres,
246 1298 753 1345 y cuando mas festejada
253 1348 753 1392 estaba, señor, la córte,
243 1395 755 1442 salió un leon á la plaza
254 1440 886 1489 tan feroz, que en poco tiempó
256 1489 794 1537 despedazó con las garras
262 1517 1497 1585 quince hombres, y á este mismo aquesta triste, é infausta
255 1586 854 1633 me echaron, porque acabara
259 1637 687 1681 infelizmente mi vida.
943 275 1466 319 Mas apenas la inhumana
943 324 1403 368 ira del bruto me vió,
943 372 1427 415 amainó su furia brava;
949 418 1515 462 pues llegándose á mis pies,
946 466 1535 511 me acarició y me alhagaba,
951 515 1469 559 prueba que viene, señor,
945 561 1441 607 á ser el que yo curaba
949 607 1555 654 en la cueva; y Tito entonces,
963 654 1576 700 viendo el prodigio, me manda
951 701 1529 750 la lihertad, y que me fuese,
955 749 1527 798 llevándome en mi compaña
961 800 1473 845 al leon, que agradecido,
955 846 1513 894 aunque bruto se mostraba.
963 895 1589 939 Fuíme: y busqué, gran señor,
963 945 1485 989 hasta llegar á mi patria,
971 992 1469 1038 que comer con el leon,
971 1038 1511 1087 y entendiendo que casada
967 1092 1349 1132 estuviera Miraflor,
964 1135 1476 1179 no me parecieron largas
968 1182 1487 1229 las jornadas: mas halléla
980 1229 1449 1278 aguardando la palabra
976 1277 1483 1324 que la dí, y como noble
971 1326 1529 1370 se la cumplí, y celebradas
975 1377 1459 1419 las bodas, pedí, señor,
976 1422 1483 1467 que con pluma delicada
978 1469 1467 1515 escribiese Manuel Diaz
979 1565 1417 1613 tragedia mia, porque
986 1616 1457 1661 en verso se divulgára.
881 1957 1079 2002 FIN.
753 2283 1197 2337 CARMONA. =1859.
376 2327 1581 2403 Imprenta de D. José M. Moreno, calle Juan de la Cabra.
