1737 2508
1257 155 1578 318 (Número 239.)
582 1076 1446 1140 ANDRIONICO Y EL LEON.
318 1196 1732 1256 Romance en que se refiere el cautive rio y aventuras de Andrionico. Dáse
315 1240 1726 1303 cuenta de sus amores, y de lo que le sucedió con un leon, que reconocido
468 1286 1600 1340 á los beñeficios que de él habia recibido, se humilló á sus pies.
371 1396 919 1442 Escúchame, Invicto Cesar,
319 1444 885 1493 si el escuchar no te enfada;
330 1493 861 1536 y verás, que de Esclavonia
329 1541 805 1589 soy natural, y se llama
325 1588 746 1638 Mantuca donde nací:
337 1637 817 1684 cuyas célebres murallas
328 1686 823 1731 le cobran tributo al Sol,
337 1732 957 1778 despues de ausentarse el Alba,
337 1777 843 1828 Aquí pues, señor, crióse
340 1830 873 1875 frente á frente de mi casa
339 1880 775 1924 una tan bella pastora,
338 1925 943 1971 que pudo el discurso en tanta
329 1976 915 2020 magestad decir, no hay mas,
339 2022 895 2068 que ver en muger humana.
329 2070 869 2114 Pues una tarde que el Sol,
338 2119 799 2163 del hechizo de su cara
338 2167 817 2211 solió eclipsado, por ser
340 2217 830 2258 quien á su luz eclipsaba
341 2265 682 2306 una celosia, que
338 2315 767 2356 astutamente ocultaba
1056 1381 1651 1423 sus reflejos, mas no obstante
1052 1433 1504 1471 Cupido sacó su aljaba,
1056 1480 1526 1519 y tirándome una flecha,
1062 1527 1631 1567 quedé rendido á sus plantas.
1066 1574 1601 1615 Creció nuestro amor y fué
1059 1623 1620 1663 con tan vehiementes ansias,
1061 1670 1553 1709 que era su casa y la mia
1064 1720 1486 1757 teatro donde cifraba
1057 1768 1626 1805 nuestro amor finas caricias;
1058 1816 1627 1853 mas á este tiempo mi patria
1057 1864 1535 1901 se reveló contra Roma,
1069 1913 1568 1952 y uí yo (¡fatal desgracia!
1062 1961 1582 1999 á servidumbre de esclavo
1067 2010 1536 2048 condenado por la mala
1059 2059 1474 2096 fortuna, y así señor,
1059 2107 1535 2146 sabrás, que la realzada
1065 2156 1559 2194 casa de los Andrionicos,
1066 2202 1607 2243 es la mia y que me llaman
1067 2250 1611 2292 Andrionico, pues mi padre
1065 2302 1550 2340 así tambien se llamaba,
