1765 2512
125 233 611 272 y mis abuelos lo mismo,
125 282 611 321 por ser familia tan clara
132 331 684 371 como la de Fábio en Roma,
123 377 663 416 y la de Austria en España
132 427 672 466 Y aunque ahora mi fortuna
120 474 686 517 me ha traido por ser varia,
124 522 630 561 á verme esclavo, lo mas
128 570 666 610 que llega á sentir el alma,
127 618 682 660 esfhaber perdide (jay Dios!)
120 666 644 706 á Miraflor, prenda amada,
124 714 684 756 mas que todo el cautiverio,
132 763 712 804 y el castigo que me aguarda.
123 811 604 850 En esta ocasion mi amo
124 859 712 903 Marcio, me puso en la plaza,
128 908 626 947 y vendióme, gran Señor,
120 955 640 997 á un aserrador de tablas,
124 1004 608 1042 el cual como vió que yo
116 1053 628 1088 le daba mas buena maña
116 1100 682 1137 á las armas, que á la sierra,
121 1148 723 1186 volvió á venderme, y mi ama
124 1197 652 1233 lo sintió, compróme Dazo
123 1245 661 1283 en cien ducados de plata.
120 1291 614 1331 Y como su esclavo era,
124 1341 596 1377 me hacía que amasára,
120 1389 692 1426 que moliéra, y que cerniera
117 1437 655 1475 y que le hiciera la cama.
119 1485 714 1521 Qué mas quieres que te diga?
123 1533 685 1566 cuando, señor, no me daba
120 1580 612 1618 ni zapatos, ni camisas,
116 1629 706 1665 y despues con furia extraña
120 1677 682 1712 me mandaba que de noche
114 1723 680 1764 tejiese espuertas de palma,
120 1772 628 1811 las cuales iba á vender,
120 1821 604 1857 y si no las despachaba,
116 1867 608 1906 no me daba de comer,
122 1917 614 1953 ni de azotar me dejaba,
124 1962 666 2002 Y sintiendo esta desdicha,
120 2011 624 2048 dos mil veces le rogaba,
119 2061 737 2095 que me vendiese, ó me diese
122 2106 680 2144 la muer e, que me quitára
126 2155 596 2192 le vida, para no estar
128 2203 626 2240 en su esclavitud tirana.
123 2252 682 2287 Y así de aqueste presagio
125 2303 757 2341 gocé el tiempo que en su casa
860 230 1375 267 estuve, que fueron once
851 280 1454 316 años, y aun pienso que pasan
856 327 1416 363 de once mil segun la cuen
854 376 1360 413 y lo mal que lo pasaba,
859 422 1279 458 cuya afligida pasion
860 471 1369 506 dió ocasion á que dejára
851 518 1272 554 á mi amo y fugitivo
853 568 1471 602 me fuí al monte, pues estaba
859 614 1235 650 deseoso de morir,
853 662 1331 704 y procuraba con ansias
857 710 1408 747 que las dieras me comiesen
856 758 1376 795 para acabar penas tantas.
862 806 1338 843 Y yendo por el camino,
860 854 1424 894 de mí mismo me afrentaba,
845 903 1389 942 pues era, señor, mi ropa
859 952 1472 988 tan pobre, que aquí se agravia
848 999 1344 1035 mi lengua de referirlo;
853 1047 1397 1084 pues las pulidas albarcas
855 1096 1465 1135 yue calzaba, eran de esparto,
849 1143 1346 1181 q por ser tela delgada.
852 1190 1334 1229 de cáñamo una camisa,
845 1239 1432 1277 con un sombrero de palma,
848 1286 1272 1330 y para comer saquè
849 1336 1357 1370 un zurroncillo de pasas,
850 1383 1482 1420 y un corchuelo en que previne
847 1431 1349 1467 llevar un poco de agua;
851 1478 1483 1515 tres dias con sus tres noches
850 1525 1406 1563 anduve, y viendo cansadas
851 1575 1519 1611 mis fuerzas, busqué el descanso
848 1623 1352 1659 en la mayor emboscada,
851 1670 1400 1708 por escaparme de aquellos
844 1718 1371 1754 tiranos que me buscaban.
850 1766 1365 1803 Escondime en una cueva
845 1814 1439 1852 grande de suyo, y la entrada
848 1863 1417 1899 algo angosta, y por defuera
847 1912 1310 1947 era, señor, enriscada,
853 1961 1424 1995 ancha en el medio, y la luz
855 2007 1392 2043 ni bien lóbrega, ni clara.
851 2055 1400 2091 Y apenas hubo seis horas
860 2102 1420 2139 que este sitio me ocultaba,
849 2150 1343 2188 cuando ví súbitamente
849 2199 1459 2236 que por la puerta se entraba
860 2247 1295 2284 un feroz leon, y que
847 2295 1463 2335 manos, pechos, boca y barba
