1737 2508
1274 237 1524 392 (Núm. 237)
382 347 1448 507 SIETE HERMANOS VANDOLEROS.
272 1261 1630 1300 FAMOSA JACARA NUEVA, DONDE SE DÁ CUENTA DE LA
227 1310 1631 1348 vida, prision y muerte de siete hermanos vandoleros, en que se re-
237 1357 1630 1396 fleren las grandes crueldades, insultos, muertes y robos que hizo
229 1405 1630 1446 Andrés Vazquez y sus seis hermanos, como lo verá el curioso lector;
278 1452 1580 1494 los nombres de cada uno son: Miguel, Juan, Francisco, Pedro,
323 1502 1543 1541 Gerónimo, y Antonio Vazquez, castigados en Ciudad-Real.
280 1706 754 1743 Favor le pido á Jesus
231 1755 825 1791 y á la Vírgen madre nuestra
233 1800 730 1838 para que pueda cantar
231 1848 723 1884 la mas famosa tragedia
226 1897 798 1933 que hicieron manos aleves
236 1945 828 1982 ni entre pagános se hiciera
227 1992 658 2029 una bárbara osadía
228 2040 728 2078 tan cautelosa y tan fea,
231 2088 737 2126 tan feroz y abominable
231 2136 778 2176 que el sentido desalienta:
221 2183 842 2223 Sugedió, por que se admiren
224 2232 772 2274 lo que relata mi lengua,
952 1708 1417 1743 el suceso mas infame
957 1755 1558 1798 que en los analos se cuenta,
956 1804 1466 1840 crueldad la mas estraña
953 1852 1511 1891 y la maldad mas perversa
959 1901 1535 1938 que hicieron siete ladrones
960 1948 1494 1988 en la gran Sierra-Morena,
954 1996 1402 2032 naturales de Cazalla,
960 2044 1532 2084 de nobles padres y hacienda
958 2092 1531 2133 eran estos siete hermanos,
961 2142 1464 2175 (mejor diré siete fieras)
960 2187 1436 2225 estos quitaban á todos
955 2238 1491 2274 las vidas y las haciendas.
