1765 2512
296 231 1338 399 LA ZAL DELA CANELA.
164 552 614 592 Con eze cabeyo rojó
123 599 707 644 que al mármol roba la calma
121 649 683 692 y ez el iman de mi antojo,
116 698 693 739 haz puesto, niña del alma,
117 746 593 787 mi corazon en remojo.
167 792 781 833 Zi algun mándria lo murmura
119 842 753 888 que se lo cuente á zu abuela,
374 891 553 929 criatura!
119 938 612 979 ay! benaya eza cintura
131 988 701 1028 que es la zal de la canela.
171 1035 653 1074 Tu zabes y yo bien zé
127 1082 757 1124 que en el punto en que te vi
131 1132 655 1172 mi corazon te entregué.
123 1176 721 1220 Zi yo te dije digo alto aquí!
123 1226 749 1269 no digas, que no hay de qué,
170 1275 793 1315 Porqué eztanta tu hermozura
133 1326 623 1369 que perdaré la cautela,
391 1374 577 1410 criatura!
129 1423 647 1462 en guipando eza cintura
146 1469 678 1511 que ez la zal de la canela.
182 1516 732 1558 Ay, zi un galan turuleque
133 1568 721 1608 la paz é mi pecho inquieta!
140 1619 640 1653 dile niña que no peque,
144 1664 672 1701 ó en la punta de la jeta
141 1711 735 1749 le he de pintar un jabeque.
186 1760 658 1797 Naide goze tu ternura
142 1809 612 1847 ó le arrimaré candela,
395 1856 584 1893 criatura!
149 1903 751 1947 pues me encanta eza cintura
151 1954 701 1999 que ez la zal de la canela.
831 539 1475 585 No envidio al hombre brilla
845 590 1263 628 con fajaz y solideoz,
852 636 1501 678 que ezo no entra en mi cartiya,
842 684 1330 725 ni me petan los jaleoz
843 732 1315 774 de las gente de goliya.
890 780 1394 820 Mas enzalza mi ventura
857 830 1320 872 que roar en carretela,
1102 876 1400 913 criatura!
858 923 1332 969 eza gachona cintura
864 969 1514 1019 que ez la zal de la canela
898 1021 1480 1064 Ay! es tal mi frenesí,!
851 1069 1454 1113 que zi tu no erez ingrata,
847 1117 1389 1161 no me importa que portí
853 1166 1403 1206 me dé la ley por corbata
851 1213 1359 1256 los calzones del buchí.
911 1261 1371 1302 Yo quiero la zepultura
852 1310 1369 1353 zi alli con amor me vela,
1027 1358 1301 1406 criatura!
858 1408 1253 1451 eza divina cintura
867 1456 1433 1501 que ez la zal de la canela;
911 1502 1369 1543 He de zacar mi churí
867 1552 1431 1593 zi Dios lo contrario manda,
863 1599 1325 1646 para romper la chichí
859 1648 1333 1693 al desventurado randa
851 1695 1425 1744 que camela á mi rumí.
897 1741 1493 1791 Quien pienze darme pavura
872 1794 1475 1841 yo le hare ver que no cuela,
1118 1841 1308 1878 criatura!
869 1888 1349 1934 dizputando eza cintura
875 1936 1439 1988 que ez la zal de la canela,
821 2130 1008 2243 FIN.
331 2273 1361 2407 CARMONA.—1858, Imprenta de D. José Maria Moreno
