1765 2512
59 294 527 331 Esta mañana, señores,
59 342 511 380 señoras esta mañana;
62 389 603 427 abreviaremos de cuentos,
65 435 661 476 que tengo una pierna mala.
59 484 623 522 No nombro mi ecendencia,
63 532 681 574 porque es sumamente largar,
65 582 647 620 dá principio en lo primero,
71 629 629 667 y en lo postrero se acaba.
59 677 689 717 Dejo el tiempo que mi madre
65 727 595 765 me sento á jacer la caca,
58 777 563 818 y las gracias que tenia
63 826 570 858 en decirle, caca, mama;
65 870 585 909 jui creciendo con deseos
63 920 598 957 de ver esta ilustre Patria:
67 968 554 1004 entré yo en esta Zudiá
61 1016 581 1057 por la puerta de Triana,
69 1064 580 1101 me encajé por una calle,
67 1112 623 1150 que le llaman Caga-Ranas;
65 1161 568 1197 vi asomaa á un agujero
59 1209 558 1246 la mas pulia muchacha,
63 1257 637 1294 de cuantos ciegos an visto,
68 1305 655 1343 ni en papel blanco se jayan,
69 1353 622 1391 La miré muy circumpliejo,
69 1401 516 1440 le ije, jermosa dama,
70 1450 559 1487 clara juente, por donde
72 1499 528 1534 josean zapos y ranas;
64 1546 585 1584 si el demorio te comiera
65 1596 573 1636 y te cagara en mi cama:
71 1643 547 1678 No acabé mas de ecir
72 1691 582 1728 aquestas jinco palabras,
69 1740 584 1778 sale uno con un bergajo,
81 1787 693 1826 que al no dar seis sancajadas,
79 1836 555 1879 y encajo en la Máalená,
67 1884 636 1923 me voy en letra á mi casa,
71 1932 584 1976 y ansina que ube llegao
79 1981 589 2022 jacia él me volvi la cara
73 2030 568 2068 como un leon, y le ije:
76 2078 512 2115 maldita sea tu alma,
77 2126 563 2167 y que fortuna ás tenio
71 2173 595 2218 por venirme sin la espaa;
79 2222 607 2263 pue si con ella he veñio,
84 2271 484 2308 tampoco sucee naa.
81 2318 587 2357 Entré entro dé la Hlesia,
76 2369 629 2408 me limpié mocos y babas,
784 280 1293 319 el faldellin de la chupa,
779 329 1353 368 la anguarina y las polainas,
773 377 1315 416 rezé una Salve en ruillas,
781 423 1323 470 y la ofrecí por las armas
788 472 1303 511 de toos aquellos Santos
786 519 1381 563 que en los jartares estaban,
792 568 1430 609 porque Dios se duela de ellos,
791 616 1359 659 y de aqueste mundo salgan
773 665 1307 709 Zá gozar la gloria eterna;
789 711 1281 752 sali por la puerta falsa
793 761 1295 801 me jui á la llesia mayor,
783 809 1195 853 y vi tanta Clerigaa,
785 857 1277 897 toos vestios de blanco,
789 904 1365 945 que con prisa se sampaban
787 951 1351 995 por dos postiguillos falsos
799 1000 1431 1040 en un gran corral de bancas.
792 1049 1321 1089 Estando mirando aquello,
793 1098 1335 1141 golvi jacia un lao la cara,
799 1147 1367 1189 y vi á un Señor muy tieso,
801 1195 1318 1234 que paseándose andaba
799 1242 1231 1284 con un vestio morao,
797 1292 1311 1332 que las patas le tapaba,
799 1338 1269 1381 y en el piscueso traia
799 1387 1395 1426 cinco ó seis golillas blancas.
797 1435 1247 1476 Yo ije este ha de ser
804 1483 1423 1527 el que en esta llesia manda,
797 1533 1285 1576 y asi que vi que venia
794 1581 1295 1619 por el sitio onde estaba
801 1629 1327 1670 yo; me jinqué de ruillas,
827 1680 1488 1719 y le ije estas palabras:
802 1730 1485 1765 ilústrisimo Señor,
811 1777 1480 1813 pastor y guarda de tantas
803 1822 1479 1860 personas que aqui se encierran,
799 1870 1481 1909 déme á besar vuestras plantas:
803 1920 1488 1957 cuando veo que va sacando
810 1970 1486 2010 un latigo de una manga
806 2019 1494 2055 que si no ando ligero
805 2064 1369 2103 á quitarme de sus plantas,
809 2113 1486 2152 creo que me monda el lomo,
801 2166 1487 2200 O me sacude ja lana
802 2212 1134 2248 Anda con Dios,
813 2262 1492 2295 déja que á mi lugar vayas
818 2310 1338 2351 que los muchachos y yo,
816 2357 1487 2397 te hemos de dar, mil pedradas,
