1737 2508
164 253 693 301 Salí de la llesía, y luego
159 304 732 347 á la Alcazar me indilgaban,
162 351 669 396 jallé las puertas abiertas
163 401 641 443 ayá entro me soplaba,
155 450 687 492 sin decir palabra alguna,
156 497 644 539 con grandisima chulaa.
160 542 766 588 Jui á entra por un callejon;
162 589 760 635 veo á la puerta que estaban
161 640 787 684 dos hombres con dos jacheros,
161 691 653 734 que querian á la entraa
168 739 652 781 agarrame entre los dos;
173 786 668 829 y tocarme una pabana
172 832 680 877 Yo en altas voces les ije
160 883 634 925 aqueso es una chulaa,
172 931 692 974 pues no discurren qne yo
161 981 605 1021 soy venio de Granaa,
167 1020 791 1070 jarraya con bercebú,
166 1072 786 1118 y golvi atras las espaldas.
160 1124 781 1167 Encontré á un mozo; y le ije,
170 1174 768 1216 que jace alli saquella guarda
172 1214 800 1265 en aqueste sitio, y vino,
165 1269 706 1316 y me ijo estas palabras:
166 1309 858 1360 estos son los jardineros
176 1365 833 1409 que aquí antiguamente estaban,
170 1406 845 1456 que selos llevo el demonio
162 1454 848 1504 y están aqui sus estautas;
170 1511 704 1551 Jui, me jinqué de ruillas,
162 1549 852 1603 le pei perdon de cuantas.
164 1598 842 1651 cuantas cosas malas yo
172 1642 855 1700 en mi mesmo imaginaba.
168 1695 808 1749 Les canté las obras pias si.
176 1741 847 1797 los Enemigos del alma;
170 1793 856 1844 Articulos, y gané
170 1844 716 1893 la Indulgencia penarria.
168 1886 853 1940 que mos tiene concedio
172 1943 668 1989 el Patriarca Monarcao,
170 1993 654 2036 y los ofreci por toitas
176 2043 725 2086 las que estan en esta sala,
173 2091 756 2131 porque se mueran de miedo,
173 2140 693 2188 y se metan en mi cama.
892 244 1362 283 Me levanté y proseguí
893 292 1422 331 la diversion que llevaba,
892 340 1459 378 jui á entrar en un callejon,
896 388 1377 429 (maldita sea mi entraa)
891 438 1497 477 y en el distrito de un huevo
891 487 1403 525 me cerqué too de agua,
879 536 1398 571 me mojé pies y cabeza,
888 581 1428 619 me calé hasta las patas.
896 631 1354 667 Golvi la gurupa atras,
895 681 1430 717 como cagajon que marcha
900 728 1398 765 por ay por la corriente
900 776 1423 813 jallé las puertas cerraas,
888 823 1405 863 Alli fueron mis gemios,
891 873 1386 912 alli mis penas doblaas,
898 923 1320 959 yo me pel, me meé,
892 970 1484 1009 me ensucié por esas barbas,
889 1018 1410 1055 acudiendo á mis gemios!
883 1065 1436 1107 el portero que allí estaba,
898 1114 1387 1153 me ijo, que hace aqui,
898 1163 1367 1201 vaya mucho noramala,
895 1211 1352 1249 y lleve para el camino
884 1261 1397 1297 estas cuatro pescozadas.
880 1308 1402 1344 Sali por la puerta luego
887 1358 1519 1395 como cuando el diablo marcha
889 1406 1390 1442 al infierno con vósótros,
877 1456 1396 1492 renegando de la Alcazar,
882 1500 1399 1567 y no paréde correr.
881 1550 1358 1588 hasta llegars á Tablaa,
881 1598 1400 1638 Y desque juerá me vie,
877 1648 1404 1686 casi el gozo me ajogaba,
888 1696 1314 1732 Maldita sed tu Villá,
891 1742 1522 1803 yo te empeño mi palabra;
877 1792 1421 1833 lsí en mi tierra te cogiera
899 1844 1470 1883 te habia de dar mil pataas.
873 1891 1421 1929 Ya ostedes están servios,
888 1939 1402 1978 yo me voy jacia mi casa;
893 1988 1414 2025 á Dios, Señores, á Dios,
902 2036 1474 2078 que me voy muy noramala,
899 2085 1496 2127 ante que ostedes me envien,
879 2134 1455 2176 ¿que de eso no tengo gana.
1174 2259 1294 2302 FIN.
