1765 2512
260 255 318 312 2
210 297 650 370 en su carroza dorada,
211 360 682 422 cubierta de terciopelo,
212 403 729 471 y un de águila coronada,
218 459 667 524 encima con un letrero
219 505 664 573 que dice: volando voy
215 549 795 617 con esta hermosura al cielo;
215 598 809 674 viéndome con trage humilde
217 648 710 716 caso de mí no hicieron,
227 710 734 766 porque la mucha pobreza
214 749 741 809 es causa de menosprecio.
216 795 803 870 Llegando á oríllas del agua,
222 847 716 917 se apean los caballeros,
222 905 707 960 todos de la mano sacan
217 942 699 1006 á este luciente espejo;
231 996 720 1055 las sedas y los brocados
222 1042 740 1100 arrastrando por el suelo.
222 1088 755 1143 Sucedió que en la ocasion
230 1137 697 1197 venia un toro huyendo
223 1185 845 1244 de unos hombres de á caballo,
227 1246 840 1303 muy mal herido y sangriento:
230 1285 790 1341 se entró por una arboleda,
238 1333 773 1402 que de vista le perdieron,
238 1382 728 1445 el aire lleva en los piés,
226 1426 803 1493 y corre á la par del viento.
236 1478 723 1542 Una sierpe es cada ojo,
234 1521 774 1587 trae en la boca el veneno
235 1576 796 1630 con un rayo en cada punta
242 1622 823 1689 que es un disparado trueno.
239 1669 778 1731 Las mugeres daban voces
242 1718 790 1775 invocando á Dios del cielo;
236 1768 750 1829 pero los seis Alejandros
246 1819 877 1871 lo hicieron con fuerte empeño,
240 1865 818 1934 que arrancando las espadas
246 1908 752 1973 al toro fuerte acudieron.
245 1957 815 2023 A dos de ellos echó en alto,
257 2010 754 2064 dejándolos casi muertos,
251 2058 746 2120 y los cuatro libremente
256 2107 756 2168 prestaron alas al viento.
257 2155 745 2215 Entre tanto las señoras
260 2201 825 2258 entre las hojas de un fresno
261 2256 832 2312 de su tronco se ampararon,
259 2302 828 2359 que aquesta dicha tuvieron,
258 2346 750 2415 dejándosé á doña Juana
261 2394 801 2453 sola en mitad del desierto:
267 2442 780 2512 llega el toro embravecido
932 286 1501 361 y la levantó en los cuernos.
937 330 1418 407 Compadecido de verla,
934 382 1480 439 antes que llegase al suelo,
940 429 1388 498 de mi lástima movido
935 485 1476 546 lo llamé con el sombrero;
940 531 1396 592 tan diestramente jugó
933 583 1502 637 mi brazo el brillante acero,
947 628 1456 699 que á la primer estocada
945 669 1526 744 en mis plantas cayó muerto.
952 726 1449 785 Volvamos á doña Juana,
946 770 1566 838 que estaba tendida en el suelo
953 820 1415 888 toda la ropa arrollada,
953 870 1493 938 cubierto de frio el cuerpo.
951 922 1420 988 llena de polvo y arena;
953 969 1428 1039 y yo de lástima tierno
953 1017 1412 1073 la levanté de la mano,
953 1065 1482 1139 me puse á mirarla atento,
957 1112 1494 1180 ví la imágen de la muerte,
957 1159 1460 1228 un clavel pálido y yerto,
964 1210 1447 1280 vide una luna eclipsada,
957 1262 1510 1317 quebrarse vide un espejo.
961 1304 1513 1374 De los brazos me la quitan
960 1351 1440 1425 las damas y caballeros
965 1399 1526 1469 entendiendo que es difunta;
963 1451 1452 1524 y á la carroza volviendo
973 1493 1508 1560 dan la buelta hacia Sevilla
963 1540 1546 1621 con cuatro mulas corriendo:
969 1598 1441 1670 con la prisa y desaliño
971 1645 1477 1708 de mí no se despidieron,
963 1702 1460 1764 ni fueron para decirme:
977 1740 1530 1815 Dios te lo pague, mancebo,
972 1788 1429 1862 la diligencia y peligro
969 1847 1657 1912 que en esta ocasion te has puesto.
969 1889 1474 1959 Donde esperaba ventura
977 1944 1484 1998 quedé como de primero,
972 1988 1558 2050 solo, triste, en tierra agena,
975 2029 1553 2105 pobre y sin ningun remedio.
976 2081 1424 2141 A otro dia de mañana
985 2133 1512 2203 pasé por su casa á tiempo
987 2177 1510 2248 que estaba su mayordomo
987 2233 1460 2294 refiriendo este suceso;
985 2274 1424 2345 reconocí una palabra,
987 2325 1399 2394 y le dije: caballero,
989 2371 1491 2444 ¿qué tal está esa señorá?
1002 2414 1534 2495 que me pesa, vive el Cielo:
