1737 2508
343 585 1425 670 SEGUNDA PARTE,
467 809 1308 914 EN QUE DAN FIN LOS ROMANCES
180 1055 1611 1172 DE DOÑA SE ACEBEDO,
249 1523 686 1597 Ya sabrán como salió
192 1582 695 1633 desterrado por Romero,
193 1622 714 1681 de Sevilla el mayordomo,
201 1670 783 1744 y fué á servir al rey nuestro
204 1718 739 1786 en las galeras de España,
203 1771 709 1837 adonde renegó el perro,
212 1827 808 1884 que es verdugo de cristianos,
213 1863 759 1927 y el bandido mas soberbio.
199 1909 721 1980 Dejemos á este homicida
211 1960 695 2035 con su bárbaro intento,
210 2009 680 2080 y vamos á doña Juana
216 2060 760 2129 que del mayordomo nuevo,
220 2105 665 2176 enamorada y rendida
208 2162 757 2227 anda que bebe los vientos.
216 2202 736 2270 Como es valiente y galan
216 2250 751 2323 y de lindo entendimiento,
218 2299 665 2375 y como la dió la vida,
223 2352 722 2424 dispuso fuese su dueño.
917 1483 1526 1579 Se fué una noche á su cuarto
918 1561 1380 1628 amparada del silencio,
920 1601 1480 1671 y entre sus brazos rendida,
921 1654 1453 1730 le dice: despierta, dueño,
919 1706 1516 1770 que tan descuidado duermes
931 1759 1510 1819 del firme amor que te tengo,
932 1800 1422 1869 y me tienes tan rendida
921 1860 1516 1919 que con desvelos no duermo.
931 1897 1390 1969 Acá me tienes el alma
936 1944 1562 2019 que viene buscando el cuerpo,
932 2000 1434 2070 tuya soy, tú me ganaste,
944 2043 1480 2118 que eso negarlo no puedo.
936 2092 1439 2165 Entonces abrió los ojos,
952 2138 1471 2210 viendo aquel ángel bello,
940 2185 1522 2260 que le está echando favores
941 2234 1500 2303 sentada en el blando lecho:
951 2290 1543 2346 como está en paños menores
942 2340 1483 2418 parece su rostro un cielo,
