1737 2508
207 191 766 288 su desgracia, pues al verla
205 258 773 334 no pude llegar mas presto.
214 315 764 384 Y el bárbaro me responde,
209 362 709 428 lleno de cólera y ciego:
215 396 829 480 mire el pando, qué pregunta:
229 459 796 529 ¿qué le va al pastor en eso?
222 507 756 578 ¿pues él ha de tener boca
228 556 755 632 paya mentarla en un pelo?
230 608 686 664 Ton enfadado me puse
224 653 693 723 y falto de sufrimiento,
230 700 725 761 que le di dos puñaladas,
226 750 727 824 y le diera mas de ciento
219 798 723 867 á no acudir tanta gente,
231 848 697 911 y la jústicia con ellos.
230 890 722 964 Me llevaron á la cárcel,
229 928 797 1002 donde vide muchos presos,
226 1001 716 1062 me pidieron la patente,
231 1042 668 1115 y les dije:caballeros,
231 1091 706 1157 soy un pobre devalido
239 1130 786 1216 y no tengo ni un remedio;
239 1187 702 1256 y viendo que no tenia
231 1215 768 1302 cosa con que socorrerlos,
233 1285 763 1352 me agarraron al instante
235 1319 852 1395 entre cuatro ó cinco de ellos,
248 1381 770 1450 y allí en una pila de agua
238 1426 736 1488 de cabeza me metieron,
243 1464 779 1532 donde hice mil gorgoritos
246 1526 785 1591 (amigos, la verdad cuento)
243 1575 738 1644 Compadecido de verme
251 1620 701 1677 un alentado mancebo,
254 1667 713 1737 de un oscuro calabozo
247 1718 754 1776 salió cargado de hierro,
249 1765 736 1829 á quien todos le temian
245 1817 739 1878 y le guardaban respeto.
248 1864 743 1928 Aqueste fué mi padrino
254 1896 1439 1977 que donde hay malos hay buenos: en esta cárcel me veo
251 1962 744 2025 me llevó á su calabozo,
256 2003 789 2075 consolándome y diciendo:
250 2055 746 2129 amigo, tener paciencia,
251 2107 804 2178 que aquí todos la tenemos,
257 2151 776 2227 ¿qué penas ó qué delitos
260 2192 840 2267 te han traido á tal estremo?
263 2254 765 2320 Yo le dije: mis pecados,
255 2291 831 2375 esto es permision del Cielo;
262 2342 754 2431 habrá tres dias cabales
1527 124 1571 203 3
931 184 1541 269 que entre parientes y deudos
934 244 1375 324 en Arcos me paseaba
935 291 1472 366 de dos mil placeres lleno,
936 345 1452 417 y ahora por mis pecados
931 390 1410 460 en esta cárcel me veo
943 443 1507 508 solo y sin ningun consuelo,
948 491 1508 567 por dar la vida á una dama:
948 540 1397 604 ahora vivo muriendo,
947 579 1537 662 no porque su amor me lleva,
948 635 1514 703 ni menos pretendo el serlo.
943 690 1397 756 La hija del asistente,
948 733 1452 804 doña Juana de Acebedo,
948 786 1350 855 ayer tarde la libré
951 830 1350 897 en su infeliz paseo
950 874 1466 937 de un toro, y no conoció
964 918 1573 997 quien la libró de aquel riesgo,
968 975 1554 1046 pase por su casa hoy mismo
961 1025 1431 1100 y á un paje ó escudero
963 1070 1429 1149 pregunté por su salud:
955 1111 1481 1186 mas el bárbaro insolente
963 1168 1481 1237 me maltrató de palabras,
969 1219 1446 1286 yo falto de sufrimiento
964 1263 1500 1337 le he dado dos puñaladas,
966 1317 1536 1391 y de lo cual me arrepiento,
971 1362 1412 1436 donde por este delito
972 1416 1473 1475 habré de regir un remo.
960 1458 1504 1534 Me respondió; amigo mio,
970 1511 1429 1570 concedo con todo eso,
978 1550 1541 1628 pues me has dicho tu vida,
970 1610 1448 1668 contarte la mía quiero.
970 1656 1423 1719 Diez años fuí capitan
973 1702 1447 1768 de famosos vandoleros:
973 1745 1560 1813 quité vidas, robé haciendas,
982 1803 1424 1875 quité joyas y dineros,
975 1838 1470 1909 donde por estos delitos
977 1930 1604 2008 con tres sentencias de muerte
977 1994 1521 2055 sin tener ningun remedio;
985 2047 1457 2111 pero yo confio en Dios
981 2090 1541 2157 y en la Reina de los cielos,
975 2135 1558 2213 el alma es la que la mando,
978 2190 1549 2263 y pague el delito el cuerpo;
994 2242 1433 2309 pero vos, amigo mío,
987 2274 1586 2358 muy presto tendreis remedio.
991 2338 1428 2422 Una carta le escribió
