1765 2512
267 235 301 297 6
203 263 754 349 sus mejillás son dos rosas,
207 337 730 391 sus ojos son dos luceros.
207 382 761 438 Doña Juana, ve á tu cuarto
218 429 792 507 y á tu amor le pongas freno
217 480 728 549 que yo no igualo contigo
217 525 700 593 en calidad ni en dinero:
215 572 776 649 mira que tu padre es conde,
211 625 688 699 y yo de mi nacimiento
227 671 737 745 soy pobre aun es verdad.
223 720 821 779 que de buenos pensamientos,
217 774 788 835 buena sangre me acompaña
221 817 788 882 que heredé de mis abuelos.
229 867 715 946 Y la dama le responde:
229 916 680 979 concedo con todo eso,
230 966 721 1029 hija soy de Adan y Eva,
231 1012 778 1075 tú tambien eres lo mismo,
225 1062 700 1133 y por casarme contigo
223 1089 848 1183 yo no ofendo á Dios del cielo,
230 1154 836 1238 y pues que no ofendo á Dios,
223 1215 727 1277 contigo casarme quiero,
228 1259 900 1327 que eres hombre y donde quiera
234 1304 783 1377 que te fueses irme quiero,
229 1353 730 1426 que para nuestro regalo
232 1405 768 1465 cuatro mil doblones tengo
238 1445 792 1519 en el rincon de aquel arca,
234 1498 703 1552 atados en un lenzuelo,
242 1543 812 1614 por donde quiera que fueres
231 1593 699 1656 no te faltarán dineros.
245 1648 667 1700 Viendo la resolucion
238 1679 745 1761 el buen Alfonso Romero
239 1742 696 1800 gozó la mas bella flor,
239 1772 783 1847 la mejor dama del pueblo;
245 1835 784 1903 pero allá á la media noche
246 1880 839 1957 cuando todo está en silencio;
236 1935 650 1999 Romero se levantó,
245 1971 732 2050 y le dice: claro espejo
239 2016 814 2100 antes que seamos sentidos
239 2070 833 2149 busquemos nuestro remedio.
249 2128 709 2198 Y para mas brevedad,
249 2178 763 2242 ensilla un caballo negro,
247 2209 868 2288 y mientras lo está ensillando,
245 2271 800 2331 la dama con lindo acuerdo
245 2323 706 2397 le trajo dos carabinas,
245 2356 764 2445 y de su padre un coleto:
265 2417 738 2490 y ella se mudó de ropa,
929 244 1452 335 calzon, capa y sombrero:
931 312 1448 380 se salen la puerta afuera
939 358 1505 434 con gran cuidado y secreto,
933 410 1538 487 y á pocos pasos que han dado
938 455 1555 526 han tenido un mal encuentro,
945 506 1488 581 que les encontró la ronda,
945 555 1428 633 y al asistente con ellos
947 608 1515 668 que es padre de doña Juana
938 656 1412 720 y les dice: caballeros,
947 703 1557 770 ¿quién vá? tened, á la justicia,
949 746 1492 815 póngase luego en el suelo.
946 794 1484 867 En breve dió la respuesta,
946 843 1517 924 y fué matando uno de ellos
950 894 1440 970 al soplo de una pistola;
950 940 1502 1014 quedó tendido en el suelo,
949 995 1417 1063 y un corchete dilijente
955 1043 1580 1112 mas veloz que el pensamiento,
954 1088 1557 1151 asió el caballo de las riendas,
948 1139 1541 1211 pero lista mas que un truno,
954 1194 1392 1246 doña Juana le rompió
952 1229 1476 1296 con dos balazos el pecho.
955 1284 1528 1356 Quedaron los dos tendidos,
957 1334 1494 1402 pidiendo los sacramentos,
953 1382 1502 1445 y ellos se salen al campo,
958 1427 1518 1490 que vieron el cielo abierto.
953 1477 1456 1546 Toda la noche caminan;
958 1517 1518 1596 ya que viene amaneciendo,
963 1573 1476 1634 se ocultan en un arroyo
959 1614 1543 1683 entre unos árboles frescos,
960 1676 1466 1740 Dijo el galan á la dama;
964 1704 1615 1777 sabrás, mi bien, lo que siento,
971 1767 1462 1824 el verte ahora sentada
967 1801 1544 1882 en aqueste humilde suelo,
973 1865 1423 1928 no sabiendo tu pisar
967 1897 1625 1969 sino alfombras de gran precio!
969 1959 1478 2021 La enamorada responde
973 2003 1541 2080 por darle mayor consuelo:
975 2053 1562 2120 no he tenido yo en mi vida
970 2105 1630 2180 gusto como el que ahora tengo,
974 2153 1540 2230 no habrá para mi trabajos
965 2198 1583 2265 mientras tu fueres mi dueño;
969 2252 1436 2322 lo que quisiera saber
971 2289 1525 2357 donde vá tu pensamiento,
967 2351 1404 2426 y él dijo: solo en tí
976 2399 1454 2470 todo mi cuidado llevo.
