1765 2512
228 219 264 284 4
176 262 673 326 á asistente el mancebo,
180 308 763 383 y en su nombre se la envia,
182 366 699 427 diciendo: gran caballero,
182 406 732 471 de noble sangre é hidalgo,
180 462 683 527 y de Sevilla el gobierno,
189 509 725 573 duélete de un delincuente
184 552 793 629 que en la cárcel tienes preso.
189 602 660 665 Yo soy aquel que libré
186 656 637 723 ayer tarde en el paseo
186 704 701 764 de los brazos de la parca
190 756 653 817 á la que llaman espejo
188 792 740 866 de vuestra casa, y por ella
196 853 684 919 yo maltraté al escudero.
192 903 664 962 Perdóneme su señoría,
191 948 717 1007 por un yerro y otro yerro
201 991 738 1056 que si herí al mayordomo,
205 1048 697 1107 yo levanté hasta el cielo
195 1090 596 1158 á doña Juana, y así
200 1134 793 1193 que me deis libertad quiero.
197 1188 701 1253 Leyendo estaba la carta
200 1239 707 1305 el conde en el aposento;
201 1291 679 1351 la hija desde su cuarto
201 1332 676 1396 todo lo estaba oyendo;
199 1380 725 1452 respondió desde la cama
209 1427 721 1492 con altas voces diciendo:
200 1475 735 1536 no es esa paga de nobles,
209 1529 722 1596 por afrentada me tengo,
217 1571 740 1643 quien á mí me dió la vida
215 1626 842 1685 que ahora viva en un encierro,
215 1668 801 1728 A lo que el padre responde:
211 1724 674 1789 hija, no se deje preso,
209 1767 773 1825 te lo ofrezco, y al instante
221 1819 828 1883 que á un criado mando presto
209 1864 688 1926 á la cárcel, y pregunte
222 1908 734 1979 por este noble mancebo.
221 1957 778 2028 Se fué el criado á la cárcel,
216 2013 723 2078 dándole el recado luego.
225 2061 754 2127 Di á tu señor y mi ducño,
228 2105 753 2171 que estimo de su merced
222 2150 828 2218 los favores que me ha hecho:
218 2201 713 2273 aqui estoy para servirle
217 2260 719 2320 ahora y en todo tiempo;
229 2295 733 2366 mas que no puedo salir,
225 2344 821 2415 que tengo en la cárcel preso
234 2399 782 2469 á un deudo mio, y quisiera
905 236 1428 311 por él alcanzar lo mismo.
918 290 1466 358 Volvió el criado á su casa;
907 338 1409 409 pero doña Juana viendo
911 392 1412 454 que va solo le pregunta
907 439 1420 505 por este noble mancebo.
914 489 1413 543 Dice, Señora, que tiene
913 535 1444 599 dentro de la cárcel preso
915 577 1486 644 á un deudo suyo, y quisiera
911 631 1540 685 que hiciérais con èl lo mismo.
917 679 1406 743 Corre di que le suelten,
912 740 1518 795 y mas que no queden presos,
911 774 1504 836 siendo su gusto, que salgan,
923 825 1428 887 que deseo el conocerlos,
923 873 1494 931 Volvió el criado á la cárcel,
921 921 1512 992 los hecha fuera al momento;
918 975 1414 1036 salen los dos á la calle,
919 1018 1407 1086 Romero y el bandolero,
916 1071 1463 1131 tiernamente se abrazaron,
921 1118 1424 1173 estas palabras diciendo;
925 1162 1388 1232 amigo: guárdete Dios,
931 1210 1406 1284 que por tí la vida llevo;
935 1261 1417 1328 ¿con qué te podré pagar
932 1308 1389 1376 una vida que te debo?
927 1359 1440 1423 Se fueron juntos los dos:
927 1411 1455 1475 entrando Alonso Romero,
926 1453 1434 1520 saludando á doña Juana
927 1505 1424 1560 la contó todo el suceso,
934 1550 1390 1617 del modo y como pasó
935 1610 1456 1667 cuando hirió al escudero.
930 1650 1456 1716 Respondióle doña Juana;
937 1700 1578 1767 por cierto que está bueno esto,
939 1748 1536 1808 quien por mi salud pregunta
943 1796 1450 1852 en el alma lo agradezco;
942 1846 1487 1904 no ha de parar en mi casa
937 1892 1472 1951 una hora ni un momento.
946 1950 1466 2018 De allí fué á servir al rey,
947 1984 1611 2047 se embarcó en un barquichuelo,
950 2042 1506 2106 quedando con este encargo
945 2085 1452 2146 el buen Alonso Romero.
953 2138 1489 2196 Este es el primer romance
952 2185 1429 2249 que refiere este suceso,
945 2229 1418 2303 y en el segundo verán
956 2280 1529 2348 como este honrado mancebo
954 2335 1458 2391 se casó con doña Juana,
954 2385 1458 2446 dando aquí fin el suceso.
