1789 2458
208 198 271 260 8
169 231 786 316 que aunque soy hombre cruel
177 297 665 361 en este monte desierto,
168 346 609 421 no dejaré de pagarte
177 393 606 462 una vida que te devo
174 436 661 510 con darte la tuya ahora,
178 486 733 556 y la de tu dama en premio.
184 540 687 613 Ved aqui vuestro caudal,
181 586 747 657 vuestras prendas y dineros,
181 634 678 714 y tambien de mas á mas
186 672 728 754 recibe allá esos mil pesos:
183 734 745 810 si quieres que te acompañe
187 778 720 845 con todos mis compañeros
185 826 760 905 por donde quiera que fueres
187 878 740 938 iré en tu acompañamiento.
197 928 651 1003 Vivas mil años, amigo,
196 968 772 1043 que en el alma lo agradezco.
191 1028 611 1103 Aquel dia el capitan
190 1071 657 1145 los regaló cón conejos;
196 1116 648 1182 así que vino la noche,
193 1157 755 1248 tendiendo su manto negro,
190 1215 723 1291 montaron en sus caballos
204 1257 734 1342 que dejan atras el viento,
199 1309 657 1381 caminan toda la noche
198 1353 777 1436 hasta que fué amaneciendo;
196 1412 695 1475 se hallaron en Gibraltar
202 1450 813 1527 ya que el alba iba rompiendo,
205 1507 776 1580 hallan las puertas cerradas,
208 1557 696 1625 y como ban de secreto,
203 1604 709 1672 se apartaron del camino
212 1648 711 1715 á darle tributo al sueño.
210 1701 687 1763 Habia saltado en tierra
211 1747 749 1821 de moros un barquichuelo
211 1800 647 1875 que se iba á recoger,
210 1832 759 1913 y se encontraron con ellos,
213 1898 687 1966 entre los cuales venia
895 217 1339 298 el renegado soberbio
895 260 1446 345 el que sirvió á doña Juana,
896 322 1406 391 aquel que hirió Romero,
896 372 1340 442 y asi que los conoció
895 413 1429 487 esta plática les ha hecho:
909 469 1392 542 ¡Oh Señora doña Juana,
905 497 1479 582 como ya se trocó el tiempo,
911 565 1363 639 que si fui criado tuyo,
908 614 1351 678 ahora seré tu dueño;
909 667 1314 736 y á tu pulido galan
909 701 1405 777 estas heridas del pecho,
913 757 1461 837 que aqui las señales traigo,
917 808 1464 872 en mi casa daré el premio,
922 853 1449 928 que allí tengo una tahona
921 899 1428 971 para su entretenimiento,
914 952 1401 1017 Toda esta fiesta llevaba
921 986 1496 1061 con los dos cautivos nuevos;
921 1046 1454 1124 y Dios al que es su devoto
917 1095 1454 1162 socorre en tales aprietos.
919 1148 1495 1214 Cuando miraron se hallaron
922 1191 1501 1256 en manos de aquel armenio,
922 1238 1457 1314 del Papachin y su amada,
920 1292 1441 1352 se rindieron al momento.
933 1337 1499 1410 Viendo aquesto el renegado,
929 1389 1472 1456 como no logró su intento,
934 1431 1488 1506 se arrojó al mar, donde fuè
929 1482 1416 1563 sepultura de su cuerpo.
929 1531 1437 1612 Doña Juana muy gozosa,
934 1584 1435 1651 quedando libre Romero,
938 1632 1395 1692 entraron en Gibraltar;
939 1675 1421 1741 abrevian el casamiento.
934 1727 1461 1803 Súpolo despues su padre,
939 1774 1408 1839 el cual está satisfecho,
943 1820 1528 1898 y hoy viven los dos amantes
935 1873 1459 1946 muy alegres y contentos.
854 2067 1028 2180 FIN.
733 2310 1139 2382 CARMONA—1858.
299 2344 1548 2438 Imp. de D. José M. Moreno, calle Juana de la Cabra, núm. 4.
