1737 2508
1491 208 1532 271 7
190 269 781 351 No es eso lo que pregunto,
186 332 812 395 sino á qué patria ó que reino,
188 379 837 443 y si hemos de estar en Arcos
191 430 765 492 eso es lo que saber quiero.
192 480 732 544 Y él dice; á mi tierra no,
189 527 798 594 sino á otra parte mas lejos;
197 569 759 636 ya sabrás que en Gibraltar
186 623 702 689 un hermano mio tengo,
186 674 737 736 allá iremos, y en su casa
189 722 712 775 será nuestro casamiento.
182 767 698 835 Pasaron todo aquel dia
194 828 718 881 en este entretenimiento,
191 864 689 931 y apenas vino la noche
196 918 762 980 vuelven á montar ligeros,
194 971 787 1030 y al salir el Sol se hallaron
200 1021 727 1076 en unos montes espesos,
199 1064 693 1131 en las tierras de Jerez,
193 1115 725 1166 causa de su sentimiento,
202 1152 741 1223 donde hallaron una cueva,
202 1214 785 1278 y ambos se metieron dentro;
201 1246 766 1316 cuando miraron se hallaron
198 1298 822 1364 con veinte y seis bandoleros.
209 1347 768 1418 Quiso entonces defenderse,
206 1397 743 1465 y no se atrevió á hacerlo,
203 1454 708 1516 porque se vido cercado
209 1488 834 1556 con muchas armas de fuego.
202 1544 686 1610 Aqui sí que era el ver
214 1587 744 1657 los llantos y los lamentos
218 1648 668 1704 que doña Juana hacia
221 1696 770 1754 por ver á su amante preso,
217 1744 756 1802 y entre penas y suspiros
210 1781 778 1844 invocando á Dios del cielo.
222 1837 717 1889 A Romero lo despojan
221 1889 712 1947 de sus armas y dinero,
218 1936 729 2005 y atado de pies y manos
216 1979 752 2035 está tendido en el suelo,
222 2026 720 2090 tiernamente suspirando,
214 2076 717 2136 su fortuna maldiciendo:
226 2122 684 2187 no siente su vida ya,
219 2166 814 2242 mas lo que siente su pecho
226 2222 752 2271 es ver á su dulce espa sa
231 2271 850 2323 entre tanto lobo hambriento,
231 2313 858 2386 que como ven que es muger
227 2362 856 2435 y tiene en su rostro un cielo,
228 2409 763 2485 dentro de la cueva bailan
902 265 1439 334 los ladrones de contento.
902 320 1382 389 Salió el capitan afuera
906 358 1520 423 cubriendo su rostro en lienzo
908 409 1426 481 y á sus amigos les dice;
923 463 1516 529 ¡oh qué gran dicha tenemos,
918 514 1508 581 que aquesta pájara hermosa
920 555 1393 626 para mi regalo quiero!
916 613 1331 678 Ea, cojan al galan
915 650 1432 727 y para lograr mi intento
918 705 1464 769 amárrenlo en aquel árbol,
923 756 1602 820 que he de hacer con él un hecho,
922 799 1495 870 y ha de ser tirar al blanco;
923 847 1443 914 y miren que les advierto
926 908 1529 964 que aquel que no le acertase
925 954 1523 1004 con él he de hacer lo mesmo.
930 991 1420 1064 Ya puestos para tirarle,
930 1046 1420 1114 como tenian dispuesto,
924 1095 1410 1146 fué la linda doña Juana
925 1137 1494 1207 entrambos brazos abiertos,
930 1183 1503 1260 tapando á su esposo y dice:
921 1233 1476 1306 no permitas Dios del cielo
926 1291 1361 1356 que yo te vea morir,
930 1325 1476 1402 siendo yo la causa de ello,
934 1384 1429 1451 aqui moriremos ambos
943 1429 1524 1497 ya que no hay otro remedio.
941 1485 1450 1549 Volvió la cara al capitan,
931 1527 1450 1606 estas palabras diciendo:
938 1572 1440 1641 detente, señor, detente,
941 1626 1435 1694 pon á tu soberbia freno,
943 1668 1428 1738 ya que nos tienes allá
936 1717 1523 1787 nuestras prendas y dineros,
939 1767 1504 1837 las vidas por Bios te pido;
942 1819 1513 1882 mira que te mira el cielo,
936 1862 1534 1939 y que te ha de pedir cuenta
948 1923 1455 1977 en el tribunal supremo.
937 1961 1467 2028 Se enterneció el capitan,
942 2013 1470 2064 no de su lástima tierno,
940 2059 1495 2123 sino porque fué el traidor
953 2107 1416 2175 capitan de bandoleros
947 2154 1538 2226 que estuvo preso en Sevilla,
947 2210 1386 2276 y lo libertó Romero.
949 2256 1435 2319 Se quitó la mascarilla;
962 2303 1533 2360 descubriendo cara y pecho,
959 2353 1514 2409 dice: conóceme por amigo,
954 2398 1480 2468 no tengas ningun recelo,
