1616 2444
1193 142 1448 187 Número 24.
488 969 1294 1018 RELACION
211 1124 1565 1172 DE EL QUE METIO LA CABEZA
631 1235 1155 1279 POR UNA REJA.
238 1340 718 1377 Con el motivo señores
191 1389 725 1425 de haberse proporcionado
191 1438 747 1476 ocasion en que yo pueda
185 1486 599 1520 á tan ilustre teatro
187 1534 694 1571 servir con mi habilidad,
189 1583 866 1620 si es que alguna me ha quedado,
194 1631 704 1667 pues con la continuacion
191 1680 802 1715 de andar en tantos fandangos
186 1728 668 1763 la habilidad y la salud
197 1776 754 1815 va una y otra cuesta abajo,
190 1824 703 1861 es para mi cuesta arriba
185 1873 683 1909 el ponerme á ejecutarlo:
183 1922 755 1963 y porque con la esperiencia
187 1969 734 2010 y lo que tengo observado
197 2019 706 2055 en otros varios amigos
195 2067 826 2108 que en versos se han ocupado,
194 2116 736 2152 cuyos nombres no refiero
197 2165 864 2207 porque temo que al nombrarlos,
199 2213 739 2251 lo que mi verdad acredíta
191 2261 635 2303 será desacreditarlos;
917 1340 1471 1385 solamente he conseguido
927 1390 1484 1434 por servir á tantos, tantos,
925 1440 1548 1484 tras de munchas malas noches,
932 1488 1546 1531 tras de muchos malos ratos,
925 1536 1492 1579 tras de perder la montera,
922 1586 1462 1627 gorro, pañuelos, zapatos,
921 1634 1562 1676 lenterna, espada, y sombrero;
916 1680 1551 1725 y andar de noche á milagros:
919 1731 1484 1773 á el hágame uste el favor,
921 1778 1496 1823 á el bésele á uste la mano,
927 1827 1355 1868 el ser preciso gastar
917 1875 1442 1916 el dinero en convidarlos.
924 1924 1432 1964 Por todas estas razones
925 1973 1597 2016 lo que un hombre ha adelantado
923 2023 1561 2065 es, que la envidia de muchos
931 2071 1429 2112 que son unos pelagatos
925 2121 1393 2158 y no valen sus orejas
920 2171 1450 2208 para limpiarse un zapáto,
924 2218 1502 2260 venga ó no venga á ocasion,
922 2265 1425 2310 sean ó no preguntados,
