1765 2512
160 208 692 244 dicen. ¿quien? fulano, ¡ah!
163 256 663 292 es un hombre ordinario:
160 307 747 346 ¿y por qué? porque no ha ido
155 357 737 387 á servirlos siempre y cuando
161 401 675 437 á ellos se les ha ofrecido
159 449 664 485 el armar algun fandango
159 497 832 535 y aunque un hombe es bien nacido
163 548 729 582 y á Dios gracias mal criado,
157 594 722 630 sí es fandanguero, ninguno
172 642 660 678 quiere llevarle á su lado.
160 691 640 726 Por fin vamos al asunto
160 740 690 777 contaré un chiste pesado,
162 789 720 823 que me sucedió á mi mismo
164 836 722 874 habrá poco mas de un año,
159 884 741 920 el mismo mes de Setiembre,
161 932 809 968 que á Octubre es el inmediato.
165 981 597 1017 Salí pues á pasearme
168 1030 698 1066 con los pies en los sapatos
166 1078 675 1115 tan escarpines las suelas
166 1129 600 1164 y tan sutíl el calzado,
166 1176 660 1212 que todo el que me veia
168 1225 688 1261 pensaba que iba descalzo,
166 1272 652 1308 con unas medias calcetas
172 1323 664 1358 enseñando los zancajos,
172 1370 698 1405 con muchos puntos arriba
167 1419 629 1456 y no muy pocos abajo,
167 1467 551 1504 y por medio parecia
163 1516 679 1551 las habian picado grajos.
164 1563 678 1600 A el calzon de terciopelo,
168 1610 732 1648 solo el tercio le ha quedado,
165 1660 720 1696 que por ser el tercio viejos
165 1709 783 1744 calló el pelo y quedó el casco
165 1757 646 1794 este con hermana chupa
174 1806 630 1842 estaba tan hermanado
168 1854 735 1891 que aunque ella era de pelo
171 1904 643 1940 por lo fino quedó raso.
174 1952 734 1990 La capa aunque de invierno,
178 2000 626 2038 tambien era de verano,
176 2048 616 2085 de paño de grazalema
174 2098 720 2135 por lo claro de alto á bajo,
171 2146 681 2182 pues sin desarrebozarme
180 2194 714 2231 daba á cualquiera lá mano.
176 2242 670 2281 El sombrero era tan fino
166 2293 600 2330 y estaba tan afinado,
180 2342 787 2379 que daba á entender lo bueno
892 210 1398 244 del amo, y de él lo malo
893 257 1403 294 por fartarle goma y tinta
891 305 1478 341 siempre lo llevo en la mano:
896 353 1255 390 vean ustedes aqui
891 401 1376 437 todo mi adorno contado.
889 449 1408 489 En cuanto á ropa interior,
897 498 1396 537 si esto debo yo juzgarlo,
892 545 1368 584 en diciendo capuchino,
888 594 1334 632 todo queda rematado;
889 643 1408 680 en fin salí como he dicho
896 691 1406 727 y me fuí paso entre paso
891 739 1405 777 hacia el puente de la paja:
891 787 1396 826 apenas me hube sentado,
896 835 1422 874 cuando vi venir dos damas
894 884 1411 923 de esas que hay de tres al cuarto
894 934 1400 973 que me miraron atentas,
896 981 1392 1017 en su señas demostrando
899 1030 1437 1067 con grande encarecimiento
898 1079 1420 1116 que les habia de dar algo:
890 1128 1358 1164 en tocando á generoso,
900 1174 1400 1212 como yo soy tan bizarro,
895 1224 1405 1261 porque nunca me dijeran
890 1272 1482 1309 que anduve en el caso escaso
900 1320 1334 1356 la di de conversacion
898 1370 1451 1405 mas de tres horas o cuatro
897 1417 1291 1456 y luego las convidé
898 1467 1318 1501 para rezar el rosario,
903 1517 1363 1554 y por ser poco devótas
904 1565 1408 1597 sin admitir se marcharon.
899 1611 1468 1648 Como era noche de encierro,
891 1659 1339 1698 poco á poco paseando
896 1710 1368 1742 me fui hacia la carrera
899 1757 1435 1794 por si veia algun fandango
904 1805 1410 1841 encontré con dos amigos,
901 1854 1440 1889 despues que nos saludamos
906 1903 1334 1940 me dicen si quiero ir,
905 1952 1424 1987 porque van determinados
906 2000 1364 2036 á correr toda la noche
903 2048 1466 2085 como se dice un gran gallo.
904 2096 1454 2133 Corrimos muy bien la tuna,
897 2146 1514 2181 gastamos muy bien los cuartos
902 2194 1390 2231 pero gastaban los otros,
903 2243 1534 2279 porque si yo he de hablar claro
900 2290 1296 2328 no tenia que gastar
902 2340 1396 2378 sino gastaba mis cuatro.
