1765 2512
143 236 631 288 Estando en estas fatigas
154 289 604 335 vieron venir á lo largo
149 339 571 382 gente que traian luz,
159 382 651 432 entonces ellos pensando
161 429 703 480 que era la ronda se fueron,
151 481 661 532 y en el cepo me dejaron,
157 531 599 579 yo que los oigo decir,
157 574 769 624 la ronda viene, á Dios clamo,
157 625 685 672 que sudores, que fatigas,
167 672 703 720 llamaba á todos los Santos.
168 719 698 768 En este tiempo que llegan
163 770 715 817 los que por ronda juzgaron,
169 818 668 866 y no eran sino mosuelos
168 867 609 913 que se iban paseando;
177 915 669 961 llegaron allí y al verme
173 964 623 1008 todos se iban parando,
184 1011 688 1057 dice uno, mira que judas
183 1063 573 1105 en esa reja colgado,
176 1107 659 1153 otro dice ¿es la bandera
181 1153 711 1202 de algun tercio derrotado?
186 1202 723 1251 Señores, mayor vergüenza
192 1252 671 1299 en mi vida la he pasado:
192 1297 707 1347 otro chusco con la espada
196 1346 765 1397 en las nalgas me ha picado,
189 1394 739 1448 y con los pies me defiendo
187 1447 659 1496 yel repetia el picotazo.
195 1494 681 1542 Luego viene otro bufon
203 1546 613 1588 diciendo disimulado,
201 1591 735 1638 hay que lastima de mozo,
198 1640 631 1687 aqui lo mas acertado
202 1689 647 1735 es buscar una geringa
207 1734 713 1783 y con sal, pimienta y ajos
203 1786 629 1831 echarle una labativa;
211 1831 703 1880 que sí no lo refrescamos
207 1878 733 1928 puede darle un tabardillo;
207 1925 791 1977 si por suerte han encontrado
209 1978 727 2026 la geringa, me la encajan,
213 2023 747 2075 que estaban determinados
216 2073 705 2123 en hacerlo; pero en fin
215 2126 661 2170 ellos me desatacaron,
215 2172 749 2220 me dejan caer las bragas,
215 2218 745 2269 yo maldiciendo y votando
231 2267 735 2316 estaba hecho un veneno,
221 2313 791 2370 y ellos se estaban holgando
879 210 1465 262 cada vez que echaba un voto
877 265 1325 310 tomaba uno un zapato,
886 314 1331 359 otro me alzaba el pañal
890 362 1305 407 y me daba un azotazo
887 409 1350 456 decia, si eres blasfemo
884 456 1397 505 mira que aprieto la mano
884 505 1370 555 A los gritos que yo daba
893 554 1351 601 los vecinos inmediatos
891 602 1345 650 unos sacaban candiles,
894 650 1438 699 otros mechones de esparto,
899 697 1419 749 pues luego salió una vieja
898 748 1429 795 con un belon en la mano,
905 793 1487 843 diciendo, ay que espectáculo
905 843 1365 892 que dá lástima mirarlo.
905 890 1499 941 Luego un hombre compasivo,
908 939 1429 991 el que sin duda era Santo.
906 986 1431 1038 fué y trajo una palanqueta
903 1034 1383 1086 con la que fue retirando
911 1082 1449 1134 los hierros hasta que pude
910 1132 1377 1184 ir poco á poco sacando
917 1181 1328 1230 la cabeza, y me dejé
917 1227 1369 1280 todo el pellejo pegado
919 1276 1415 1328 en los infernales hierros
918 1325 1407 1376 y cayendo y tropezando,
925 1370 1473 1424 echo á andar la calle arriba
917 1418 1493 1473 y á pocos pasos que he dado,
923 1468 1413 1520 se me presenta la ronda
922 1519 1433 1569 yo como iba tan turbado,
926 1568 1331 1617 no pude darle razon
928 1612 1449 1665 á lo que me preguntaron.
933 1663 1433 1714 Se llenaron de sospecha,
938 1708 1493 1763 de los brazos me amarraron
935 1761 1437 1810 me metieron en la carcel,
936 1810 1359 1859 á otro dia informaron
979 1857 1405 1905 y á buena composicion
940 1907 1439 1954 me costó cuatro ducados;
943 1952 1469 2010 ¿no quedé con lucimiento?
935 2000 1465 2055 ¿no quedaré arresgostado
951 2047 1492 2103 por hablar con las Señoras?
949 2093 1559 2150 ¿no ha estado bonito el chasco
953 2143 1509 2200 ya escapé de aqui con bien
955 2193 1435 2248 y lo que tengo pensado
960 2239 1566 2296 es meterme en un convento
951 2292 1457 2351 y acabar mi vida Santo.
356 2396 1499 2462 CARMONA:=1857. Imprenta de D. Jose Maria Moreno.
