1737 2508
216 204 794 240 Llegamos por mi desgracia,
218 252 784 289 porque el lance fue pesado
220 300 679 337 á la calle de la Feria,
228 349 792 387 oigo un cerrojo y me paro
219 397 741 433 con lo claro de la noche,
220 446 834 481 porque alumbraba muy claio
228 493 682 531 la luna, vi en una reja
230 542 728 580 que meneava una mano,
225 590 809 626 llego y pregunto; ¿es á mi?
227 639 794 675 y me respondió, si, ingrato,
226 687 621 723 desconocido, cruel;
231 735 764 771 yo le respondi, es engaño,
232 784 726 819 señora, errásteis el tiro,
225 832 748 868 si serviros puedo en algo
238 879 748 916 vereis cual de ese sujeto
225 928 765 964 soy todo muy al contrario.
234 976 775 1011 Viendo yo que va de veras
233 1025 830 1064 y que á nadie se ha inclinado
229 1075 751 1110 de los tres si no es á mi,
233 1121 670 1158 alegre dije á mi sayo,
235 1169 673 1206 si le he parecido bien
235 1218 769 1254 sin duda soy aquí el amo:
240 1267 791 1303 les dije á mis compañeros
237 1313 715 1352 me esperasen mas abajo
240 1363 732 1401 que no pierdo la ocasion
232 1412 822 1448 que se me ha proporcionado
238 1460 762 1496 Diome mis satisfacciones,
238 1508 768 1545 de amor y celos tratamos,
232 1557 676 1594 y ya cansado de estar
236 1607 705 1643 con el gallipabo alzado,
235 1655 707 1690 le digo adorado dueño,
235 1703 709 1739 dadme licencia que un rato
235 1752 740 1788 me encarame en esa reja
244 1800 684 1835 á lograr mas imediato
247 1848 782 1886 de esos luceros las luces,
240 1897 837 1937 y el ambar de aquesos labios,
237 1946 685 1981 y sin aguadar razones
246 1994 706 2030 á la reja me encaramo
244 2042 696 2078 como está sín celosias
237 2091 694 2126 la cabeza fuí zoplando
243 2140 852 2177 por entre los mismos hierros,
245 2189 787 2224 y asi que la hube soplado
241 2237 811 2273 me quedé admirado en ver
245 2285 676 2321 un salero tan salado.
245 2334 701 2372 Por mi desgracia pasó
946 201 1479 240 un mozuelo con un hachón
945 250 1391 287 encendido, y la señora
947 299 1379 337 en mi traje reparado,
951 346 1411 385 y se va poniendo séria
947 397 1359 431 y del sitio retirándo;
951 443 1380 481 yo la dije, sol divino,
952 491 1443 529 esa entrañeza la estraño:
951 540 1432 578 dijo, arracando á correr,
956 588 1488 627 vayase con dos mil diablos,
960 637 1358 675 pelagatos, jarambel,
959 685 1412 722 espetera de guiñapos.
954 733 1390 770 Bonito quedé, y peor
955 781 1408 817 al procurar ir sacando
955 832 1452 867 la cabeza de los hierros,
958 879 1568 916 que por mas fuerzas que hago,
965 927 1458 964 por mas tirones que tiro,
953 977 1515 1015 y por mas fuerzas que trazo,
957 1026 1433 1058 en llegando á las orejas
963 1072 1528 1107 vuelvo á quedarme atascado;
957 1121 1482 1157 caramba dije á mi oreja,
959 1169 1475 1205 esto es ya peor que malo:
964 1218 1472 1253 tira que tira y los hierros,
967 1266 1588 1303 mas firme que dos mil diablos,
964 1314 1326 1351 la capa seme cayó,
970 1362 1458 1399 tambien andaba rodando
962 1410 1490 1447 los zapatos y el sombrero
964 1460 1564 1497 Los que estaban aguardando,
971 1508 1516 1545 viendo que yo me tardaba,
967 1556 1432 1592 á la reja se arrimaron,
967 1606 1512 1643 diciendo mira que es tarde,
964 1651 1454 1689 y me hallan pataleando:
973 1702 1567 1739 me preguntaron ¿que es eso?
973 1748 1436 1786 yo dije son mis pecados
975 1799 1487 1835 ó los diablos del infierno
972 1846 1580 1886 que á este sitio me arrimaron,
971 1895 1438 1932 ver si me podeis sacar
967 1944 1529 1981 aunque sea hecho pedazos.
975 1992 1539 2029 Viendo del modo que estaba
972 2042 1544 2081 entre los dos me agarraron,
978 2090 1384 2126 uno tira de los pies,
971 2138 1428 2176 otro tira de las manos,
979 2187 1470 2226 que era sacarme de allí,
978 2236 1412 2271 solo me iban sacando
973 2285 1395 2321 una vara de pescuezo
980 2334 1503 2372 y casi me iban ahorcando.
