1217 1760
435 140 569 185 6
14 197 1008 242 Sale Hombre l. Señor, por donde se vá á la es-
151 246 273 283 tafeta?
20 290 865 339 Dom. Por dónde? por ahí es camino llano.
38 341 802 387 Aqueste no es raton que es pelicano.
252 437 742 486 Dale, y quitale la capa.
13 535 622 577 Hom. 1. Ay que me ha dado!
900 544 1004 588 vase.
12 584 817 634 Sale Hombre. 2 Lleve el diablo la purga
48 638 310 676 y el purgado,
44 685 586 725 y tambien quien la aplica.
52 731 755 777 Me dará usted razon de la Betica?
28 779 269 822 Dom. Raton.
356 785 858 832 Hom. 2. Razon le digo.
23 831 877 881 Dom. Pues si dice razon, concedo, amigo.
176 928 816 978 Dale quitale la capa, y vase.
11 1027 982 1074 Hom. 2. Ay que me mata! aquí Dios y el Papa.
13 1075 616 1115 bale Per. Mataste al hombre?
21 1124 492 1163 Dom. No, maté la capa.
28 1172 850 1218 er O que indo oficial! segun lo vemos,
44 1221 736 1265 ricos en cuatro dias quedaremos.
24 1270 814 1316 Dom. Sí pelicanos son, es caso cierto;
42 1320 712 1362 pero si al tentarla yo no acierto,
48 1368 722 1411 siendo raton, Perico, no quisiera
40 1418 636 1458 caer como raton en ratonera.
234 1512 772 1560 Vase Períco con una capa.
23 1609 790 1661 Sale Val. Lleven los diablos el juego,
