1283 1743
494 67 1002 230 PELICANO Y RATON.
380 282 1104 333 Sale Domingo huyendo del Vejete.
243 371 970 419 Vej. Vaya el picaronazo, vaya, vaya,
289 419 982 467 y no me pase mas de aquesta raya.
284 466 991 516 No tienes ley, el cielo te destruya.
237 516 1046 567 Dom. Mil años que destruyó yo la suya.
244 565 1200 621 Vej. Sal de mi casa, y si entras mas, te digo...
242 613 1060 667 Dom. No las ha de tener todas conmigo.
429 716 1048 762 Sale Perico por otra puerta.
237 809 1081 860 Per. Lleve el diablo la casa, y el bellaco
292 858 779 904 que mas entrare en ella.
245 906 583 949 Vej. Señor caco,
284 956 968 1005 señor ladron famoso, salga luego,
286 1004 1236 1056 que declaro la guerra á sangre y fuego. vase.
241 1054 1102 1101 Per Señor Domingo, qué os ha sucedido?
230 1101 1174 1154 Dom. Que estoy, mi señor Lunes, despedido.
229 1151 968 1199 Per. Sal aquí, Boticario de no nada.
234 1198 1012 1248 Dom. Sal aquí, arbolario de ensalada.
240 1248 1039 1299 Per. Sal aquí, viejo clueco é importuno.
230 1296 1024 1348 Dom. Sal aquí, viejo tuerto y aceituno.
234 1344 1081 1398 Per. Sal pues, cara de alforjas y costales.
230 1393 1066 1446 Dom. Sal pues, cara de potras y orinales.
238 1442 1052 1493 Per. Sal pues, viejo potrilla y repotrilla
237 1493 1122 1542 Pom. Sal pues, viejo morcilla y remorcilla.
235 1542 1158 1594 Der. Sal, si eres hombre: en cólera rebiento.
