1283 1743
653 109 806 145 4
286 163 931 201 graduado con borla de baqueta.
230 211 1068 251 Per Qué no. Si te atreves á ir conmigo,
272 261 976 298 á sustentarte desde hoy me obligo.
281 311 593 349 Qué respondes?
225 359 856 397 Dom. Pardiez como comamos,
278 404 1144 444 mas que me ahorque de doscientos ramos.
235 451 995 493 Per. Iremos á Madrid, nos vestiremos
275 501 1039 541 de negro y con golilla, y beberemos
276 552 1037 590 del tinto bueno, que será una gloria:
282 603 974 640 comeremos la trucha y pepitoria,
281 651 961 689 buena vaca y carnero, rica polla,
278 699 1048 738 buen pernil de tocino y buena olla,
277 747 1020 787 lindo capon de leche en empanada,
279 797 1008 835 el gazapo y perdiz muy buien asada,
279 846 734 884 y la anguila bullendo,
283 896 1047 933 que ya parece que la estoy comiendo;
273 945 727 983 y con buena cordura
272 994 1002 1027 el rico salchichon de Estremadura,
275 1042 941 1078 la buena longaniza y escelente...
233 1090 790 1127 Dom. Tente, Perico, tente.
234 1140 894 1176 Per. Domingo, qué te ha dado?,
225 1186 1189 1224 Dom. Qué el salchichon aquí se ha atravesado.
225 1236 1026 1272 Per. Si á la gula te inclinas, por divisa
282 1286 762 1322 los tiernos palominos...
232 1335 605 1371 Dom. De camisa.
232 1384 1000 1418 Per. De camisa decís? ay tal trabajo!.
230 1430 1004 1467 Dom. Palominos serán de vuelo bajó:
281 1479 1128 1517 Qué hemos de hacer con tanta tremolina?,
229 1530 1123 1567 Per. Qué haremos? arrimate á esa esquina,
278 1581 926 1624 y si alguno llegase descuidado,
