1217 1760
477 146 619 188 8
59 205 773 248 y con golilla en fin el buen gazapo,
67 252 717 293 y todo con golilla es un harapo.
68 298 803 341 Con purga y estafeta me he quedado
59 347 815 389 eon carta blanca, pero bien purgado.
63 394 703 440 Qué hemos de hacer, borracho?
26 444 775 488 Per. Qué hemos de hacer, Domingo?
144 498 459 535 buen despacho!
67 541 815 583 lo que haremos ahora es consolarnos,
64 590 750 633 ir á tomar la sopa y espulgarnos.
23 639 819 682 Dom. Ya somos monacillos, y de veras
67 690 676 730 llevaremos ciriales á visperas.
19 736 871 780 Per. Calla pues, todo esto no te asombre,
74 785 906 832 que he de vengarme, ó no he de ser mas
160 841 338 876 hombre.
23 884 775 926 Sale Val. De quién se ha de vengar?
24 936 477 974 Per Señor, de naide.
32 982 815 1024 Val. Celébrese la burla con un baile.
339 1078 713 1120 Cantan y bailan.
241 1178 697 1216 Los ladrones de ogaño
200 1229 490 1268 son cicateros:
195 1278 707 1318 pues en vez de vestirse,
202 1327 590 1366 quedan en cueros.
245 1375 697 1411 Escarmienten señores,
193 1423 637 1464 con lo que han visto:
196 1473 651 1511 somos malos ladrones.
195 1523 518 1563 sí, vive crispo.
469 1616 581 1657 FIN.
