1338 1751
728 108 930 147 7
364 155 1056 204 y el ladron que fué á inventarlo.
359 201 937 249 Ocho escudos en dos pintas!
374 250 994 300 Vive cribas que es un diablo.
318 299 733 349 Dom. Raton, raton.
566 400 1086 450 Va á darle, y le dá á él.
324 494 918 542 Val. Si soy, mas me resisto.
322 542 1050 594 Dom. Caí en la ratonera, vive listo.
322 593 1178 648 Val. A mi el ladron? A desnudarse aprisa,
366 644 1118 696 que ha de dejar el sayo y la camisa,
374 691 1104 742 Con esto me desquito de mi suerte.
312 740 1268 793 Dom. Ah Periquito, ven, que estoy de muerte.
318 788 1307 842 Sale Per. Pues di, Domingo, qué te a sucedido?
312 836 1166 888 Dom. Qué otro gato mayor nos ha cojido.
329 882 1200 938 Val. Desnúdese él tambien: en qué porfia?
314 932 1150 988 Per Señor, yo no diré esta boca es mia.
330 981 1080 1034 Val. Quédense, ladroncillos cicateros,
356 1035 1162 1085 y agradezcan que no los dejo en cueros.
535 1135 1087 1182 Déjales en camisa y vase.
318 1227 1268 1281 Dom. Si quiere usted llevar lo que ha quedado,
361 1277 1082 1326 el sol me pegará do no ha pegado.
358 1327 1006 1373 Iremos á Madrid, nos vestiremos
356 1376 1060 1423 de negro y con golilla: comeremos,
354 1426 978 1470 beberemos, y todo con golilla;
364 1472 1072 1522 el rico salchichon, la empanadilla,
365 1522 814 1570 y la anguila bullendo,
370 1572 1118 1622 que ya parece que la estoy comiendo,
