1289 1751
441 147 587 189 3
19 202 870 242 Dom. Todas esas bravatas lleva el viento.
58 252 948 290 Qué hemos de hacer, decid, con tantos sales,
62 299 870 338 si el viejo nos ha echado á los portales?
8 346 976 388 Per. Qué hemos de hacer, decís? aqueso fuera
60 395 704 438 cuando oficio Perico no tuviera.
8 444 609 485 Dom. Pues qué oficio teneis?
8 492 370 530 Per. A tu deseo.
67 541 768 582 Yo, Domingo del alma, soy Poleo.
8 591 918 633 Dom. En gran riesgo, Perico, estais ahora,
57 639 876 682 que en hava cocha os echará una Mora.
59 688 577 729 Mas decid, qué es Poleo?
8 737 400 775 Per. Seor garduño,
55 786 755 827 que á bercebú la jugaré de puño.
7 835 952 874 Dom. Si no te aclaras mas, yo no te entiendo
60 884 853 921 en todo cuanto aquí me estás diciendo
16 932 923 972 Per. Que tu injenio á saber esto no alcance!
57 979 869 1023 Yo soy Ladron famoso en buen romance;
60 1032 704 1068 y si te vas conmigo, serás rico.
14 1079 968 1120 Dom. No me engañeis por Dios; andad, Perico,
10 1127 848 1166 Per. Pues qué imajina ahora tu malicia?
15 1177 920 1216 Dom. No sois vos de los que hace la justicia
65 1226 558 1261 (que muchos años viva)
58 1274 761 1313 Sagitarios de medio cuerpo arriba?
53 1323 650 1362 y con unas soletas remojadas.
51 1371 730 1409 les ponen las espaldas coloradas?
16 1421 828 1460 Per. Esos son ladroncillos muy rateros,
58 1467 924 1513 y no estrañan, Domigo, andar en cueros,
68 1515 873 1561 Yo soy ladron de estofa y de otro porte,
58 1567 760 1604 graduado en Sevilla y en la Corte.
16 1616 968 1655 Dom. Qué pensais que no entiendo aquesta treta?
