1338 1751
744 106 877 144 5
356 163 1133 197 dale un tiento á la capa con cuidado,
362 209 819 249 y cogiéndola al vuelo,
369 259 954 298 pelicano dirás, si tiene pelo;
358 307 732 347 si estuviere raida,
361 356 741 392 raton la llamarás.
316 404 808 442 Dom. Bien por mi vida:
364 454 1123 492 en fin decís (parece esto entorbiado)
363 501 1093 542 que si alguno llegáre, con cuidado
357 552 1157 589 le dé un tiento á la capa con la mano;
353 600 928 636 si estuviere raida, pelicano:
360 651 1004 688 y si tuviere pelo, por el tiento,
366 699 720 736 raton la llamaré.
316 747 734 785 Per. Lindo jumento!
364 795 1257 833 al reves que lo he dicho, lo has pensado;
362 843 1068 880 atiéndeme, y estudia con cuidado.
360 892 1048 930 Pelicano ha de ser, si tiene pelo;
368 939 939 979 y raton, si raida, majadero:
369 988 1011 1028 y cojeremos capas diez ó doce,
365 1038 1072 1075 dejándoles en hlanco y á las doce.
307 1088 931 1127 Dom. Ya estó en lo que decis:
357 1138 758 1175 si alguno de estos,
365 1186 1140 1224 por quitarle la capa, me hace gestos,
373 1233 862 1273 qué le tengo de hacer?
315 1283 788 1321 Per. Toma esta espada
363 1330 1043 1372 y siéntale un rebés ó cuchillada,
368 1380 922 1419 con que el miedo celebre,
367 1428 1077 1467 y le veras correr como una liebre,
365 1478 1317 1515 que es el miedo gallina. vase
315 1525 1231 1565 Dom. Gente viene arrimome á esta esquina,
376 1579 1009 1617 que ya el hambre me aprieta,
