1748 2480
1336 217 1559 299 (Núm. 98.)
302 332 1556 419 JUAN PORTELA.
332 1367 1493 1532 NUEVO ROMANCE,
199 1561 1626 1627 en el que se declara los robos y asesinatos
311 1610 1519 1702 que ha cometido el valeroso Portela en
439 1694 1380 1787 las inmediaciones de Córdoba.
237 1903 739 1975 Escuchen, señores mios,
199 1931 696 2013 les diré de Juan Portela,
200 2000 670 2058 el ladron mas afamado
200 2047 716 2092 de la gran Sierra Morena.
237 2089 758 2146 De mis padres fui querido,
199 2133 740 2192 todos los gustos me daban;
190 2174 732 2237 mas de verme yo perdido,
192 2219 692 2277 una muger fue la causa;
192 2269 674 2323 oscuchen, señores mios.
232 2304 745 2363 Nos dimos palabra cierta
198 2341 636 2407 para casarnos los dos,
195 2391 681 2451 puse mi aficion en ella,
922 1892 1418 1980 la que fué mi perdicion;
918 1954 1435 2018 les diré de Juan Portela.
963 2004 1476 2060 Fuí un labrador honrado
923 2037 1455 2102 que en Córdoba trabajaba;
927 2091 1401 2150 á una hacienda retirado
924 2139 1452 2196 y por querer á una dama,
922 2172 1483 2229 fui el ladron mas afamado.
965 2225 1506 2287 Sin tener de mi una queja
930 2266 1309 2329 esta jóven se casó
928 2297 1487 2378 con otro, y á mi me deja:
923 2350 1365 2411 cuya causa me llevó
927 2399 1420 2444 á la gran Sierra-Morena.
