1830 2597
564 248 1202 300 SEGUNDA PARTE EN DECIMAS.
216 379 730 442 A dar pienso á mi caballo
176 428 720 487 ¡ay de mi que soy perdido
176 470 651 526 en una casa de campo
180 513 671 576 veinte pasos del camino.
220 557 671 618 A este punto destinado
189 605 550 661 precipitado llegué,
185 648 587 703 por el amo pregunté
182 685 676 755 quedaron todos burlados;
179 734 668 795 ¿qué se ofrece caballero?
182 785 741 833 respondió luego un anciano.
210 825 746 884 —Esta gente que hace aquí?
206 865 806 927 —tres hombres están cenando:
202 908 674 972 —aquí teneis á Portela;
180 955 789 1006 darle un pienso á mi caballo.
232 1000 801 1059 Uno de ellos dió un suspiro,
183 1042 685 1100 de los tales que cenaban,
183 1089 671 1144 sus lágrimas derramaba,
189 1131 693 1192 cuando á Portela le dijo:
191 1175 720 1236 qué suerte tan desgraciada!
186 1218 659 1268 donde vas, desconocido?
190 1261 738 1319 tu padre me dió esta carta;
186 1307 655 1368 adelante, soy tu amigo;
189 1355 698 1399 en las manos de Portela
197 1394 732 1458 ¡ay de mí, que soy perdido!
236 1438 695 1500 Y leyendo con cuidado
185 1483 598 1540 estas palabras decia;
190 1528 693 1582 dte van á quitar la vida,
184 1570 667 1621 hijo mio, lo he pensado
192 1609 785 1671 que te marches de la España,
187 1663 695 1708 no cemetas mas estragos.
191 1703 729 1763 que en Córdoba, tu cabeza
187 1752 677 1798 ayer mismo pregonaron:»
203 1791 656 1847 ¡oh! que noticias recibo
188 1837 641 1896 en esta casa de campo.
238 1876 678 1938 Un año justo y seguido
193 1924 665 1982 de ladron mas afamado;
190 1968 727 2031 mi vida ya he despreciado;
189 2008 686 2069 que para nada la estimo,
197 2055 691 2115 vengan pollos y gallinas,
196 2105 709 2156 y á cenar todos conmigo:
194 2143 694 2203 y despues venga fandango
191 2197 692 2246 y buenos tragos de vino,
198 2233 727 2292 que este gasto yo lo pago
193 2282 683 2327 veinte pasos del camino.
233 2321 733 2376 A mi nada me acobarda,
192 2365 678 2423 me llaman el temerario,
193 2408 678 2469 facineroso en mi planta:
900 378 1440 439 cuando el trabuco disparo.
955 425 1463 485 Cuando llegó la mañana,
905 472 1389 522 le dije á mi compañero,
910 515 1406 565 como amigo te la entrego
911 559 1400 615 cuando llegues á mi casa
908 608 1375 659 á mi padré con secreto
909 648 1379 709 le entregarás esta carta,
915 691 1395 746 los dineros y el bolsillo,
913 728 1545 806 porque á mi no me hacen falta,
912 778 1398 832 y vivir todos tranquilos
916 823 1497 885 que á mi nada me acobarda.
955 863 1518 939 Bien montado en mi caballo
905 909 1361 974 de la casa me despido
913 955 1367 1008 me tiraron cinco tiros
914 1000 1396 1060 al subir por un barranco
915 1040 1383 1107 aqui te quiero, Portela,
910 1076 1491 1143 y amparandome de un árbol,
923 1127 1450 1192 dos heridos ban por tierra
923 1173 1464 1241 de un tremendo trabucazo,
914 1215 1425 1274 y quedó el leon guerrero;
911 1261 1393 1315 me llaman el temerario.
948 1306 1358 1364 Una partida de capa,
919 1339 1535 1400 diez hombres muy bien armados
920 1393 1428 1448 del Gobierno son pagados,
912 1440 1433 1489 y agarrarme se adelantan,
916 1481 1373 1540 todos somos andaluces,
914 1531 1424 1582 fanfarrones no me bastan,
923 1569 1387 1632 y al salir de unos pinos
920 1610 1383 1671 me tiran otra descarga,
923 1660 1375 1712 me mataron el caballo,
921 1701 1415 1763 fascineroso en mi planta.
964 1743 1488 1801 Cuando me ví desmontado
917 1783 1362 1849 de setimiento lloraba,
916 1833 1361 1894 á unas peñas retiraba,
923 1879 1451 1944 cuando todos me cercaron.
925 1917 1412 1979 dáte, dáte, Juan Portela:
916 1968 1386 2022 ocho tiros me arrojaron
921 2008 1474 2065 los que hirieron al valiente
925 2058 1421 2114 de la cabeza y un brazo,
927 2099 1418 2159 de sangre bañado estaba,
920 2153 1433 2205 cuando el trabuco disparo.
973 2185 1435 2248 Ya perdí las esperanzas,
924 2230 1392 2290 de mis padres el honor,
921 2276 1422 2340 las fuerzas me faltan ya,
924 2320 1401 2382 del cielo baje el perdon,
926 2367 1415 2428 la sangre que derramaba
926 2404 1367 2461 me cubria el corazon;
