<?xml version="1.0" encoding="UTF-8" standalone="yes"?>
<PcGts xmlns="http://schema.primaresearch.org/PAGE/gts/pagecontent/2013-07-15" xmlns:xsi="http://www.w3.org/2001/XMLSchema-instance" xsi:schemaLocation="http://schema.primaresearch.org/PAGE/gts/pagecontent/2013-07-15 http://schema.primaresearch.org/PAGE/gts/pagecontent/2013-07-15/pagecontent.xsd">
    <Metadata>
        <Creator>prov=University of Rostock/Institute of Mathematics/CITlab|PLANET AI GmbH/Gundram Leifert/gundram.leifert@planet-ai.de:name=Pliegos de Cordel (XIXe) - v4(htr_id=27283)::::v=2.6.7
prov=University of Rostock/Institute of Mathematics/CITlab|PLANET AI GmbH/Tobias Gruening/tobias.gruening@planet-ai.de:name=de.uros.citlab.module.baseline2polygon.B2PSeamMultiOriented:v=2.6.7
prov=University of Rostock/Institute of Mathematics/CITlab|PLANET AI GmbH/Tobias Gruening/tobias.gruening@planet-ai.de:name=/net_tf/LA73_249_0mod360.pb:de.uros.citlab.segmentation.CITlab_LA_ML:v=2.6.7
Transkribus</Creator>
        <Created>2020-12-04T14:17:51.178+01:00</Created>
        <LastChange>2020-12-18T16:17:21.600+01:00</LastChange>
        <Comments>
                Measurement unit: pixel
                PrimaryLanguage: 
                Producer: Transkribus
            </Comments>
        <TranskribusMetadata docId="525392" pageId="22319500" pageNr="153" tsid="50433821" status="DONE" userId="66244" imgUrl="https://files.transkribus.eu/Get?id=PBPTIQUUAMXLSDBZIQAJZTBF&amp;fileType=view" xmlUrl="https://files.transkribus.eu/Get?id=WZWZFSTYXDMVLWAAJOPTIIQY" imageId="17389015"/>
    </Metadata>
    <Page imageFilename="Moreno_295_3.jpeg" imageWidth="1737" imageHeight="2508">
        <PrintSpace>
            <Coords points="0,0 1737,0 1737,2508 0,2508"/>
        </PrintSpace>
        <ReadingOrder>
            <OrderedGroup id="ro_1608304711118" caption="Regions reading order">
                <RegionRefIndexed index="0" regionRef="r_1_1"/>
                <RegionRefIndexed index="1" regionRef="r_2_1"/>
                <RegionRefIndexed index="2" regionRef="r_3_1"/>
                <RegionRefIndexed index="3" regionRef="r_4_1"/>
                <RegionRefIndexed index="4" regionRef="r_5_1"/>
                <RegionRefIndexed index="5" regionRef="r_6_1"/>
                <RegionRefIndexed index="6" regionRef="r_7_1"/>
                <RegionRefIndexed index="7" regionRef="r_8_1"/>
                <RegionRefIndexed index="8" regionRef="r_9_1"/>
            </OrderedGroup>
        </ReadingOrder>
        <TextRegion type="paragraph" id="r_1_1" custom="readingOrder {index:0;}">
            <Coords points="1529,84 1567,84 1567,135 1529,135"/>
            <TextLine id="line_1608304614488_2270" custom="readingOrder {index:0;}">
                <Coords points="1523,78 1570,78 1570,135 1523,135"/>
                <TextEquiv>
                    <Unicode>3</Unicode>
                </TextEquiv>
            </TextLine>
            <TextEquiv>
                <Unicode>3</Unicode>
            </TextEquiv>
        </TextRegion>
        <TextRegion orientation="0.0" type="paragraph" id="r_2_1" custom="readingOrder {index:1;}">
            <Coords points="238,135 850,135 850,489 238,489"/>
            <TextLine id="r_2_1l1" custom="readingOrder {index:0;}">
                <Coords points="247,188 276,188 306,188 335,189 365,189 395,189 424,189 454,189 484,189 513,189 543,189 573,189 602,189 632,189 662,188 691,188 721,187 751,185 780,184 810,183 840,181 840,147 810,149 780,150 751,151 721,153 691,154 662,154 632,155 602,155 573,155 543,155 513,155 484,155 454,155 424,155 395,155 365,155 335,155 306,154 276,154 247,154"/>
                <Baseline points="247,177 276,177 306,177 335,178 365,178 395,178 424,178 454,178 484,178 513,178 543,178 573,178 602,178 632,178 662,177 691,177 721,176 751,174 780,173 810,172 840,170"/>
                <TextEquiv>
                    <Unicode>á dar gusto á mi pasion;</Unicode>
                </TextEquiv>
            </TextLine>
            <TextLine id="r_2_1l2" custom="readingOrder {index:1;}">
                <Coords points="247,235 277,236 307,237 337,237 367,238 397,238 427,238 457,238 487,238 517,237 548,237 578,236 608,236 638,236 668,235 698,234 728,234 758,233 788,233 818,233 849,232 849,198 818,199 788,199 758,199 728,200 698,200 668,201 638,202 608,202 578,202 548,203 517,203 487,204 457,204 427,204 397,204 367,204 337,203 307,203 277,202 247,201"/>
                <Baseline points="247,224 277,225 307,226 337,226 367,227 397,227 427,227 457,227 487,227 517,226 548,226 578,225 608,225 638,225 668,224 698,223 728,223 758,222 788,222 818,222 849,221"/>
                <TextEquiv>
                    <Unicode>y si encuentro al mesonero</Unicode>
                </TextEquiv>
            </TextLine>
            <TextLine id="r_2_1l3" custom="readingOrder {index:2;}">
                <Coords points="242,286 267,286 292,286 318,287 343,287 368,286 394,286 419,286 444,286 470,285 495,285 520,285 546,284 571,284 596,283 622,283 647,282 672,282 698,281 723,281 749,280 749,246 723,247 698,247 672,248 647,248 622,249 596,249 571,250 546,250 520,251 495,251 470,251 444,252 419,252 394,252 368,252 343,253 318,253 292,252 267,252 242,252"/>
                <Baseline points="242,275 267,275 292,275 318,276 343,276 368,275 394,275 419,275 444,275 470,274 495,274 520,274 546,273 571,273 596,272 622,272 647,271 672,271 698,270 723,270 749,269"/>
                <TextEquiv>
                    <Unicode>le diré que en un meson</Unicode>
                </TextEquiv>
            </TextLine>
            <TextLine id="r_2_1l4" custom="readingOrder {index:3;}">
                <Coords points="249,333 276,334 303,335 330,335 358,335 385,335 412,335 440,334 467,334 494,333 522,333 549,332 576,332 604,331 631,331 658,331 686,331 713,331 740,332 768,333 768,299 740,298 713,297 686,297 658,297 631,297 604,297 576,298 549,298 522,299 494,299 467,300 440,300 412,301 385,301 358,301 330,301 303,301 276,300 249,299"/>
                <Baseline points="249,322 276,323 303,324 330,324 358,324 385,324 412,324 440,323 467,323 494,322 522,322 549,321 576,321 604,320 631,320 658,320 686,320 713,320 740,321 768,322"/>
                <TextEquiv>
                    <Unicode>puede cualquier arriero...</Unicode>
                </TextEquiv>
            </TextLine>
            <TextLine id="r_2_1l5" custom="readingOrder {index:4;}">
                <Coords points="299,384 326,384 353,383 380,382 407,382 434,381 461,381 488,380 515,380 542,380 569,380 596,379 623,379 650,379 677,379 704,380 731,380 758,380 785,381 812,382 839,382 839,349 812,349 785,348 758,347 731,347 704,347 677,346 650,346 623,346 596,346 569,347 542,347 515,347 488,347 461,348 434,348 407,349 380,349 353,350 326,351 299,351"/>
                <Baseline points="299,373 326,373 353,372 380,371 407,371 434,370 461,370 488,369 515,369 542,369 569,369 596,368 623,368 650,368 677,368 704,369 731,369 758,369 785,370 812,371 839,371"/>
                <TextEquiv>
                    <Unicode>Lo primero que un soldado</Unicode>
                </TextEquiv>
            </TextLine>
            <TextLine id="r_2_1l6" custom="readingOrder {index:5;}">
                <Coords points="241,432 269,431 297,431 325,430 354,430 382,429 410,429 439,429 467,428 495,428 524,428 552,428 580,428 608,428 637,428 665,428 693,428 722,429 750,429 778,430 807,430 807,397 778,397 750,396 722,396 693,395 665,395 637,395 608,395 580,395 552,395 524,395 495,395 467,395 439,396 410,396 382,396 354,397 325,397 297,398 269,398 241,399"/>
                <Baseline points="241,421 269,420 297,420 325,419 354,419 382,418 410,418 439,418 467,417 495,417 524,417 552,417 580,417 608,417 637,417 665,417 693,417 722,418 750,418 778,419 807,419"/>
                <TextEquiv>
                    <Unicode>lleva siempre en la memoria</Unicode>
                </TextEquiv>
            </TextLine>
            <TextLine id="r_2_1l7" custom="readingOrder {index:6;}">
                <Coords points="252,478 278,478 305,478 331,478 358,478 385,478 411,478 438,478 464,478 491,478 518,478 544,478 571,478 597,478 624,478 651,479 677,479 704,479 730,480 757,481 784,482 784,448 757,447 730,446 704,445 677,445 651,445 624,444 597,444 571,444 544,444 518,444 491,444 464,444 438,444 411,444 385,444 358,444 331,444 305,444 278,444 252,444"/>
                <Baseline points="252,467 278,467 305,467 331,467 358,467 385,467 411,467 438,467 464,467 491,467 518,467 544,467 571,467 597,467 624,467 651,468 677,468 704,468 730,469 757,470 784,471"/>
                <TextEquiv>
                    <Unicode>si es que se queda alojado,</Unicode>
                </TextEquiv>
            </TextLine>
            <TextEquiv>
                <Unicode>á dar gusto á mi pasion;
y si encuentro al mesonero
le diré que en un meson
puede cualquier arriero...
Lo primero que un soldado
lleva siempre en la memoria
si es que se queda alojado,</Unicode>
            </TextEquiv>
        </TextRegion>
        <TextRegion orientation="0.0" type="paragraph" id="r_3_1" custom="readingOrder {index:2;}">
            <Coords points="973,133 1557,133 1557,490 973,490"/>
            <TextLine id="r_3_1l1" custom="readingOrder {index:0;}">
                <Coords points="987,188 1012,189 1037,189 1062,189 1087,189 1112,189 1137,189 1162,189 1187,188 1212,188 1237,187 1262,187 1287,186 1312,186 1337,186 1362,186 1387,186 1413,187 1413,153 1387,152 1362,152 1337,152 1312,152 1287,152 1262,153 1237,153 1212,154 1187,154 1162,155 1137,155 1112,155 1087,155 1062,155 1037,155 1012,155 987,154"/>
                <Baseline points="987,177 1012,178 1037,178 1062,178 1087,178 1112,178 1137,178 1162,178 1187,177 1212,177 1237,176 1262,176 1287,175 1312,175 1337,175 1362,175 1387,175 1413,176"/>
                <TextEquiv>
                    <Unicode>y le gusta la patrona:</Unicode>
                </TextEquiv>
            </TextLine>
            <TextLine id="r_3_1l2" custom="readingOrder {index:1;}">
                <Coords points="984,239 1012,239 1040,238 1068,238 1096,237 1124,237 1152,236 1180,236 1208,236 1236,236 1264,235 1292,235 1320,235 1348,235 1376,234 1404,234 1432,234 1460,234 1488,234 1516,233 1545,233 1545,199 1516,199 1488,200 1460,200 1432,200 1404,200 1376,200 1348,201 1320,201 1292,201 1264,201 1236,202 1208,202 1180,202 1152,202 1124,203 1096,203 1068,204 1040,204 1012,205 984,205"/>
                <Baseline points="984,228 1012,228 1040,227 1068,227 1096,226 1124,226 1152,225 1180,225 1208,225 1236,225 1264,224 1292,224 1320,224 1348,224 1376,223 1404,223 1432,223 1460,223 1488,223 1516,222 1545,222"/>
                <TextEquiv>
                    <Unicode>dar un pienso á su caballo.</Unicode>
                </TextEquiv>
            </TextLine>
            <TextLine id="r_3_1l3" custom="readingOrder {index:2;}">
                <Coords points="1016,285 1041,285 1067,285 1093,284 1119,284 1145,284 1171,284 1197,284 1223,283 1249,283 1274,283 1300,283 1326,283 1352,283 1378,283 1404,282 1430,282 1456,282 1482,282 1508,282 1508,248 1482,248 1456,248 1430,248 1404,248 1378,249 1352,249 1326,249 1300,249 1274,249 1249,249 1223,249 1197,250 1171,250 1145,250 1119,250 1093,250 1067,251 1041,251 1016,251"/>
                <Baseline points="1016,274 1041,274 1067,274 1093,273 1119,273 1145,273 1171,273 1197,273 1223,272 1249,272 1274,272 1300,272 1326,272 1352,272 1378,272 1404,271 1430,271 1456,271 1482,271 1508,271"/>
                <TextEquiv>
                    <Unicode>En un molino me atrevo</Unicode>
                </TextEquiv>
            </TextLine>
            <TextLine id="r_3_1l4" custom="readingOrder {index:3;}">
                <Coords points="977,334 1003,334 1029,334 1056,334 1082,334 1108,334 1135,334 1161,333 1187,333 1214,332 1240,332 1266,332 1293,331 1319,331 1345,331 1372,331 1398,332 1424,332 1451,333 1451,299 1424,298 1398,298 1372,297 1345,297 1319,297 1293,297 1266,298 1240,298 1214,298 1187,299 1161,299 1135,300 1108,300 1082,300 1056,300 1029,300 1003,300 977,300"/>
                <Baseline points="977,323 1003,323 1029,323 1056,323 1082,323 1108,323 1135,323 1161,322 1187,322 1214,321 1240,321 1266,321 1293,320 1319,320 1345,320 1372,320 1398,321 1424,321 1451,322"/>
                <TextEquiv>
                    <Unicode>á moler con tanto afan,</Unicode>
                </TextEquiv>
            </TextLine>
            <TextLine id="r_3_1l5" custom="readingOrder {index:4;}">
                <Coords points="977,383 1002,383 1028,383 1053,382 1079,382 1104,382 1130,381 1155,381 1181,381 1206,380 1232,380 1257,380 1283,380 1308,380 1334,380 1359,380 1385,381 1410,381 1436,382 1436,349 1410,348 1385,348 1359,347 1334,347 1308,347 1283,347 1257,347 1232,347 1206,347 1181,348 1155,348 1130,348 1104,349 1079,349 1053,349 1028,350 1002,350 977,350"/>
                <Baseline points="977,372 1002,372 1028,372 1053,371 1079,371 1104,371 1130,370 1155,370 1181,370 1206,369 1232,369 1257,369 1283,369 1308,369 1334,369 1359,369 1385,370 1410,370 1436,371"/>
                <TextEquiv>
                    <Unicode>y á vaciarle el granero,</Unicode>
                </TextEquiv>
            </TextLine>
            <TextLine id="r_3_1l6" custom="readingOrder {index:5;}">
                <Coords points="977,431 1003,431 1030,431 1057,430 1084,430 1111,430 1137,429 1164,429 1191,429 1218,429 1245,429 1271,429 1298,428 1325,428 1352,428 1379,428 1405,428 1432,428 1459,428 1486,428 1513,428 1513,395 1486,395 1459,395 1432,395 1405,395 1379,395 1352,395 1325,395 1298,395 1271,396 1245,396 1218,396 1191,396 1164,396 1137,396 1111,397 1084,397 1057,397 1030,398 1003,398 977,398"/>
                <Baseline points="977,420 1003,420 1030,420 1057,419 1084,419 1111,419 1137,418 1164,418 1191,418 1218,418 1245,418 1271,418 1298,417 1325,417 1352,417 1379,417 1405,417 1432,417 1459,417 1486,417 1513,417"/>
                <TextEquiv>
                    <Unicode>y despues comerme el pan:</Unicode>
                </TextEquiv>
            </TextLine>
            <TextLine id="r_3_1l7" custom="readingOrder {index:6;}">
                <Coords points="983,480 1011,481 1039,481 1067,481 1095,481 1123,480 1151,480 1179,480 1207,479 1235,479 1264,479 1292,478 1320,478 1348,478 1376,477 1404,477 1432,477 1460,477 1488,477 1516,477 1545,478 1545,444 1516,443 1488,443 1460,443 1432,443 1404,443 1376,443 1348,444 1320,444 1292,444 1264,445 1235,445 1207,445 1179,446 1151,446 1123,446 1095,447 1067,447 1039,447 1011,447 983,446"/>
                <Baseline points="983,469 1011,470 1039,470 1067,470 1095,470 1123,469 1151,469 1179,469 1207,468 1235,468 1264,468 1292,467 1320,467 1348,467 1376,466 1404,466 1432,466 1460,466 1488,466 1516,466 1545,467"/>
                <TextEquiv>
                    <Unicode>sin que lo conozca el dueño.</Unicode>
                </TextEquiv>
            </TextLine>
            <TextEquiv>
                <Unicode>y le gusta la patrona:
dar un pienso á su caballo.
En un molino me atrevo
á moler con tanto afan,
y á vaciarle el granero,
y despues comerme el pan:
sin que lo conozca el dueño.</Unicode>
            </TextEquiv>
        </TextRegion>
        <TextRegion orientation="0.0" type="paragraph" id="r_4_1" custom="readingOrder {index:3;}">
            <Coords points="656,589 1292,589 1292,798 656,798"/>
            <TextLine id="r_4_1l1" custom="readingOrder {index:0;}">
                <Coords points="715,643 743,642 771,642 800,642 828,642 857,642 885,643 914,643 942,643 971,643 999,643 1027,644 1056,644 1084,644 1113,644 1141,644 1170,643 1198,643 1227,643 1255,642 1284,641 1284,605 1255,606 1227,607 1198,607 1170,607 1141,608 1113,608 1084,608 1056,608 1027,608 999,607 971,607 942,607 914,607 885,607 857,606 828,606 800,606 771,606 743,606 715,607"/>
                <Baseline points="715,631 743,630 771,630 800,630 828,630 857,630 885,631 914,631 942,631 971,631 999,631 1027,632 1056,632 1084,632 1113,632 1141,632 1170,631 1198,631 1227,631 1255,630 1284,629"/>
                <TextEquiv>
                    <Unicode>Solo te encargo que guardes</Unicode>
                </TextEquiv>
            </TextLine>
            <TextLine id="r_4_1l2" custom="readingOrder {index:1;}">
                <Coords points="660,687 691,689 723,691 754,692 786,692 818,692 849,692 881,692 912,692 944,691 976,691 1007,691 1039,691 1070,691 1102,691 1134,692 1165,694 1197,696 1228,699 1260,703 1292,706 1292,672 1260,669 1228,665 1197,662 1165,660 1134,658 1102,657 1070,657 1039,657 1007,657 976,657 944,657 912,658 881,658 849,658 818,658 786,658 754,658 723,657 691,655 660,653"/>
                <Baseline points="660,676 691,678 723,680 754,681 786,681 818,681 849,681 881,681 912,681 944,680 976,680 1007,680 1039,680 1070,680 1102,680 1134,681 1165,683 1197,685 1228,688 1260,692 1292,695"/>
                <TextEquiv>
                    <Unicode>el secreto hasta que quiera</Unicode>
                </TextEquiv>
            </TextLine>
            <TextLine id="r_4_1l3" custom="readingOrder {index:2;}">
                <Coords points="665,740 690,740 716,740 741,740 767,740 792,740 818,740 843,740 869,740 894,740 920,740 945,740 971,740 996,740 1022,740 1047,740 1073,739 1098,739 1124,738 1124,704 1098,705 1073,705 1047,706 1022,706 996,706 971,706 945,706 920,706 894,706 869,706 843,706 818,706 792,706 767,706 741,706 716,706 690,706 665,706"/>
                <Baseline points="665,729 690,729 716,729 741,729 767,729 792,729 818,729 843,729 869,729 894,729 920,729 945,729 971,729 996,729 1022,729 1047,729 1073,728 1098,728 1124,727"/>
                <TextEquiv>
                    <Unicode>darnos el Cielo ocasion</Unicode>
                </TextEquiv>
            </TextLine>
            <TextLine id="r_4_1l4" custom="readingOrder {index:3;}">
                <Coords points="660,789 691,790 723,791 754,791 786,791 818,790 849,790 881,789 912,789 944,788 976,788 1007,788 1039,788 1070,788 1102,789 1134,790 1165,792 1197,794 1228,798 1260,801 1292,805 1292,771 1260,767 1228,764 1197,760 1165,758 1134,756 1102,755 1070,754 1039,754 1007,754 976,754 944,754 912,755 881,755 849,756 818,756 786,757 754,757 723,757 691,756 660,755"/>
                <Baseline points="660,778 691,779 723,780 754,780 786,780 818,779 849,779 881,778 912,778 944,777 976,777 1007,777 1039,777 1070,777 1102,778 1134,779 1165,781 1197,783 1228,787 1260,790 1292,794"/>
                <TextEquiv>
                    <Unicode>de lograr la dicha nuestra..</Unicode>
                </TextEquiv>
            </TextLine>
            <TextEquiv>
                <Unicode>Solo te encargo que guardes
el secreto hasta que quiera
darnos el Cielo ocasion
de lograr la dicha nuestra..</Unicode>
            </TextEquiv>
        </TextRegion>
        <TextRegion orientation="0.0" type="paragraph" id="r_5_1" custom="readingOrder {index:4;}">
            <Coords points="241,838 921,838 921,1336 241,1336"/>
            <TextLine id="r_5_1l1" custom="readingOrder {index:0;}">
                <Coords points="296,894 323,893 350,893 377,893 404,893 432,892 459,892 486,892 513,892 540,892 568,892 595,892 622,893 649,893 676,893 704,893 731,893 758,893 785,893 812,892 840,892 840,859 812,859 785,860 758,860 731,860 704,860 676,860 649,860 622,860 595,859 568,859 540,859 513,859 486,859 459,859 432,859 404,860 377,860 350,860 323,860 296,861"/>
                <Baseline points="296,883 323,882 350,882 377,882 404,882 432,881 459,881 486,881 513,881 540,881 568,881 595,881 622,882 649,882 676,882 704,882 731,882 758,882 785,882 812,881 840,881"/>
                <TextEquiv>
                    <Unicode>Que te quiero bien lo sabes</Unicode>
                </TextEquiv>
            </TextLine>
            <TextLine id="r_5_1l2" custom="readingOrder {index:1;}">
                <Coords points="247,941 273,941 299,940 325,940 351,940 377,940 403,940 430,940 456,940 482,940 508,940 534,940 560,940 587,940 613,940 639,941 665,941 691,941 717,941 744,942 744,909 717,908 691,908 665,908 639,908 613,907 587,907 560,907 534,907 508,907 482,907 456,907 430,907 403,907 377,907 351,907 325,907 299,907 273,908 247,908"/>
                <Baseline points="247,930 273,930 299,929 325,929 351,929 377,929 403,929 430,929 456,929 482,929 508,929 534,929 560,929 587,929 613,929 639,930 665,930 691,930 717,930 744,931"/>
                <TextEquiv>
                    <Unicode>aunque voy disimulando;</Unicode>
                </TextEquiv>
            </TextLine>
            <TextLine id="r_5_1l3" custom="readingOrder {index:2;}">
                <Coords points="245,987 270,988 296,988 322,989 348,989 374,989 400,989 425,989 451,989 477,989 503,989 529,988 555,988 581,988 606,989 632,989 658,989 684,990 710,991 736,992 762,993 762,960 736,959 710,958 684,957 658,956 632,956 606,956 581,955 555,955 529,955 503,956 477,956 451,956 425,956 400,956 374,956 348,956 322,956 296,955 270,955 245,954"/>
                <Baseline points="245,976 270,977 296,977 322,978 348,978 374,978 400,978 425,978 451,978 477,978 503,978 529,977 555,977 581,977 606,978 632,978 658,978 684,979 710,980 736,981 762,982"/>
                <TextEquiv>
                    <Unicode>siento mucho tus pesares;</Unicode>
                </TextEquiv>
            </TextLine>
            <TextLine id="r_5_1l4" custom="readingOrder {index:3;}">
                <Coords points="248,1037 274,1038 300,1038 326,1038 352,1038 379,1039 405,1039 431,1039 457,1039 483,1039 510,1038 536,1038 562,1038 588,1038 614,1038 641,1038 667,1038 693,1038 719,1038 745,1039 772,1039 772,1006 745,1006 719,1005 693,1005 667,1005 641,1005 614,1005 588,1005 562,1005 536,1005 510,1005 483,1006 457,1006 431,1006 405,1006 379,1006 352,1005 326,1005 300,1005 274,1005 248,1004"/>
                <Baseline points="248,1026 274,1027 300,1027 326,1027 352,1027 379,1028 405,1028 431,1028 457,1028 483,1028 510,1027 536,1027 562,1027 588,1027 614,1027 641,1027 667,1027 693,1027 719,1027 745,1028 772,1028"/>
                <TextEquiv>
                    <Unicode>la palabra que te he dado,</Unicode>
                </TextEquiv>
            </TextLine>
            <TextLine id="r_5_1l6" custom="readingOrder {index:4;}">
                <Coords points="243,1085 272,1086 301,1087 330,1087 359,1087 389,1088 418,1088 447,1088 476,1088 505,1088 535,1088 564,1088 593,1088 622,1087 651,1087 681,1087 710,1087 739,1087 768,1087 797,1088 827,1088 827,1055 797,1055 768,1054 739,1054 710,1054 681,1054 651,1054 622,1054 593,1055 564,1055 535,1055 505,1055 476,1055 447,1055 418,1055 389,1055 359,1054 330,1054 301,1054 272,1053 243,1052"/>
                <Baseline points="243,1074 272,1075 301,1076 330,1076 359,1076 389,1077 418,1077 447,1077 476,1077 505,1077 535,1077 564,1077 593,1077 622,1076 651,1076 681,1076 710,1076 739,1076 768,1076 797,1077 827,1077"/>
                <TextEquiv>
                    <Unicode>solo te encargo que guardes,</Unicode>
                </TextEquiv>
            </TextLine>
            <TextLine id="r_5_1l8" custom="readingOrder {index:5;}">
                <Coords points="300,1131 330,1133 360,1135 391,1136 421,1137 452,1137 482,1136 513,1136 543,1135 574,1135 604,1134 634,1134 665,1134 695,1134 726,1135 756,1136 787,1138 817,1142 848,1146 878,1151 909,1157 909,1127 878,1121 848,1116 817,1112 787,1108 756,1106 726,1105 695,1104 665,1104 634,1104 604,1104 574,1105 543,1105 513,1106 482,1106 452,1107 421,1107 391,1106 360,1105 330,1103 300,1101"/>
                <Baseline points="300,1121 330,1123 360,1125 391,1126 421,1127 452,1127 482,1126 513,1126 543,1125 574,1125 604,1124 634,1124 665,1124 695,1124 726,1125 756,1126 787,1128 817,1132 848,1136 878,1141 909,1147"/>
                <TextEquiv>
                    <Unicode>Mucho mi amor te venera,..</Unicode>
                </TextEquiv>
            </TextLine>
            <TextLine id="r_5_1l9" custom="readingOrder {index:6;}">
                <Coords points="250,1182 276,1183 302,1183 328,1184 355,1184 381,1184 407,1184 434,1184 460,1185 486,1185 513,1185 539,1185 565,1184 591,1184 618,1185 644,1185 670,1185 697,1185 723,1185 749,1186 776,1186 776,1153 749,1153 723,1152 697,1152 670,1152 644,1152 618,1152 591,1151 565,1151 539,1152 513,1152 486,1152 460,1152 434,1151 407,1151 381,1151 355,1151 328,1151 302,1150 276,1150 250,1149"/>
                <Baseline points="250,1171 276,1172 302,1172 328,1173 355,1173 381,1173 407,1173 434,1173 460,1174 486,1174 513,1174 539,1174 565,1173 591,1173 618,1174 644,1174 670,1174 697,1174 723,1174 749,1175 776,1175"/>
                <TextEquiv>
                    <Unicode>no tengas triste que estar;</Unicode>
                </TextEquiv>
            </TextLine>
            <TextLine id="r_5_1l10" custom="readingOrder {index:7;}">
                <Coords points="245,1227 276,1230 307,1231 339,1232 370,1233 401,1234 433,1234 464,1234 495,1233 527,1233 558,1233 589,1233 621,1233 652,1233 683,1234 715,1235 746,1237 777,1239 809,1242 840,1245 872,1249 872,1216 840,1212 809,1209 777,1206 746,1204 715,1202 683,1201 652,1200 621,1200 589,1200 558,1200 527,1200 495,1200 464,1201 433,1201 401,1201 370,1200 339,1199 307,1198 276,1197 245,1194"/>
                <Baseline points="245,1216 276,1219 307,1220 339,1221 370,1222 401,1223 433,1223 464,1223 495,1222 527,1222 558,1222 589,1222 621,1222 652,1222 683,1223 715,1224 746,1226 777,1228 809,1231 840,1234 872,1238"/>
                <TextEquiv>
                    <Unicode>yo te adoro en gran manera,;</Unicode>
                </TextEquiv>
            </TextLine>
            <TextLine id="r_5_1l11" custom="readingOrder {index:8;}">
                <Coords points="248,1277 282,1278 317,1279 352,1279 386,1279 421,1279 456,1279 490,1279 525,1279 560,1279 594,1280 629,1281 664,1282 698,1283 733,1285 768,1288 802,1291 837,1295 872,1300 907,1306 907,1275 872,1269 837,1264 802,1260 768,1257 733,1254 698,1252 664,1251 629,1250 594,1249 560,1248 525,1248 490,1248 456,1248 421,1248 386,1248 352,1248 317,1248 282,1247 248,1246"/>
                <Baseline points="248,1267 282,1268 317,1269 352,1269 386,1269 421,1269 456,1269 490,1269 525,1269 560,1269 594,1270 629,1271 664,1272 698,1273 733,1275 768,1278 802,1281 837,1285 872,1290 907,1296"/>
                <TextEquiv>
                    <Unicode>mas no te puedo esplicar...</Unicode>
                </TextEquiv>
            </TextLine>
            <TextLine id="r_5_1l12" custom="readingOrder {index:9;}">
                <Coords points="244,1325 277,1327 310,1328 343,1329 376,1329 409,1329 442,1329 475,1329 508,1329 541,1329 574,1329 607,1329 640,1329 673,1330 706,1331 739,1332 772,1334 805,1336 838,1339 871,1343 905,1348 905,1317 871,1312 838,1308 805,1305 772,1303 739,1301 706,1300 673,1299 640,1298 607,1298 574,1298 541,1298 508,1298 475,1298 442,1298 409,1298 376,1298 343,1298 310,1297 277,1296 244,1294"/>
                <Baseline points="244,1315 277,1317 310,1318 343,1319 376,1319 409,1319 442,1319 475,1319 508,1319 541,1319 574,1319 607,1319 640,1319 673,1320 706,1321 739,1322 772,1324 805,1326 838,1329 871,1333 905,1338"/>
                <TextEquiv>
                    <Unicode>el secreto hasta que quiera..</Unicode>
                </TextEquiv>
            </TextLine>
            <TextEquiv>
                <Unicode>Que te quiero bien lo sabes
aunque voy disimulando;
siento mucho tus pesares;
la palabra que te he dado,
solo te encargo que guardes,
Mucho mi amor te venera,..
no tengas triste que estar;
yo te adoro en gran manera,;
mas no te puedo esplicar...
el secreto hasta que quiera..</Unicode>
            </TextEquiv>
        </TextRegion>
        <TextRegion orientation="0.0" type="paragraph" id="r_6_1" custom="readingOrder {index:5;}">
            <Coords points="953,838 1590,838 1595,1331 958,1331"/>
            <TextLine id="r_6_1l1" custom="readingOrder {index:0;}">
                <Coords points="1027,892 1053,892 1080,892 1106,892 1133,892 1159,892 1186,892 1212,892 1239,892 1265,892 1292,892 1319,892 1345,892 1372,892 1398,892 1425,891 1451,891 1478,892 1504,892 1531,892 1558,892 1558,858 1531,858 1504,858 1478,858 1451,857 1425,857 1398,858 1372,858 1345,858 1319,858 1292,858 1265,858 1239,858 1212,858 1186,858 1159,858 1133,858 1106,858 1080,858 1053,858 1027,858"/>
                <Baseline points="1027,881 1053,881 1080,881 1106,881 1133,881 1159,881 1186,881 1212,881 1239,881 1265,881 1292,881 1319,881 1345,881 1372,881 1398,881 1425,880 1451,880 1478,881 1504,881 1531,881 1558,881"/>
                <TextEquiv>
                    <Unicode>En tí he puesto una aficion</Unicode>
                </TextEquiv>
            </TextLine>
            <TextLine id="r_6_1l2" custom="readingOrder {index:1;}">
                <Coords points="976,940 1004,941 1032,941 1060,941 1088,941 1116,940 1144,940 1172,940 1200,940 1228,940 1256,939 1284,939 1312,939 1340,939 1368,939 1396,939 1424,940 1452,940 1480,941 1508,941 1536,942 1536,908 1508,907 1480,907 1452,906 1424,906 1396,905 1368,905 1340,905 1312,905 1284,905 1256,905 1228,906 1200,906 1172,906 1144,906 1116,906 1088,907 1060,907 1032,907 1004,907 976,906"/>
                <Baseline points="976,929 1004,930 1032,930 1060,930 1088,930 1116,929 1144,929 1172,929 1200,929 1228,929 1256,928 1284,928 1312,928 1340,928 1368,928 1396,928 1424,929 1452,929 1480,930 1508,930 1536,931"/>
                <TextEquiv>
                    <Unicode>muy firme y muy verdadera,</Unicode>
                </TextEquiv>
            </TextLine>
            <TextLine id="r_6_1l3" custom="readingOrder {index:2;}">
                <Coords points="980,990 1006,991 1032,991 1058,991 1084,991 1110,991 1136,990 1162,990 1188,989 1214,989 1240,989 1266,988 1292,988 1318,989 1344,989 1370,990 1397,991 1397,958 1370,957 1344,956 1318,956 1292,955 1266,955 1240,956 1214,956 1188,956 1162,957 1136,957 1110,958 1084,958 1058,958 1032,958 1006,958 980,957"/>
                <Baseline points="980,979 1006,980 1032,980 1058,980 1084,980 1110,980 1136,979 1162,979 1188,978 1214,978 1240,978 1266,977 1292,977 1318,978 1344,978 1370,979 1397,980"/>
                <TextEquiv>
                    <Unicode>imán de mi corazon,</Unicode>
                </TextEquiv>
            </TextLine>
            <TextLine id="r_6_1l4" custom="readingOrder {index:3;}">
                <Coords points="984,1038 1013,1038 1043,1038 1073,1038 1103,1038 1133,1038 1163,1038 1193,1038 1223,1038 1253,1037 1283,1037 1312,1037 1342,1037 1372,1037 1402,1036 1432,1036 1462,1037 1492,1037 1522,1037 1552,1037 1582,1038 1582,1004 1552,1003 1522,1003 1492,1003 1462,1003 1432,1002 1402,1002 1372,1003 1342,1003 1312,1003 1283,1003 1253,1003 1223,1004 1193,1004 1163,1004 1133,1004 1103,1004 1073,1004 1043,1004 1013,1004 984,1004"/>
                <Baseline points="984,1027 1013,1027 1043,1027 1073,1027 1103,1027 1133,1027 1163,1027 1193,1027 1223,1027 1253,1026 1283,1026 1312,1026 1342,1026 1372,1026 1402,1025 1432,1025 1462,1026 1492,1026 1522,1026 1552,1026 1582,1027"/>
                <TextEquiv>
                    <Unicode>ten paciencia hasta que quiera</Unicode>
                </TextEquiv>
            </TextLine>
            <TextLine id="r_6_1l5" custom="readingOrder {index:4;}">
                <Coords points="985,1087 1011,1088 1037,1088 1063,1088 1089,1088 1115,1088 1141,1088 1167,1087 1193,1087 1220,1087 1246,1087 1272,1086 1298,1086 1324,1086 1350,1086 1376,1086 1402,1086 1428,1086 1455,1087 1455,1054 1428,1053 1402,1053 1376,1053 1350,1053 1324,1053 1298,1053 1272,1053 1246,1054 1220,1054 1193,1054 1167,1054 1141,1055 1115,1055 1089,1055 1063,1055 1037,1055 1011,1055 985,1054"/>
                <Baseline points="985,1076 1011,1077 1037,1077 1063,1077 1089,1077 1115,1077 1141,1077 1167,1076 1193,1076 1220,1076 1246,1076 1272,1075 1298,1075 1324,1075 1350,1075 1376,1075 1402,1075 1428,1075 1455,1076"/>
                <TextEquiv>
                    <Unicode>darnos el Cielo ocaston.</Unicode>
                </TextEquiv>
            </TextLine>
            <TextLine id="r_6_1l6" custom="readingOrder {index:5;}">
                <Coords points="1036,1134 1062,1134 1088,1135 1114,1135 1140,1135 1166,1134 1192,1134 1218,1134 1244,1134 1270,1134 1297,1134 1323,1134 1349,1134 1375,1134 1401,1135 1427,1135 1453,1136 1479,1137 1505,1137 1532,1139 1532,1105 1505,1103 1479,1103 1453,1102 1427,1101 1401,1101 1375,1100 1349,1100 1323,1100 1297,1100 1270,1100 1244,1100 1218,1100 1192,1100 1166,1100 1140,1101 1114,1101 1088,1101 1062,1100 1036,1100"/>
                <Baseline points="1036,1123 1062,1123 1088,1124 1114,1124 1140,1124 1166,1123 1192,1123 1218,1123 1244,1123 1270,1123 1297,1123 1323,1123 1349,1123 1375,1123 1401,1124 1427,1124 1453,1125 1479,1126 1505,1126 1532,1128"/>
                <TextEquiv>
                    <Unicode>Yo soy uno en la firmeza,</Unicode>
                </TextEquiv>
            </TextLine>
            <TextLine id="r_6_1l7" custom="readingOrder {index:6;}">
                <Coords points="977,1184 1003,1185 1029,1185 1055,1185 1082,1185 1108,1185 1134,1184 1160,1184 1187,1183 1213,1183 1239,1182 1265,1182 1292,1182 1318,1182 1344,1182 1370,1183 1397,1184 1397,1151 1370,1150 1344,1149 1318,1149 1292,1149 1265,1149 1239,1149 1213,1150 1187,1150 1160,1151 1134,1151 1108,1152 1082,1152 1055,1152 1029,1152 1003,1152 977,1151"/>
                <Baseline points="977,1173 1003,1174 1029,1174 1055,1174 1082,1174 1108,1174 1134,1173 1160,1173 1187,1172 1213,1172 1239,1171 1265,1171 1292,1171 1318,1171 1344,1171 1370,1172 1397,1173"/>
                <TextEquiv>
                    <Unicode>firme será mi pasion,</Unicode>
                </TextEquiv>
            </TextLine>
            <TextLine id="r_6_1l8" custom="readingOrder {index:7;}">
                <Coords points="979,1229 1005,1231 1031,1232 1057,1233 1083,1233 1109,1234 1135,1234 1161,1234 1187,1234 1213,1234 1240,1234 1266,1234 1292,1233 1318,1233 1344,1233 1370,1233 1396,1233 1422,1232 1448,1232 1474,1233 1501,1233 1501,1200 1474,1200 1448,1199 1422,1199 1396,1200 1370,1200 1344,1200 1318,1200 1292,1200 1266,1201 1240,1201 1213,1201 1187,1201 1161,1201 1135,1201 1109,1201 1083,1200 1057,1200 1031,1199 1005,1198 979,1196"/>
                <Baseline points="979,1218 1005,1220 1031,1221 1057,1222 1083,1222 1109,1223 1135,1223 1161,1223 1187,1223 1213,1223 1240,1223 1266,1223 1292,1222 1318,1222 1344,1222 1370,1222 1396,1222 1422,1221 1448,1221 1474,1222 1501,1222"/>
                <TextEquiv>
                    <Unicode>yo sufro y tengo paciencia</Unicode>
                </TextEquiv>
            </TextLine>
            <TextLine id="r_6_1l9" custom="readingOrder {index:8;}">
                <Coords points="973,1279 999,1280 1025,1281 1051,1282 1077,1283 1104,1283 1130,1283 1156,1283 1182,1283 1208,1282 1235,1282 1261,1281 1287,1281 1313,1280 1339,1280 1366,1279 1366,1246 1339,1247 1313,1247 1287,1248 1261,1248 1235,1249 1208,1249 1182,1250 1156,1250 1130,1250 1104,1250 1077,1250 1051,1249 1025,1248 999,1247 973,1246"/>
                <Baseline points="973,1268 999,1269 1025,1270 1051,1271 1077,1272 1104,1272 1130,1272 1156,1272 1182,1272 1208,1271 1235,1271 1261,1270 1287,1270 1313,1269 1339,1269 1366,1268"/>
                <TextEquiv>
                    <Unicode>hasta tener ocasion</Unicode>
                </TextEquiv>
            </TextLine>
            <TextLine id="r_6_1l10" custom="readingOrder {index:9;}">
                <Coords points="976,1329 1002,1330 1029,1330 1056,1331 1083,1332 1110,1332 1137,1332 1164,1332 1191,1332 1218,1331 1245,1331 1271,1331 1298,1330 1325,1330 1352,1330 1379,1330 1406,1330 1433,1330 1460,1330 1487,1330 1514,1330 1514,1296 1487,1296 1460,1296 1433,1296 1406,1296 1379,1296 1352,1296 1325,1296 1298,1296 1271,1297 1245,1297 1218,1297 1191,1298 1164,1298 1137,1298 1110,1298 1083,1298 1056,1297 1029,1296 1002,1296 976,1295"/>
                <Baseline points="976,1318 1002,1319 1029,1319 1056,1320 1083,1321 1110,1321 1137,1321 1164,1321 1191,1321 1218,1320 1245,1320 1271,1320 1298,1319 1325,1319 1352,1319 1379,1319 1406,1319 1433,1319 1460,1319 1487,1319 1514,1319"/>
                <TextEquiv>
                    <Unicode>de lograr la dicha niestra.</Unicode>
                </TextEquiv>
            </TextLine>
            <TextEquiv>
                <Unicode>En tí he puesto una aficion
muy firme y muy verdadera,
imán de mi corazon,
ten paciencia hasta que quiera
darnos el Cielo ocaston.
Yo soy uno en la firmeza,
firme será mi pasion,
yo sufro y tengo paciencia
hasta tener ocasion
de lograr la dicha niestra.</Unicode>
            </TextEquiv>
        </TextRegion>
        <TextRegion orientation="0.0" type="paragraph" id="r_7_1" custom="readingOrder {index:6;}">
            <Coords points="640,1443 1277,1448 1277,1656 640,1651"/>
            <TextLine id="r_7_1l1" custom="readingOrder {index:0;}">
                <Coords points="643,1496 674,1496 706,1496 737,1497 769,1497 801,1497 832,1496 864,1496 896,1496 927,1496 959,1495 991,1495 1022,1494 1054,1494 1086,1494 1117,1494 1149,1494 1181,1494 1212,1494 1244,1495 1276,1496 1276,1462 1244,1461 1212,1460 1181,1460 1149,1460 1117,1460 1086,1460 1054,1460 1022,1460 991,1461 959,1461 927,1462 896,1462 864,1462 832,1462 801,1463 769,1463 737,1463 706,1462 674,1462 643,1462"/>
                <Baseline points="643,1485 674,1485 706,1485 737,1486 769,1486 801,1486 832,1485 864,1485 896,1485 927,1485 959,1484 991,1484 1022,1483 1054,1483 1086,1483 1117,1483 1149,1483 1181,1483 1212,1483 1244,1484 1276,1485"/>
                <TextEquiv>
                    <Unicode> Cuanto mas firmete quiero;</Unicode>
                </TextEquiv>
            </TextLine>
            <TextLine id="r_7_1l2" custom="readingOrder {index:1;}">
                <Coords points="647,1546 672,1546 697,1545 722,1545 747,1545 772,1544 797,1544 823,1544 848,1544 873,1544 898,1544 923,1544 948,1544 974,1544 999,1544 1024,1544 1049,1544 1074,1544 1099,1544 1125,1544 1125,1510 1099,1510 1074,1510 1049,1510 1024,1510 999,1510 974,1510 948,1510 923,1510 898,1510 873,1510 848,1510 823,1510 797,1510 772,1510 747,1511 722,1511 697,1511 672,1512 647,1512"/>
                <Baseline points="647,1535 672,1535 697,1534 722,1534 747,1534 772,1533 797,1533 823,1533 848,1533 873,1533 898,1533 923,1533 948,1533 974,1533 999,1533 1024,1533 1049,1533 1074,1533 1099,1533 1125,1533"/>
                <TextEquiv>
                    <Unicode>Mú aborreciéndome vas;</Unicode>
                </TextEquiv>
            </TextLine>
            <TextLine id="r_7_1l4" custom="readingOrder {index:2;}">
                <Coords points="648,1594 679,1594 710,1594 741,1594 772,1594 804,1594 835,1593 866,1593 897,1593 928,1593 960,1592 991,1592 1022,1592 1053,1592 1084,1592 1116,1592 1147,1593 1178,1593 1209,1594 1240,1595 1272,1596 1272,1563 1240,1562 1209,1561 1178,1560 1147,1560 1116,1559 1084,1559 1053,1559 1022,1559 991,1559 960,1559 928,1560 897,1560 866,1560 835,1560 804,1561 772,1561 741,1561 710,1561 679,1561 648,1561"/>
                <Baseline points="648,1583 679,1583 710,1583 741,1583 772,1583 804,1583 835,1582 866,1582 897,1582 928,1582 960,1581 991,1581 1022,1581 1053,1581 1084,1581 1116,1581 1147,1582 1178,1582 1209,1583 1240,1584 1272,1585"/>
                <TextEquiv>
                    <Unicode>yá que asieme has olvidadoja</Unicode>
                </TextEquiv>
            </TextLine>
            <TextLine id="r_7_1l5" custom="readingOrder {index:3;}">
                <Coords points="643,1641 668,1641 693,1641 718,1641 743,1641 768,1641 793,1641 818,1641 843,1641 868,1641 893,1641 918,1641 943,1641 968,1641 993,1641 1018,1641 1043,1641 1068,1640 1094,1640 1094,1606 1068,1606 1043,1607 1018,1607 993,1607 968,1607 943,1607 918,1607 893,1607 868,1607 843,1607 818,1607 793,1607 768,1607 743,1607 718,1607 693,1607 668,1607 643,1607"/>
                <Baseline points="643,1630 668,1630 693,1630 718,1630 743,1630 768,1630 793,1630 818,1630 843,1630 868,1630 893,1630 918,1630 943,1630 968,1630 993,1630 1018,1630 1043,1630 1068,1629 1094,1629"/>
                <TextEquiv>
                    <Unicode>tcomo pagasicobrarás.</Unicode>
                </TextEquiv>
            </TextLine>
            <TextEquiv>
                <Unicode> Cuanto mas firmete quiero;
Mú aborreciéndome vas;
yá que asieme has olvidadoja
tcomo pagasicobrarás.</Unicode>
            </TextEquiv>
        </TextRegion>
        <TextRegion orientation="0.0" type="paragraph" id="r_8_1" custom="readingOrder {index:7;}">
            <Coords points="242,1648 884,1648 884,2187 242,2187"/>
            <TextLine id="r_8_1l2" custom="readingOrder {index:0;}">
                <Coords points="298,1746 326,1747 355,1747 384,1747 413,1747 442,1746 470,1746 499,1746 528,1746 557,1746 586,1746 614,1746 643,1746 672,1746 701,1746 730,1746 758,1747 787,1747 816,1748 845,1748 874,1749 874,1715 845,1714 816,1714 787,1713 758,1713 730,1712 701,1712 672,1712 643,1712 614,1712 586,1712 557,1712 528,1712 499,1712 470,1712 442,1712 413,1713 384,1713 355,1713 326,1713 298,1712"/>
                <Baseline points="298,1735 326,1736 355,1736 384,1736 413,1736 442,1735 470,1735 499,1735 528,1735 557,1735 586,1735 614,1735 643,1735 672,1735 701,1735 730,1735 758,1736 787,1736 816,1737 845,1737 874,1738"/>
                <TextEquiv>
                    <Unicode>Si pregunto por quién muero,</Unicode>
                </TextEquiv>
            </TextLine>
            <TextLine id="r_8_1l3" custom="readingOrder {index:1;}">
                <Coords points="251,1793 280,1794 310,1794 339,1795 369,1795 398,1796 428,1796 457,1796 487,1795 516,1795 546,1795 576,1795 605,1794 635,1794 664,1794 694,1794 723,1795 753,1795 782,1796 812,1797 842,1798 842,1764 812,1763 782,1762 753,1761 723,1761 694,1760 664,1760 635,1760 605,1760 576,1761 546,1761 516,1761 487,1761 457,1762 428,1762 398,1762 369,1761 339,1761 310,1760 280,1760 251,1759"/>
                <Baseline points="251,1782 280,1783 310,1783 339,1784 369,1784 398,1785 428,1785 457,1785 487,1784 516,1784 546,1784 576,1784 605,1783 635,1783 664,1783 694,1783 723,1784 753,1784 782,1785 812,1786 842,1787"/>
                <TextEquiv>
                    <Unicode>tú eres quien me va matando,</Unicode>
                </TextEquiv>
            </TextLine>
            <TextLine id="r_8_1l4" custom="readingOrder {index:2;}">
                <Coords points="251,1842 280,1843 309,1843 338,1844 367,1844 396,1844 425,1844 454,1844 483,1844 512,1843 541,1843 570,1843 599,1843 628,1843 657,1843 686,1844 715,1844 744,1845 773,1845 802,1847 832,1848 832,1814 802,1813 773,1811 744,1811 715,1810 686,1810 657,1809 628,1809 599,1809 570,1809 541,1809 512,1809 483,1810 454,1810 425,1810 396,1810 367,1810 338,1810 309,1809 280,1809 251,1808"/>
                <Baseline points="251,1831 280,1832 309,1832 338,1833 367,1833 396,1833 425,1833 454,1833 483,1833 512,1832 541,1832 570,1832 599,1832 628,1832 657,1832 686,1833 715,1833 744,1834 773,1834 802,1836 832,1837"/>
                <TextEquiv>
                    <Unicode>pues soy tu amor verdadero,</Unicode>
                </TextEquiv>
            </TextLine>
            <TextLine id="r_8_1l5" custom="readingOrder {index:3;}">
                <Coords points="249,1888 275,1889 301,1891 327,1891 353,1892 379,1892 406,1892 432,1892 458,1892 484,1892 510,1891 536,1891 563,1891 589,1890 615,1890 641,1891 667,1891 694,1892 694,1858 667,1857 641,1857 615,1856 589,1856 563,1857 536,1857 510,1857 484,1858 458,1858 432,1858 406,1858 379,1858 353,1858 327,1857 301,1857 275,1855 249,1854"/>
                <Baseline points="249,1877 275,1878 301,1880 327,1880 353,1881 379,1881 406,1881 432,1881 458,1881 484,1881 510,1880 536,1880 563,1880 589,1879 615,1879 641,1880 667,1880 694,1881"/>
                <TextEquiv>
                    <Unicode>y tú me vas olvidando</Unicode>
                </TextEquiv>
            </TextLine>
            <TextLine id="r_8_1l6" custom="readingOrder {index:4;}">
                <Coords points="243,1940 270,1940 298,1941 326,1941 354,1941 382,1941 410,1941 437,1941 465,1941 493,1941 521,1941 549,1940 577,1940 605,1940 632,1940 660,1940 688,1940 716,1941 744,1941 772,1942 800,1942 800,1908 772,1908 744,1907 716,1907 688,1906 660,1906 632,1906 605,1906 577,1906 549,1906 521,1907 493,1907 465,1907 437,1907 410,1907 382,1907 354,1907 326,1907 298,1907 270,1906 243,1906"/>
                <Baseline points="243,1929 270,1929 298,1930 326,1930 354,1930 382,1930 410,1930 437,1930 465,1930 493,1930 521,1930 549,1929 577,1929 605,1929 632,1929 660,1929 688,1929 716,1930 744,1930 772,1931 800,1931"/>
                <TextEquiv>
                    <Unicode>cuanto mas firme te quiero,</Unicode>
                </TextEquiv>
            </TextLine>
            <TextLine id="r_8_1l7" custom="readingOrder {index:5;}">
                <Coords points="292,1989 318,1989 344,1989 371,1989 397,1989 423,1989 450,1989 476,1989 502,1989 529,1989 555,1989 581,1989 608,1989 634,1988 660,1988 687,1987 713,1987 740,1986 740,1953 713,1954 687,1954 660,1955 634,1955 608,1956 581,1956 555,1956 529,1956 502,1956 476,1956 450,1956 423,1956 397,1956 371,1956 344,1956 318,1956 292,1956"/>
                <Baseline points="292,1978 318,1978 344,1978 371,1978 397,1978 423,1978 450,1978 476,1978 502,1978 529,1978 555,1978 581,1978 608,1978 634,1977 660,1977 687,1976 713,1976 740,1975"/>
                <TextEquiv>
                    <Unicode>Jamás decirme podrás</Unicode>
                </TextEquiv>
            </TextLine>
            <TextLine id="r_8_1l8" custom="readingOrder {index:6;}">
                <Coords points="243,2036 268,2037 294,2038 319,2038 345,2038 370,2039 396,2039 421,2038 447,2038 472,2038 498,2038 524,2038 549,2037 575,2037 600,2037 626,2038 651,2038 677,2038 702,2039 728,2040 754,2041 754,2008 728,2007 702,2006 677,2005 651,2005 626,2005 600,2004 575,2004 549,2004 524,2005 498,2005 472,2005 447,2005 421,2005 396,2006 370,2006 345,2005 319,2005 294,2005 268,2004 243,2003"/>
                <Baseline points="243,2025 268,2026 294,2027 319,2027 345,2027 370,2028 396,2028 421,2027 447,2027 472,2027 498,2027 524,2027 549,2026 575,2026 600,2026 626,2027 651,2027 677,2027 702,2028 728,2029 754,2030"/>
                <TextEquiv>
                    <Unicode>que ha sido falso mi amor,</Unicode>
                </TextEquiv>
            </TextLine>
            <TextLine id="r_8_1l9" custom="readingOrder {index:7;}">
                <Coords points="249,2082 275,2084 301,2085 328,2086 354,2086 381,2087 407,2087 434,2087 460,2086 486,2086 513,2086 539,2085 566,2085 592,2085 619,2085 619,2052 592,2052 566,2052 539,2052 513,2053 486,2053 460,2053 434,2054 407,2054 381,2054 354,2053 328,2053 301,2052 275,2051 249,2049"/>
                <Baseline points="249,2071 275,2073 301,2074 328,2075 354,2075 381,2076 407,2076 434,2076 460,2075 486,2075 513,2075 539,2074 566,2074 592,2074 619,2074"/>
                <TextEquiv>
                    <Unicode>y si reparas, verás</Unicode>
                </TextEquiv>
            </TextLine>
            <TextLine id="r_8_1l10" custom="readingOrder {index:8;}">
                <Coords points="249,2134 278,2134 307,2134 336,2134 365,2134 394,2135 423,2135 452,2135 481,2135 510,2135 540,2135 569,2135 598,2136 627,2136 656,2136 685,2137 714,2137 743,2138 772,2138 801,2139 831,2140 831,2106 801,2105 772,2104 743,2104 714,2103 685,2103 656,2102 627,2102 598,2102 569,2101 540,2101 510,2101 481,2101 452,2101 423,2101 394,2101 365,2100 336,2100 307,2100 278,2100 249,2100"/>
                <Baseline points="249,2123 278,2123 307,2123 336,2123 365,2123 394,2124 423,2124 452,2124 481,2124 510,2124 540,2124 569,2124 598,2125 627,2125 656,2125 685,2126 714,2126 743,2127 772,2127 801,2128 831,2129"/>
                <TextEquiv>
                    <Unicode>que cuando el mio es mayor</Unicode>
                </TextEquiv>
            </TextLine>
            <TextLine id="r_8_1l11" custom="readingOrder {index:9;}">
                <Coords points="245,2181 270,2182 295,2184 320,2185 345,2185 370,2185 395,2185 421,2185 446,2185 471,2185 496,2185 521,2185 546,2185 572,2185 597,2185 622,2185 647,2186 672,2187 697,2188 723,2190 723,2156 697,2154 672,2153 647,2152 622,2151 597,2151 572,2151 546,2151 521,2151 496,2151 471,2151 446,2151 421,2151 395,2151 370,2151 345,2151 320,2151 295,2150 270,2148 245,2147"/>
                <Baseline points="245,2170 270,2171 295,2173 320,2174 345,2174 370,2174 395,2174 421,2174 446,2174 471,2174 496,2174 521,2174 546,2174 572,2174 597,2174 622,2174 647,2175 672,2176 697,2177 723,2179"/>
                <TextEquiv>
                    <Unicode>tu aborreciendome Vas.</Unicode>
                </TextEquiv>
            </TextLine>
            <TextEquiv>
                <Unicode>Si pregunto por quién muero,
tú eres quien me va matando,
pues soy tu amor verdadero,
y tú me vas olvidando
cuanto mas firme te quiero,
Jamás decirme podrás
que ha sido falso mi amor,
y si reparas, verás
que cuando el mio es mayor
tu aborreciendome Vas.</Unicode>
            </TextEquiv>
        </TextRegion>
        <TextRegion orientation="0.0" type="paragraph" id="r_9_1" custom="readingOrder {index:8;}">
            <Coords points="957,1682 1602,1682 1602,2195 957,2195"/>
            <TextLine id="r_9_1l1" custom="readingOrder {index:0;}">
                <Coords points="1033,1745 1061,1746 1089,1746 1118,1746 1146,1746 1174,1746 1203,1747 1231,1747 1259,1747 1288,1747 1316,1747 1344,1747 1373,1747 1401,1748 1429,1748 1458,1748 1486,1748 1514,1749 1543,1749 1571,1750 1600,1751 1600,1717 1571,1716 1543,1715 1514,1715 1486,1714 1458,1714 1429,1714 1401,1714 1373,1713 1344,1713 1316,1713 1288,1713 1259,1713 1231,1713 1203,1713 1174,1712 1146,1712 1118,1712 1089,1712 1061,1712 1033,1711"/>
                <Baseline points="1033,1734 1061,1735 1089,1735 1118,1735 1146,1735 1174,1735 1203,1736 1231,1736 1259,1736 1288,1736 1316,1736 1344,1736 1373,1736 1401,1737 1429,1737 1458,1737 1486,1737 1514,1738 1543,1738 1571,1739 1600,1740"/>
                <TextEquiv>
                    <Unicode>Yo con firmeza te he amado,</Unicode>
                </TextEquiv>
            </TextLine>
            <TextLine id="r_9_1l2" custom="readingOrder {index:1;}">
                <Coords points="973,1796 999,1796 1026,1795 1052,1795 1079,1795 1105,1795 1132,1795 1158,1795 1185,1795 1211,1795 1238,1795 1264,1796 1291,1796 1317,1796 1344,1796 1370,1795 1397,1795 1397,1761 1370,1761 1344,1762 1317,1762 1291,1762 1264,1762 1238,1761 1211,1761 1185,1761 1158,1761 1132,1761 1105,1761 1079,1761 1052,1761 1026,1761 999,1762 973,1762"/>
                <Baseline points="973,1785 999,1785 1026,1784 1052,1784 1079,1784 1105,1784 1132,1784 1158,1784 1185,1784 1211,1784 1238,1784 1264,1785 1291,1785 1317,1785 1344,1785 1370,1784 1397,1784"/>
                <TextEquiv>
                    <Unicode>con decoro y lealtad,</Unicode>
                </TextEquiv>
            </TextLine>
            <TextLine id="r_9_1l3" custom="readingOrder {index:2;}">
                <Coords points="975,1844 1006,1844 1037,1844 1068,1844 1099,1844 1130,1844 1161,1844 1192,1844 1223,1844 1254,1844 1285,1845 1316,1845 1347,1845 1378,1845 1409,1846 1440,1846 1471,1846 1502,1847 1533,1847 1564,1848 1596,1848 1596,1814 1564,1814 1533,1813 1502,1813 1471,1812 1440,1812 1409,1812 1378,1811 1347,1811 1316,1811 1285,1811 1254,1810 1223,1810 1192,1810 1161,1810 1130,1810 1099,1810 1068,1810 1037,1810 1006,1810 975,1810"/>
                <Baseline points="975,1833 1006,1833 1037,1833 1068,1833 1099,1833 1130,1833 1161,1833 1192,1833 1223,1833 1254,1833 1285,1834 1316,1834 1347,1834 1378,1834 1409,1835 1440,1835 1471,1835 1502,1836 1533,1836 1564,1837 1596,1837"/>
                <TextEquiv>
                    <Unicode>lo que en tí nunca he hallado,</Unicode>
                </TextEquiv>
            </TextLine>
            <TextLine id="r_9_1l4" custom="readingOrder {index:3;}">
                <Coords points="983,1893 1008,1893 1033,1893 1058,1892 1083,1892 1108,1892 1133,1892 1158,1892 1183,1892 1208,1892 1233,1892 1258,1892 1283,1892 1308,1893 1333,1893 1359,1894 1359,1860 1333,1859 1308,1859 1283,1858 1258,1858 1233,1858 1208,1858 1183,1858 1158,1858 1133,1858 1108,1858 1083,1858 1058,1858 1033,1859 1008,1859 983,1859"/>
                <Baseline points="983,1882 1008,1882 1033,1882 1058,1881 1083,1881 1108,1881 1133,1881 1158,1881 1183,1881 1208,1881 1233,1881 1258,1881 1283,1881 1308,1882 1333,1882 1359,1883"/>
                <TextEquiv>
                    <Unicode>dejaré tu voluntad,</Unicode>
                </TextEquiv>
            </TextLine>
            <TextLine id="r_9_1l5" custom="readingOrder {index:4;}">
                <Coords points="980,1945 1009,1944 1038,1944 1067,1943 1096,1943 1125,1942 1154,1942 1183,1942 1212,1942 1241,1942 1270,1941 1299,1941 1328,1941 1357,1942 1386,1942 1415,1942 1444,1942 1473,1943 1502,1943 1531,1943 1560,1944 1560,1910 1531,1909 1502,1909 1473,1909 1444,1908 1415,1908 1386,1908 1357,1908 1328,1907 1299,1907 1270,1907 1241,1908 1212,1908 1183,1908 1154,1908 1125,1908 1096,1909 1067,1909 1038,1910 1009,1910 980,1911"/>
                <Baseline points="980,1934 1009,1933 1038,1933 1067,1932 1096,1932 1125,1931 1154,1931 1183,1931 1212,1931 1241,1931 1270,1930 1299,1930 1328,1930 1357,1931 1386,1931 1415,1931 1444,1931 1473,1932 1502,1932 1531,1932 1560,1933"/>
                <TextEquiv>
                    <Unicode>ya que asi me has olvidado.</Unicode>
                </TextEquiv>
            </TextLine>
            <TextLine id="r_9_1l6" custom="readingOrder {index:5;}">
                <Coords points="1017,1990 1043,1990 1070,1990 1096,1990 1123,1989 1150,1989 1176,1989 1203,1989 1229,1989 1256,1989 1283,1989 1309,1989 1336,1990 1362,1990 1389,1990 1416,1991 1442,1991 1469,1992 1495,1993 1522,1993 1549,1995 1549,1962 1522,1960 1495,1960 1469,1959 1442,1958 1416,1958 1389,1957 1362,1957 1336,1957 1309,1956 1283,1956 1256,1956 1229,1956 1203,1956 1176,1956 1150,1956 1123,1956 1096,1957 1070,1957 1043,1957 1017,1957"/>
                <Baseline points="1017,1979 1043,1979 1070,1979 1096,1979 1123,1978 1150,1978 1176,1978 1203,1978 1229,1978 1256,1978 1283,1978 1309,1978 1336,1979 1362,1979 1389,1979 1416,1980 1442,1980 1469,1981 1495,1982 1522,1982 1549,1984"/>
                <TextEquiv>
                    <Unicode>Dime si puedo hacer mas</Unicode>
                </TextEquiv>
            </TextLine>
            <TextLine id="r_9_1l7" custom="readingOrder {index:6;}">
                <Coords points="977,2038 1003,2038 1029,2038 1055,2038 1082,2038 1108,2038 1134,2038 1160,2038 1187,2038 1213,2038 1239,2038 1265,2038 1292,2038 1318,2038 1344,2038 1370,2039 1397,2039 1423,2040 1449,2040 1475,2041 1502,2042 1502,2008 1475,2007 1449,2006 1423,2006 1397,2005 1370,2005 1344,2004 1318,2004 1292,2004 1265,2004 1239,2004 1213,2004 1187,2004 1160,2004 1134,2004 1108,2004 1082,2004 1055,2004 1029,2004 1003,2004 977,2004"/>
                <Baseline points="977,2027 1003,2027 1029,2027 1055,2027 1082,2027 1108,2027 1134,2027 1160,2027 1187,2027 1213,2027 1239,2027 1265,2027 1292,2027 1318,2027 1344,2027 1370,2028 1397,2028 1423,2029 1449,2029 1475,2030 1502,2031"/>
                <TextEquiv>
                    <Unicode>amarte mas que á mi vida,</Unicode>
                </TextEquiv>
            </TextLine>
            <TextLine id="r_9_1l8" custom="readingOrder {index:7;}">
                <Coords points="977,2086 1002,2086 1028,2087 1054,2087 1080,2088 1105,2088 1131,2088 1157,2088 1183,2087 1208,2087 1234,2087 1260,2087 1286,2087 1311,2087 1337,2087 1363,2087 1389,2087 1414,2088 1440,2088 1466,2089 1492,2090 1492,2056 1466,2055 1440,2054 1414,2054 1389,2053 1363,2053 1337,2053 1311,2053 1286,2053 1260,2053 1234,2053 1208,2053 1183,2053 1157,2054 1131,2054 1105,2054 1080,2054 1054,2053 1028,2053 1002,2052 977,2052"/>
                <Baseline points="977,2075 1002,2075 1028,2076 1054,2076 1080,2077 1105,2077 1131,2077 1157,2077 1183,2076 1208,2076 1234,2076 1260,2076 1286,2076 1311,2076 1337,2076 1363,2076 1389,2076 1414,2077 1440,2077 1466,2078 1492,2079"/>
                <TextEquiv>
                    <Unicode>tu no lo has hecho jamás:</Unicode>
                </TextEquiv>
            </TextLine>
            <TextLine id="r_9_1l9" custom="readingOrder {index:8;}">
                <Coords points="979,2135 1006,2135 1034,2136 1062,2136 1090,2136 1118,2136 1145,2137 1173,2137 1201,2137 1229,2137 1257,2137 1284,2137 1312,2137 1340,2137 1368,2138 1396,2138 1423,2139 1451,2139 1479,2140 1507,2141 1535,2143 1535,2109 1507,2107 1479,2106 1451,2105 1423,2105 1396,2104 1368,2104 1340,2103 1312,2103 1284,2103 1257,2103 1229,2103 1201,2103 1173,2103 1145,2103 1118,2102 1090,2102 1062,2102 1034,2102 1006,2101 979,2101"/>
                <Baseline points="979,2124 1006,2124 1034,2125 1062,2125 1090,2125 1118,2125 1145,2126 1173,2126 1201,2126 1229,2126 1257,2126 1284,2126 1312,2126 1340,2126 1368,2127 1396,2127 1423,2128 1451,2128 1479,2129 1507,2130 1535,2132"/>
                <TextEquiv>
                    <Unicode>pues si ahora tu me olvidas,</Unicode>
                </TextEquiv>
            </TextLine>
            <TextLine id="r_9_1l10" custom="readingOrder {index:9;}">
                <Coords points="978,2185 1003,2186 1029,2186 1054,2187 1080,2187 1105,2187 1131,2187 1156,2187 1182,2187 1207,2187 1233,2187 1258,2187 1284,2187 1309,2187 1335,2188 1360,2188 1386,2189 1412,2190 1412,2156 1386,2155 1360,2154 1335,2154 1309,2153 1284,2153 1258,2153 1233,2153 1207,2153 1182,2153 1156,2153 1131,2153 1105,2153 1080,2153 1054,2153 1029,2152 1003,2152 978,2151"/>
                <Baseline points="978,2174 1003,2175 1029,2175 1054,2176 1080,2176 1105,2176 1131,2176 1156,2176 1182,2176 1207,2176 1233,2176 1258,2176 1284,2176 1309,2176 1335,2177 1360,2177 1386,2178 1412,2179"/>
                <TextEquiv>
                    <Unicode>como pagas cobrarás.</Unicode>
                </TextEquiv>
            </TextLine>
            <TextEquiv>
                <Unicode>Yo con firmeza te he amado,
con decoro y lealtad,
lo que en tí nunca he hallado,
dejaré tu voluntad,
ya que asi me has olvidado.
Dime si puedo hacer mas
amarte mas que á mi vida,
tu no lo has hecho jamás:
pues si ahora tu me olvidas,
como pagas cobrarás.</Unicode>
            </TextEquiv>
        </TextRegion>
    </Page>
</PcGts>
