1752 2480
253 41 293 191 4
581 171 1137 207 Acuérdate, falsa ingrata,
575 218 1185 253 del tiempo de cuando entonces
582 265 1154 306 bajabas descalza á abrirme,
579 316 1053 352 y ahtora no me conoces.
205 408 685 447 Si mi voluntad te cansa
166 458 718 497 como mujer te has portado,
168 506 690 544 sin reparar que eres falsa;
165 555 741 591 mis glorias se han malogrado
160 604 662 640 acuérdate, falsa ingrata.
210 652 838 694 Eres mas dura que un bronce,
172 700 595 737 jamás en tí lo creyera
172 750 680 789 que dieras tan bajo golpe,
171 800 644 836 y que no me conocieras
167 848 778 886 del tiempo de cuando entonces.
940 410 1430 450 No comias por servirme.
898 460 1390 496 por verme te desvelabas,
891 508 1423 547 y era tu amor tan sensible,
900 557 1470 592 que en sintiendo mis pisadas
902 606 1451 642 bajabas descalza á abrirme.
941 655 1416 691 Sin que yo tediera voces
896 704 1348 741 seguias fina mi rumbo,
895 752 1316 788 y con cariños atroces
900 801 1391 837 era yo solo en el mundo,
891 850 1361 888 y ahora no me conoces.
623 999 1106 1035 Serás dueña de mi vida
576 1048 1010 1085 si sabes corresponder;
576 1097 1036 1134 solo temo lu mudanza,
580 1146 1072 1182 porque al fin eres mujer.
207 1239 687 1277 Puedes estar persuadida
172 1288 707 1329 de que soy tu fino amante;
164 1336 637 1375 tú dices ser mi querida,
165 1385 709 1423 mientras me seas constante
164 1434 643 1472 serás dueña de mi vida.
218 1484 622 1519 Quisiera darte á leer
163 1531 572 1568 escritos del corazon,
165 1580 598 1616 para que pudieras ver
159 1627 576 1664 lo fino de mi aficion
163 1677 611 1714 si sabes corresponder.
952 1244 1500 1281 Que en mi tengas confianza,
891 1295 1387 1329 yo te agradesco el favor,
893 1341 1378 1376 tengo la plèna probanza
896 1388 1338 1426 en lo fino de tu amor,
892 1436 1378 1474 solo espero tu mudanza.
932 1483 1499 1526 Por mas que llegue á querer,
900 1532 1350 1572 en tí no me he de fiar,
894 1583 1448 1622 por si me has de aborrecer,
900 1631 1344 1668 que es fácil el olvidar,
890 1680 1390 1717 porque al fin eres mujer.
811 1832 921 1990 FIN.
160 2091 1542 2249 CARMONA;—Imprenta de D. José M.a Moreno, calle de Madre de Dios.
