1765 2512
334 43 367 196 2
696 164 1211 199 Ningun galan se detenga
656 213 1153 249 en pedir algo á su dama
655 261 1154 297 que los niños en la cuna
648 310 1164 345 el que no llora no mama.
281 406 825 444 Aun cuando le sobrevenga
236 456 750 494 algo que entibie su ardor
239 504 629 542 y dificultades tenga
240 554 692 590 en la carrera de amor,
239 603 766 639 ningum galan se detenga.
281 650 855 686 Si en un pecho arde la llama,
236 699 712 737 animese, yo le exhorto,
241 747 817 786 pues ha de saber quien ama,
239 796 866 834 que nunca se ha de quedar corto
236 846 751 883 en pedir algo d su dama.
1006 403 1505 439 No espere hacer fortuna
975 451 1518 491 el que es cobarde en amar,
963 500 1451 540 se quedará sin ninguna,
967 549 1504 593 y lo mismo vendrá á estar
975 598 1469 640 que los niños en la cuna.
1011 647 1548 684 El que quiera á una da ma
967 696 1433 735 porfie con mucho afán,
972 743 1454 780 su situacion lo reclama,
975 792 1481 830 porque dice aquel refran:
968 842 1491 879 el que no llora, no mama.
696 990 1137 1028 Si sabes corresponder
655 1041 1120 1078 á mis finas atenciones,
659 1089 1131 1126 se unirán los corazones
660 1136 1181 1176 con mucho gusto y placer.
281 1236 871 1275 Firme y constánte he de ser,
240 1288 613 1324 esta palabra te dí,
239 1335 876 1379 desde el punto que te amé,
247 1382 721 1421 pero tambien te advertí
241 1432 692 1468 si sabes corresponder.
293 1479 747 1515 Soy feliz si mis amores
244 1528 670 1566 los admite tu beldad,
252 1578 763 1613 dichoso si estás conforme
245 1626 676 1663 en seguir la voluntad
244 1675 698 1711 á mis finas atenciones.
1020 1232 1455 1269 Espero de tus favores
975 1282 1459 1321 para vivir con descuido,
942 1331 1605 1375 ser llave de tus pasiones,
974 1379 1421 1415 pues asi, dice Cupido,
971 1427 1463 1463 se unirán los corazones.
1024 1474 1404 1510 Si llégase á poseer
945 1520 1456 1559 tiernainente tu alvedrío,
949 1566 1610 1610 que es lo qüe intento, mi bien,
975 1619 1481 1655 seré siempre amante fino
974 1667 1497 1705 con mucho gusto y placer
714 1821 1234 1869 En tré pajar empezado;
659 1870 1157 1912 puéde cualquier arriero,
668 1921 1204 1957 dar un pienso á su caballo,
663 1967 1226 2006 sin que lo conozca el dueño.
288 2069 825 2132 Allá voy determiñado
244 2120 804 2159 en teniendo un peso duro,
244 2171 822 2206 á cualquier parte me ágarro,
979 2037 1559 2102 y digo con disimulo,
982 2086 1563 2151 en un pujar empezádò.
1019 2152 1570 2201 Allá voy sin ningun miedo
