<?xml version="1.0" encoding="UTF-8" standalone="yes"?>
<PcGts xmlns="http://schema.primaresearch.org/PAGE/gts/pagecontent/2013-07-15" xmlns:xsi="http://www.w3.org/2001/XMLSchema-instance" xsi:schemaLocation="http://schema.primaresearch.org/PAGE/gts/pagecontent/2013-07-15 http://schema.primaresearch.org/PAGE/gts/pagecontent/2013-07-15/pagecontent.xsd">
    <Metadata>
        <Creator>prov=University of Rostock/Institute of Mathematics/CITlab|PLANET AI GmbH/Gundram Leifert/gundram.leifert@planet-ai.de:name=Pliegos de Cordel (XIXe) - v4(htr_id=27283)::::v=2.6.7
prov=University of Rostock/Institute of Mathematics/CITlab|PLANET AI GmbH/Tobias Gruening/tobias.gruening@planet-ai.de:name=de.uros.citlab.module.baseline2polygon.B2PSeamMultiOriented:v=2.6.7
prov=University of Rostock/Institute of Mathematics/CITlab|PLANET AI GmbH/Tobias Gruening/tobias.gruening@planet-ai.de:name=/net_tf/LA73_249_0mod360.pb:de.uros.citlab.segmentation.CITlab_LA_ML:v=2.6.7
Transkribus</Creator>
        <Created>2020-12-04T14:17:50.408+01:00</Created>
        <LastChange>2020-12-18T16:16:12.237+01:00</LastChange>
        <Comments>
                Measurement unit: pixel
                PrimaryLanguage: 
                Producer: Transkribus
            </Comments>
        <TranskribusMetadata docId="525392" pageId="22319497" pageNr="151" tsid="50433815" status="DONE" userId="66244" imgUrl="https://files.transkribus.eu/Get?id=DCQCRXOBWFRLDVXQUDGNZEOP&amp;fileType=view" xmlUrl="https://files.transkribus.eu/Get?id=VQAKSSHEABOJCDDJBDYXAFRG" imageId="17389012"/>
    </Metadata>
    <Page imageFilename="Moreno_295_1.jpeg" imageWidth="1752" imageHeight="2480">
        <PrintSpace>
            <Coords points="130,195 1526,195 1526,2257 130,2257"/>
        </PrintSpace>
        <ReadingOrder>
            <OrderedGroup id="ro_1608304710972" caption="Regions reading order">
                <RegionRefIndexed index="0" regionRef="r_1_1"/>
                <RegionRefIndexed index="2" regionRef="r_3_1"/>
                <RegionRefIndexed index="3" regionRef="r_4_1"/>
                <RegionRefIndexed index="4" regionRef="r_5_1"/>
                <RegionRefIndexed index="5" regionRef="r_6_1"/>
            </OrderedGroup>
        </ReadingOrder>
        <TextRegion orientation="0.0" type="paragraph" id="r_1_1" custom="readingOrder {index:0;}">
            <Coords points="1168,195 1461,195 1461,250 1168,250"/>
            <TextLine id="r_1_1l1" custom="readingOrder {index:0;}">
                <Coords points="1176,287 1201,288 1226,289 1251,290 1276,291 1301,291 1326,291 1351,292 1376,292 1401,292 1426,293 1452,293 1452,143 1426,143 1401,142 1376,142 1351,142 1326,141 1301,141 1276,141 1251,140 1226,139 1201,138 1176,137"/>
                <Baseline points="1176,237 1201,238 1226,239 1251,240 1276,241 1301,241 1326,241 1351,242 1376,242 1401,242 1426,243 1452,243"/>
                <TextEquiv>
                    <Unicode>Número 311.</Unicode>
                </TextEquiv>
            </TextLine>
            <TextEquiv>
                <Unicode>Número 311.</Unicode>
            </TextEquiv>
        </TextRegion>
        <GraphicRegion id="r_2" custom="readingOrder {index:1;}">
            <Coords points="487,369 1193,369 1193,1143 487,1143"/>
        </GraphicRegion>
        <TextRegion orientation="0.0" type="paragraph" id="r_3_1" custom="readingOrder {index:2;}">
            <Coords points="274,1176 1419,1176 1419,1319 274,1319"/>
            <TextLine id="r_3_1l2" custom="readingOrder {index:0;}">
                <Coords points="382,1341 425,1341 469,1341 513,1342 557,1342 601,1343 644,1344 688,1345 732,1346 776,1347 820,1349 863,1350 907,1351 951,1352 995,1353 1039,1353 1082,1354 1126,1354 1170,1354 1214,1353 1258,1352 1258,1202 1214,1203 1170,1204 1126,1204 1082,1204 1039,1203 995,1203 951,1202 907,1201 863,1200 820,1199 776,1197 732,1196 688,1195 644,1194 601,1193 557,1192 513,1192 469,1191 425,1191 382,1191"/>
                <Baseline points="382,1291 425,1291 469,1291 513,1292 557,1292 601,1293 644,1294 688,1295 732,1296 776,1297 820,1299 863,1300 907,1301 951,1302 995,1303 1039,1303 1082,1304 1126,1304 1170,1304 1214,1303 1258,1302"/>
                <TextEquiv>
                    <Unicode>TROVOS DE AMOR</Unicode>
                </TextEquiv>
            </TextLine>
            <TextEquiv>
                <Unicode>TROVOS DE AMOR</Unicode>
            </TextEquiv>
        </TextRegion>
        <TextRegion orientation="0.0" type="paragraph" id="r_4_1" custom="readingOrder {index:3;}">
            <Coords points="160,1371 1526,1371 1526,1722 160,1722"/>
            <TextLine id="r_4_1l1" custom="readingOrder {index:0;}">
                <Coords points="168,1438 235,1438 303,1439 370,1440 438,1441 505,1441 573,1442 640,1443 708,1444 775,1445 843,1446 911,1447 978,1448 1046,1449 1113,1450 1181,1450 1248,1451 1316,1451 1383,1451 1451,1451 1519,1451 1519,1411 1451,1411 1383,1411 1316,1411 1248,1411 1181,1410 1113,1410 1046,1409 978,1408 911,1407 843,1406 775,1405 708,1404 640,1403 573,1402 505,1401 438,1401 370,1400 303,1399 235,1398 168,1398"/>
                <Baseline points="168,1425 235,1425 303,1426 370,1427 438,1428 505,1428 573,1429 640,1430 708,1431 775,1432 843,1433 911,1434 978,1435 1046,1436 1113,1437 1181,1437 1248,1438 1316,1438 1383,1438 1451,1438 1519,1438"/>
                <TextEquiv>
                    <Unicode>para cantar con acompañamiento de guitarra.</Unicode>
                </TextEquiv>
            </TextLine>
            <TextLine id="r_4_1l2" custom="readingOrder {index:1;}">
                <Coords points="591,1559 617,1560 643,1560 669,1561 695,1561 721,1561 747,1561 773,1561 799,1562 826,1562 852,1562 878,1562 904,1562 930,1563 956,1563 982,1563 1008,1564 1035,1565 1035,1531 1008,1530 982,1529 956,1529 930,1529 904,1528 878,1528 852,1528 826,1528 799,1528 773,1527 747,1527 721,1527 695,1527 669,1527 643,1526 617,1526 591,1525"/>
                <Baseline points="591,1548 617,1549 643,1549 669,1550 695,1550 721,1550 747,1550 773,1550 799,1551 826,1551 852,1551 878,1551 904,1551 930,1552 956,1552 982,1552 1008,1553 1035,1554"/>
                <TextEquiv>
                    <Unicode>Envidia tiene la rosa</Unicode>
                </TextEquiv>
            </TextLine>
            <TextLine id="r_4_1l3" custom="readingOrder {index:2;}">
                <Coords points="553,1608 578,1608 603,1609 628,1609 654,1609 679,1610 704,1610 729,1610 755,1611 780,1611 805,1611 831,1611 856,1611 881,1612 906,1612 932,1612 957,1612 982,1612 1008,1612 1008,1578 982,1578 957,1578 932,1578 906,1578 881,1578 856,1577 831,1577 805,1577 780,1577 755,1577 729,1576 704,1576 679,1576 654,1575 628,1575 603,1575 578,1574 553,1574"/>
                <Baseline points="553,1597 578,1597 603,1598 628,1598 654,1598 679,1599 704,1599 729,1599 755,1600 780,1600 805,1600 831,1600 856,1600 881,1601 906,1601 932,1601 957,1601 982,1601 1008,1601"/>
                <TextEquiv>
                    <Unicode>de tu belleza y primor</Unicode>
                </TextEquiv>
            </TextLine>
            <TextLine id="r_4_1l4" custom="readingOrder {index:3;}">
                <Coords points="547,1659 573,1658 599,1657 626,1657 652,1656 678,1656 705,1656 731,1656 757,1657 784,1657 810,1657 836,1658 863,1658 889,1659 915,1659 942,1660 968,1660 994,1660 1021,1660 1047,1660 1074,1660 1074,1629 1047,1629 1021,1629 994,1629 968,1629 942,1629 915,1628 889,1628 863,1627 836,1627 810,1626 784,1626 757,1626 731,1625 705,1625 678,1625 652,1625 626,1626 599,1626 573,1627 547,1628"/>
                <Baseline points="547,1649 573,1648 599,1647 626,1647 652,1646 678,1646 705,1646 731,1646 757,1647 784,1647 810,1647 836,1648 863,1648 889,1649 915,1649 942,1650 968,1650 994,1650 1021,1650 1047,1650 1074,1650"/>
                <TextEquiv>
                    <Unicode>y á la clavellina hermosa</Unicode>
                </TextEquiv>
            </TextLine>
            <TextLine id="r_4_1l6" custom="readingOrder {index:4;}">
                <Coords points="550,1703 575,1704 601,1705 627,1706 652,1706 678,1706 704,1707 729,1707 755,1707 781,1707 806,1707 832,1707 858,1707 883,1707 909,1707 935,1708 960,1708 986,1709 1012,1710 1012,1679 986,1678 960,1677 935,1677 909,1676 883,1676 858,1676 832,1676 806,1676 781,1676 755,1676 729,1676 704,1676 678,1675 652,1675 627,1675 601,1674 575,1673 550,1672"/>
                <Baseline points="550,1693 575,1694 601,1695 627,1696 652,1696 678,1696 704,1697 729,1697 755,1697 781,1697 806,1697 832,1697 858,1697 883,1697 909,1697 935,1698 960,1698 986,1699 1012,1700"/>
                <TextEquiv>
                    <Unicode>le hace perder el color.</Unicode>
                </TextEquiv>
            </TextLine>
            <TextEquiv>
                <Unicode>para cantar con acompañamiento de guitarra.
Envidia tiene la rosa
de tu belleza y primor
y á la clavellina hermosa
le hace perder el color.</Unicode>
            </TextEquiv>
        </TextRegion>
        <TextRegion orientation="0.0" type="paragraph" id="r_5_1" custom="readingOrder {index:4;}">
            <Coords points="130,1746 714,1746 714,2249 130,2249"/>
            <TextLine id="r_5_1l1" custom="readingOrder {index:0;}">
                <Coords points="176,1796 202,1797 229,1798 255,1798 282,1799 309,1799 335,1800 362,1800 388,1800 415,1801 442,1801 468,1801 495,1801 521,1802 548,1802 575,1802 601,1803 628,1804 654,1804 681,1805 708,1806 708,1772 681,1771 654,1770 628,1770 601,1769 575,1768 548,1768 521,1768 495,1767 468,1767 442,1767 415,1767 388,1766 362,1766 335,1766 309,1765 282,1765 255,1764 229,1764 202,1763 176,1762"/>
                <Baseline points="176,1785 202,1786 229,1787 255,1787 282,1788 309,1788 335,1789 362,1789 388,1789 415,1790 442,1790 468,1790 495,1790 521,1791 548,1791 575,1791 601,1792 628,1793 654,1793 681,1794 708,1795"/>
                <TextEquiv>
                    <Unicode>Eres, mujer, tan garbosa,</Unicode>
                </TextEquiv>
            </TextLine>
            <TextLine id="r_5_1l2" custom="readingOrder {index:1;}">
                <Coords points="140,1846 165,1846 191,1846 217,1846 242,1846 268,1846 294,1847 320,1847 345,1847 371,1848 397,1848 423,1848 448,1849 474,1849 500,1849 526,1850 526,1816 500,1815 474,1815 448,1815 423,1814 397,1814 371,1814 345,1813 320,1813 294,1813 268,1812 242,1812 217,1812 191,1812 165,1812 140,1812"/>
                <Baseline points="140,1835 165,1835 191,1835 217,1835 242,1835 268,1835 294,1836 320,1836 345,1836 371,1837 397,1837 423,1837 448,1838 474,1838 500,1838 526,1839"/>
                <TextEquiv>
                    <Unicode>con tanta sabíduría</Unicode>
                </TextEquiv>
            </TextLine>
            <TextLine id="r_5_1l3" custom="readingOrder {index:2;}">
                <Coords points="140,1893 166,1894 192,1894 219,1894 245,1895 272,1895 298,1895 324,1896 351,1896 377,1896 404,1897 430,1897 456,1897 483,1898 509,1899 536,1899 562,1900 588,1900 615,1901 641,1902 668,1903 668,1869 641,1868 615,1867 588,1866 562,1866 536,1865 509,1865 483,1864 456,1863 430,1863 404,1863 377,1862 351,1862 324,1862 298,1861 272,1861 245,1861 219,1860 192,1860 166,1860 140,1859"/>
                <Baseline points="140,1882 166,1883 192,1883 219,1883 245,1884 272,1884 298,1884 324,1885 351,1885 377,1885 404,1886 430,1886 456,1886 483,1887 509,1888 536,1888 562,1889 588,1889 615,1890 641,1891 668,1892"/>
                <TextEquiv>
                    <Unicode>y en un todo tan graciosa,</Unicode>
                </TextEquiv>
            </TextLine>
            <TextLine id="r_5_1l4" custom="readingOrder {index:3;}">
                <Coords points="142,1942 168,1942 194,1943 220,1943 246,1943 272,1944 298,1944 324,1944 350,1944 376,1945 402,1945 428,1945 454,1946 480,1946 506,1947 532,1947 558,1948 584,1948 610,1949 610,1915 584,1914 558,1914 532,1913 506,1913 480,1912 454,1912 428,1911 402,1911 376,1911 350,1910 324,1910 298,1910 272,1910 246,1909 220,1909 194,1909 168,1908 142,1908"/>
                <Baseline points="142,1931 168,1931 194,1932 220,1932 246,1932 272,1933 298,1933 324,1933 350,1933 376,1934 402,1934 428,1934 454,1935 480,1935 506,1936 532,1936 558,1937 584,1937 610,1938"/>
                <TextEquiv>
                    <Unicode>que al mirar tu bizarria</Unicode>
                </TextEquiv>
            </TextLine>
            <TextLine id="r_5_1l5" custom="readingOrder {index:4;}">
                <Coords points="142,1990 167,1991 192,1992 217,1992 243,1992 268,1993 293,1993 319,1993 344,1993 369,1993 394,1994 420,1994 445,1994 470,1994 496,1995 521,1995 546,1996 572,1997 572,1963 546,1962 521,1961 496,1961 470,1960 445,1960 420,1960 394,1960 369,1959 344,1959 319,1959 293,1959 268,1959 243,1958 217,1958 192,1958 167,1957 142,1956"/>
                <Baseline points="142,1979 167,1980 192,1981 217,1981 243,1981 268,1982 293,1982 319,1982 344,1982 369,1982 394,1983 420,1983 445,1983 470,1983 496,1984 521,1984 546,1985 572,1986"/>
                <TextEquiv>
                    <Unicode>envidia tiene la rosa.</Unicode>
                </TextEquiv>
            </TextLine>
            <TextLine id="r_5_1l6" custom="readingOrder {index:5;}">
                <Coords points="178,2038 203,2039 228,2040 254,2040 279,2041 304,2041 330,2041 355,2042 381,2042 406,2042 431,2042 457,2042 482,2043 508,2043 533,2044 558,2044 584,2045 609,2046 635,2047 635,2013 609,2012 584,2011 558,2010 533,2010 508,2009 482,2009 457,2008 431,2008 406,2008 381,2008 355,2008 330,2007 304,2007 279,2007 254,2006 228,2006 203,2005 178,2004"/>
                <Baseline points="178,2027 203,2028 228,2029 254,2029 279,2030 304,2030 330,2030 355,2031 381,2031 406,2031 431,2031 457,2031 482,2032 508,2032 533,2033 558,2033 584,2034 609,2035 635,2036"/>
                <TextEquiv>
                    <Unicode>Te perdono el disfavor</Unicode>
                </TextEquiv>
            </TextLine>
            <TextLine id="r_5_1l7" custom="readingOrder {index:6;}">
                <Coords points="146,2086 172,2087 198,2089 224,2089 250,2090 276,2090 302,2091 328,2091 354,2091 380,2091 406,2091 432,2091 458,2091 484,2092 510,2092 536,2092 562,2093 588,2094 614,2095 640,2096 640,2062 614,2061 588,2060 562,2059 536,2058 510,2058 484,2058 458,2057 432,2057 406,2057 380,2057 354,2057 328,2057 302,2057 276,2056 250,2056 224,2055 198,2055 172,2053 146,2052"/>
                <Baseline points="146,2075 172,2076 198,2078 224,2078 250,2079 276,2079 302,2080 328,2080 354,2080 380,2080 406,2080 432,2080 458,2080 484,2081 510,2081 536,2081 562,2082 588,2083 614,2084 640,2085"/>
                <TextEquiv>
                    <Unicode>que tu delito ha causado,</Unicode>
                </TextEquiv>
            </TextLine>
            <TextLine id="r_5_1l8" custom="readingOrder {index:7;}">
                <Coords points="143,2135 168,2136 194,2136 220,2137 246,2138 272,2138 298,2139 324,2139 350,2139 376,2140 402,2140 427,2140 453,2140 479,2141 505,2141 531,2141 557,2141 583,2142 609,2142 635,2142 661,2143 661,2109 635,2108 609,2108 583,2108 557,2107 531,2107 505,2107 479,2107 453,2106 427,2106 402,2106 376,2106 350,2105 324,2105 298,2105 272,2104 246,2104 220,2103 194,2102 168,2102 143,2101"/>
                <Baseline points="143,2124 168,2125 194,2125 220,2126 246,2127 272,2127 298,2128 324,2128 350,2128 376,2129 402,2129 427,2129 453,2129 479,2130 505,2130 531,2130 557,2130 583,2131 609,2131 635,2131 661,2132"/>
                <TextEquiv>
                    <Unicode>porque al mirar tu arrebo!</Unicode>
                </TextEquiv>
            </TextLine>
            <TextLine id="r_5_1l9" custom="readingOrder {index:8;}">
                <Coords points="143,2183 169,2184 195,2184 222,2185 248,2185 274,2186 301,2186 327,2187 353,2187 380,2188 406,2188 432,2188 459,2189 485,2189 511,2189 538,2190 564,2190 590,2190 617,2191 643,2191 670,2191 670,2157 643,2157 617,2157 590,2156 564,2156 538,2156 511,2155 485,2155 459,2155 432,2154 406,2154 380,2154 353,2153 327,2153 301,2152 274,2152 248,2151 222,2151 195,2150 169,2150 143,2149"/>
                <Baseline points="143,2172 169,2173 195,2173 222,2174 248,2174 274,2175 301,2175 327,2176 353,2176 380,2177 406,2177 432,2177 459,2178 485,2178 511,2178 538,2179 564,2179 590,2179 617,2180 643,2180 670,2180"/>
                <TextEquiv>
                    <Unicode>vuelvo á quedar encantado</Unicode>
                </TextEquiv>
            </TextLine>
            <TextLine id="r_5_1l10" custom="readingOrder {index:9;}">
                <Coords points="141,2237 167,2237 193,2236 219,2236 246,2236 272,2236 298,2236 324,2237 351,2237 377,2238 403,2238 429,2239 456,2239 482,2240 508,2240 534,2241 561,2241 587,2242 613,2242 639,2242 666,2242 666,2208 639,2208 613,2208 587,2208 561,2207 534,2207 508,2206 482,2206 456,2205 429,2205 403,2204 377,2204 351,2203 324,2203 298,2202 272,2202 246,2202 219,2202 193,2202 167,2203 141,2203"/>
                <Baseline points="141,2226 167,2226 193,2225 219,2225 246,2225 272,2225 298,2225 324,2226 351,2226 377,2227 403,2227 429,2228 456,2228 482,2229 508,2229 534,2230 561,2230 587,2231 613,2231 639,2231 666,2231"/>
                <TextEquiv>
                    <Unicode>de tu hermosura y primor.</Unicode>
                </TextEquiv>
            </TextLine>
            <TextEquiv>
                <Unicode>Eres, mujer, tan garbosa,
con tanta sabíduría
y en un todo tan graciosa,
que al mirar tu bizarria
envidia tiene la rosa.
Te perdono el disfavor
que tu delito ha causado,
porque al mirar tu arrebo!
vuelvo á quedar encantado
de tu hermosura y primor.</Unicode>
            </TextEquiv>
        </TextRegion>
        <TextRegion orientation="0.0" type="paragraph" id="r_6_1" custom="readingOrder {index:5;}">
            <Coords points="858,1753 1413,1753 1413,2257 858,2257"/>
            <TextLine id="r_6_1l1" custom="readingOrder {index:0;}">
                <Coords points="909,1803 935,1804 961,1804 987,1805 1014,1805 1040,1806 1066,1806 1092,1806 1119,1807 1145,1807 1171,1807 1197,1808 1224,1808 1250,1808 1276,1809 1302,1809 1329,1810 1355,1810 1381,1812 1408,1812 1408,1778 1381,1778 1355,1776 1329,1776 1302,1775 1276,1775 1250,1774 1224,1774 1197,1774 1171,1773 1145,1773 1119,1773 1092,1772 1066,1772 1040,1772 1014,1771 987,1771 961,1770 935,1770 909,1769"/>
                <Baseline points="909,1792 935,1793 961,1793 987,1794 1014,1794 1040,1795 1066,1795 1092,1795 1119,1796 1145,1796 1171,1796 1197,1797 1224,1797 1250,1797 1276,1798 1302,1798 1329,1799 1355,1799 1381,1801 1408,1801"/>
                <TextEquiv>
                    <Unicode>No haré con acierto cosa</Unicode>
                </TextEquiv>
            </TextLine>
            <TextLine id="r_6_1l2" custom="readingOrder {index:1;}">
                <Coords points="864,1854 889,1854 915,1854 940,1854 966,1854 992,1854 1017,1854 1043,1855 1069,1855 1094,1855 1120,1855 1146,1855 1171,1856 1197,1857 1223,1857 1248,1858 1274,1860 1300,1861 1300,1828 1274,1827 1248,1825 1223,1824 1197,1824 1171,1823 1146,1822 1120,1822 1094,1822 1069,1822 1043,1822 1017,1821 992,1821 966,1821 940,1821 915,1821 889,1821 864,1821"/>
                <Baseline points="864,1843 889,1843 915,1843 940,1843 966,1843 992,1843 1017,1843 1043,1844 1069,1844 1094,1844 1120,1844 1146,1844 1171,1845 1197,1846 1223,1846 1248,1847 1274,1849 1300,1850"/>
                <TextEquiv>
                    <Unicode>si llegares á faltarme,</Unicode>
                </TextEquiv>
            </TextLine>
            <TextLine id="r_6_1l3" custom="readingOrder {index:2;}">
                <Coords points="870,1900 896,1901 922,1902 948,1902 974,1903 1000,1903 1026,1903 1052,1903 1078,1904 1104,1904 1130,1904 1156,1904 1182,1904 1208,1904 1234,1905 1260,1905 1286,1906 1312,1907 1338,1907 1364,1908 1364,1875 1338,1874 1312,1874 1286,1873 1260,1872 1234,1872 1208,1871 1182,1871 1156,1871 1130,1871 1104,1871 1078,1871 1052,1870 1026,1870 1000,1870 974,1870 948,1869 922,1869 896,1868 870,1867"/>
                <Baseline points="870,1889 896,1890 922,1891 948,1891 974,1892 1000,1892 1026,1892 1052,1892 1078,1893 1104,1893 1130,1893 1156,1893 1182,1893 1208,1893 1234,1894 1260,1894 1286,1895 1312,1896 1338,1896 1364,1897"/>
                <TextEquiv>
                    <Unicode>si te muestras desdeñosa</Unicode>
                </TextEquiv>
            </TextLine>
            <TextLine id="r_6_1l4" custom="readingOrder {index:3;}">
                <Coords points="863,1949 889,1949 915,1950 941,1950 967,1950 993,1951 1019,1951 1046,1951 1072,1952 1098,1952 1124,1953 1150,1953 1176,1953 1203,1954 1229,1954 1255,1954 1281,1955 1307,1955 1333,1956 1360,1956 1360,1922 1333,1922 1307,1921 1281,1921 1255,1920 1229,1920 1203,1920 1176,1919 1150,1919 1124,1919 1098,1918 1072,1918 1046,1917 1019,1917 993,1917 967,1916 941,1916 915,1916 889,1915 863,1915"/>
                <Baseline points="863,1938 889,1938 915,1939 941,1939 967,1939 993,1940 1019,1940 1046,1940 1072,1941 1098,1941 1124,1942 1150,1942 1176,1942 1203,1943 1229,1943 1255,1943 1281,1944 1307,1944 1333,1945 1360,1945"/>
                <TextEquiv>
                    <Unicode>á Vénus voy á quejarme</Unicode>
                </TextEquiv>
            </TextLine>
            <TextLine id="r_6_1l5" custom="readingOrder {index:4;}">
                <Coords points="866,2003 892,2002 918,2002 944,2001 970,2001 996,2001 1022,2001 1048,2001 1074,2001 1100,2001 1126,2001 1152,2002 1178,2002 1204,2003 1230,2003 1256,2004 1282,2004 1308,2005 1334,2005 1360,2006 1386,2006 1386,1972 1360,1972 1334,1971 1308,1971 1282,1970 1256,1970 1230,1969 1204,1969 1178,1968 1152,1968 1126,1967 1100,1967 1074,1967 1048,1967 1022,1967 996,1967 970,1967 944,1967 918,1968 892,1968 866,1969"/>
                <Baseline points="866,1992 892,1991 918,1991 944,1990 970,1990 996,1990 1022,1990 1048,1990 1074,1990 1100,1990 1126,1990 1152,1991 1178,1991 1204,1992 1230,1992 1256,1993 1282,1993 1308,1994 1334,1994 1360,1995 1386,1995"/>
                <TextEquiv>
                    <Unicode>y á la clavellina hermosa.</Unicode>
                </TextEquiv>
            </TextLine>
            <TextLine id="r_6_1l6" custom="readingOrder {index:5;}">
                <Coords points="914,2048 939,2048 964,2049 989,2049 1014,2049 1040,2050 1065,2050 1090,2050 1115,2050 1141,2050 1166,2050 1191,2051 1216,2051 1241,2051 1267,2052 1292,2052 1317,2053 1342,2054 1368,2055 1368,2021 1342,2020 1317,2019 1292,2018 1267,2018 1241,2017 1216,2017 1191,2017 1166,2016 1141,2016 1115,2016 1090,2016 1065,2016 1040,2016 1014,2015 989,2015 964,2015 939,2014 914,2014"/>
                <Baseline points="914,2037 939,2037 964,2038 989,2038 1014,2038 1040,2039 1065,2039 1090,2039 1115,2039 1141,2039 1166,2039 1191,2040 1216,2040 1241,2040 1267,2041 1292,2041 1317,2042 1342,2043 1368,2044"/>
                <TextEquiv>
                    <Unicode>Demuestras tanto valor</Unicode>
                </TextEquiv>
            </TextLine>
            <TextLine id="r_6_1l7" custom="readingOrder {index:6;}">
                <Coords points="866,2101 891,2101 917,2100 943,2100 968,2099 994,2099 1020,2099 1045,2099 1071,2099 1097,2099 1123,2099 1148,2099 1174,2099 1200,2100 1225,2100 1251,2101 1277,2102 1302,2103 1328,2103 1354,2104 1380,2106 1380,2073 1354,2071 1328,2070 1302,2070 1277,2069 1251,2068 1225,2067 1200,2067 1174,2066 1148,2066 1123,2066 1097,2066 1071,2066 1045,2066 1020,2066 994,2066 968,2066 943,2067 917,2067 891,2068 866,2068"/>
                <Baseline points="866,2090 891,2090 917,2089 943,2089 968,2088 994,2088 1020,2088 1045,2088 1071,2088 1097,2088 1123,2088 1148,2088 1174,2088 1200,2089 1225,2089 1251,2090 1277,2091 1302,2092 1328,2092 1354,2093 1380,2095"/>
                <TextEquiv>
                    <Unicode>para vencer á tu amante,</Unicode>
                </TextEquiv>
            </TextLine>
            <TextLine id="r_6_1l8" custom="readingOrder {index:7;}">
                <Coords points="863,2148 888,2148 913,2147 938,2147 963,2147 988,2147 1013,2147 1038,2147 1063,2147 1088,2148 1113,2148 1138,2149 1163,2149 1188,2149 1213,2150 1238,2150 1263,2150 1288,2150 1313,2150 1338,2150 1363,2150 1363,2117 1338,2117 1313,2117 1288,2117 1263,2117 1238,2117 1213,2117 1188,2116 1163,2116 1138,2116 1113,2115 1088,2115 1063,2114 1038,2114 1013,2114 988,2114 963,2114 938,2114 913,2114 888,2115 863,2115"/>
                <Baseline points="863,2137 888,2137 913,2136 938,2136 963,2136 988,2136 1013,2136 1038,2136 1063,2136 1088,2137 1113,2137 1138,2138 1163,2138 1188,2138 1213,2139 1238,2139 1263,2139 1288,2139 1313,2139 1338,2139 1363,2139"/>
                <TextEquiv>
                    <Unicode>que tu brillo y esplendor</Unicode>
                </TextEquiv>
            </TextLine>
            <TextLine id="r_6_1l9" custom="readingOrder {index:8;}">
                <Coords points="871,2195 897,2196 923,2197 949,2197 975,2197 1001,2197 1028,2197 1054,2197 1080,2197 1106,2197 1132,2197 1158,2196 1185,2196 1211,2197 1237,2197 1263,2197 1289,2198 1315,2198 1342,2199 1342,2165 1315,2164 1289,2164 1263,2163 1237,2163 1211,2163 1185,2162 1158,2162 1132,2163 1106,2163 1080,2163 1054,2163 1028,2163 1001,2163 975,2163 949,2163 923,2163 897,2162 871,2161"/>
                <Baseline points="871,2184 897,2185 923,2186 949,2186 975,2186 1001,2186 1028,2186 1054,2186 1080,2186 1106,2186 1132,2186 1158,2185 1185,2185 1211,2186 1237,2186 1263,2186 1289,2187 1315,2187 1342,2188"/>
                <TextEquiv>
                    <Unicode>á la perla y al diamante</Unicode>
                </TextEquiv>
            </TextLine>
            <TextLine id="r_6_1l10" custom="readingOrder {index:9;}">
                <Coords points="872,2242 897,2244 923,2245 949,2246 975,2246 1000,2247 1026,2247 1052,2247 1078,2247 1104,2247 1129,2247 1155,2247 1181,2247 1207,2247 1232,2247 1258,2247 1284,2248 1310,2248 1336,2249 1336,2215 1310,2214 1284,2214 1258,2213 1232,2213 1207,2213 1181,2213 1155,2213 1129,2213 1104,2213 1078,2213 1052,2213 1026,2213 1000,2213 975,2212 949,2212 923,2211 897,2210 872,2208"/>
                <Baseline points="872,2231 897,2233 923,2234 949,2235 975,2235 1000,2236 1026,2236 1052,2236 1078,2236 1104,2236 1129,2236 1155,2236 1181,2236 1207,2236 1232,2236 1258,2236 1284,2237 1310,2237 1336,2238"/>
                <TextEquiv>
                    <Unicode>le haces perder el color</Unicode>
                </TextEquiv>
            </TextLine>
            <TextEquiv>
                <Unicode>No haré con acierto cosa
si llegares á faltarme,
si te muestras desdeñosa
á Vénus voy á quejarme
y á la clavellina hermosa.
Demuestras tanto valor
para vencer á tu amante,
que tu brillo y esplendor
á la perla y al diamante
le haces perder el color</Unicode>
            </TextEquiv>
        </TextRegion>
    </Page>
</PcGts>
