1737 2508
1438 159 1469 314 7
153 290 637 327 pretencion de tu locura.
164 337 624 375 Y dicho esto, se aparta
156 386 667 423 de su vista; y él quedando
160 434 616 471 corrido con ira y saña
155 482 584 517 dijo: si con eso logro
156 531 682 571 todo el fin de mi esperanza,
148 579 683 617 te doy palabra de hacerlo,
156 626 676 666 aunque aventure mi alma.
145 674 552 712 Saliose despavorido,
153 722 564 760 y cual vivora pisada,
155 770 652 812 perturbados los sentidos,
147 819 681 859 al demonio busca y llama.
148 866 597 905 No se tardó en acudir,
158 917 729 956 pues no puso bien las plantas
156 964 619 998 en la calle, cuando oyó
156 1012 684 1050 un hombre que le llamaba.
143 1060 628 1096 Acercóse á él, y le dijo:
160 1107 682 1152 que me quieres, camarada,
160 1156 618 1193 que ansioso me buscas?
153 1204 666 1249 yo soy el que tu llamabas,
161 1252 647 1292 yo soy el demonio, pide.
149 1301 663 1343 Y como tan ciego estaba,
149 1350 578 1384 le dijo: muy obligado
163 1397 663 1437 quedaré, como me hagas
155 1444 640 1486 en frente de este balcon,
152 1493 626 1533 en esta espaciosa plaza
151 1542 675 1582 un jardin de cuantas flores
155 1589 722 1632 por todo el mundo se hallan,
152 1638 664 1675 con pajarillos que alegren
149 1686 682 1729 con su dulce consonancias;
147 1735 545 1771 si lo haces, te daré
155 1783 543 1818 una cédula firmada
151 1832 676 1872 de mi mano en que serás
150 1880 698 1923 dueño y señor de mi alma..
148 1929 670 1969 Respondióle soy contento,
160 1976 703 2017 venga, amigo, aquesa carta.
160 2025 664 2064 Sacó luego Don Fadrique
158 2073 674 2113 de un estuche una navaja,
159 2121 744 2163 y abriendo sus propias venas,
160 2170 705 2210 escribió en letras de grana,
154 2218 620 2255 el alma doy al demonio
154 2268 672 2306 por el amor de Constanza.
160 2318 702 2355 Se la dió, y dijo al partirse;
881 289 1392 324 si mi esclavo ya te llamas,
882 337 1392 371 de que te sirve el rosario
877 386 1396 422 con que ciñes la garganta?
884 432 1348 469 arrójale. Y él responde:
876 481 1430 517 no, que hasta ver tu palabra
883 529 1433 567 cumplida no soy tu esclavo;
878 578 1372 614 logre yo mis esperanzas,
880 626 1349 663 y desde luego soy tuyo,
879 675 1457 711 y harás lo que mas te plazca.
877 722 1392 762 Tú lograrás tu intencion,
875 770 1380 808 roplicó, vete y descansa.
876 818 1370 856 Desapareció el demonio,
873 866 1397 907 Fadrique se fué á su casa,
880 914 1292 950 olvidado de la ofensa
872 962 1319 1001 contra Dios ejecutada,
882 1012 1310 1048 deseando amaneciese:
879 1058 1404 1100 y ántes que rayáse el alva,
878 1106 1352 1146 se fué al sitio señaiado,
875 1155 1423 1195 y quedó obsorto al ver tanta
884 1204 1436 1243 variedad de hermosas flores;
877 1251 1407 1290 juzgó que alli se ostentaba
882 1300 1326 1338 el palacio de Amaltea;
882 1348 1404 1388 ó era de Flora la estancia;
880 1394 1426 1438 pues lo vario en los colores,
876 1444 1380 1484 tanta yerba, tanta planta,
872 1492 1306 1528 tanto alegre pajarillo,
883 1540 1386 1580 con alegres consonancias,
880 1588 1327 1626 lisongeaban el viento,
878 1637 1344 1674 y á los ojos admiraban.
878 1685 1424 1727 A cuyo tiempo Don Cárlos,
879 1734 1353 1769 el marído de Constanza,
881 1781 1400 1822 saliendo á abrir el balcon,
871 1830 1310 1867 al ver maravilla tanta,
881 1877 1338 1917 y tan grande novedad,
880 1927 1426 1964 al punto á su esposa llama
879 1974 1400 2014 la cual se quedó suspensa,
879 2023 1249 2058 atónita y asustada,
883 2072 1394 2107 pues la vino á la memoria
874 2121 1304 2155 al instante la palabra
881 2170 1469 2205 que habia dado á Don Fadriqu
879 2215 1401 2254 y en razones mal formadas
875 2265 1333 2301 á la Virgen del Rosario
878 2315 1460 2352 en su ayuda implora y llama,
