1737 2508
1435 26 1455 178 3
151 167 656 205 Sus perfecciones no digo,
159 217 763 253 por no hacer la hístoria larga;
161 264 630 300 pues era mortal envidia
155 312 663 349 de las deidades humanas.
162 360 628 395 Tiró Cupido una flecha
163 409 654 445 al corazon de Constanza.
161 457 586 490 por mano de D. José,
161 504 751 541 tanto que de amor se abrasa.
161 552 690 589 A este tiempo D. Fadrique
171 601 740 640 pena y muere por Constanza;
174 649 593 685 Costanza le aborrecia,
169 696 661 733 tanto que cuando pasaba
168 744 714 785 por frente de sus balcones,
171 793 671 831 por no verle los cerraba.
175 840 619 876 Tenia tambien consigo
166 888 758 928 Doña Constanza una hermana,
162 936 635 974 llamada Doña Teodosia,
167 985 692 1025 tan hermosa y tan bizarra,
174 1036 700 1072 que si Constanza era bella,
166 1082 760 1119 era mas linda la hermana.
172 1130 700 1165 Teodosia por Don Fadrique
168 1178 578 1214 dias y noche pasaba
173 1227 706 1265 en un penar muy continuo,
177 1275 741 1312 pues de fino amor se abrasa,
178 1322 680 1359 dando de su pasion ciega
178 1371 718 1407 demostracíónes muy claras.
175 1418 626 1456 Fadrique la aborrecia,
178 1465 726 1503 pues solamente á Constanza
180 1516 726 1551 su amor le habia entregado,
177 1563 704 1598 potencias, sentidos y alma.
187 1610 658 1647 Viendo la noble señora,
184 1659 718 1696 que Don Fadrique penaba,
183 1708 747 1744 y que Don José su hermano
183 1755 735 1792 era el que la robó el alma,
185 1805 668 1839 se valió de la prudencia,
183 1851 667 1888 y una noche que pasaba
188 1900 714 1937 Don Fadrique por su calle,
187 1947 610 1985 por una ventana baja
181 1996 701 2034 le llamó con gran secreto.
192 2044 652 2081 y le dijo estas paladras:
181 2092 651 2130 señor Don Fadrique, yo
188 2141 653 2181 soy la infeliz Conztanza,
184 2190 743 2229 mas temo que por hermosa
876 155 1387 195 tengo de ser desgraciada.
878 202 1469 243 Don José su amado hermano,
886 253 1312 291 mayorazgo de su casa,
880 302 1362 339 me lleva las atenciones,
883 349 1458 385 y estoy de su amor prendada.
886 397 1423 435 Y asi, señor Don Fadrique,
887 445 1387 483 puede buscar otra dama,
892 493 1431 532 que si yo no soy su esposa,
883 542 1477 579 es que quiero ser su hermana.
891 590 1382 628 No dijo mas: y con esto,
888 640 1327 677 cerrandole la ventana,
891 686 1465 724 quedó el señor Don Fadrique
891 733 1439 774 como un tigre con tal rabia
891 782 1445 820 que un leon en lo iracundo
904 830 1341 869 parecia, pues hechaba
890 879 1454 917 mucha espuma por la boca,
897 928 1331 965 maldecia y perjuraba.
903 977 1413 1015 Quién dijera, quién dijera,
899 1024 1378 1062 que amor le precipitara
935 1072 1500 1109 un hecho el mas asombroso,
898 1122 1402 1158 á la mas enorme infamia,
895 1168 1568 1206 que fué dar muerte á su hermano.
899 1218 1365 1256 Asi fué: pues á su casa
901 1266 1351 1302 caminó con ira y furia,
901 1314 1356 1351 y sin hablarle palabra,
905 1361 1382 1399 y sin que se defendiera,
910 1410 1480 1447 pues descuidado se hallaba;
906 1458 1515 1495 le dió á Don José su hermano
907 1506 1380 1543 una tan fuerte estocada,
909 1552 1434 1592 que le derribó en el suelo,
912 1602 1386 1639 y con cuatro puñaladas
912 1650 1461 1687 le dió la muerte, y despues
912 1699 1309 1736 con ferocidad osada
899 1748 1312 1784 en un pozo le arrijó,
899 1795 1382 1831 sin que nadie de la casa
907 1842 1378 1880 fuese testigo del hecho.
912 1892 1358 1927 Y recogiendo la plata,
903 1941 1367 1976 se salió con su caballo,
911 1988 1411 2024 y en Almería se embarca
907 2035 1342 2073 en un navio soberbio,
909 2084 1405 2121 que navegó con bonanza
911 2133 1390 2169 hasta el reino de Sicilia;
911 2181 1418 2218 y en la provincia de Italia
