<?xml version="1.0" encoding="UTF-8" standalone="yes"?>
<PcGts xmlns="http://schema.primaresearch.org/PAGE/gts/pagecontent/2013-07-15" xmlns:xsi="http://www.w3.org/2001/XMLSchema-instance" xsi:schemaLocation="http://schema.primaresearch.org/PAGE/gts/pagecontent/2013-07-15 http://schema.primaresearch.org/PAGE/gts/pagecontent/2013-07-15/pagecontent.xsd">
    <Metadata>
        <Creator>prov=University of Rostock/Institute of Mathematics/CITlab|PLANET AI GmbH/Gundram Leifert/gundram.leifert@planet-ai.de:name=Pliegos de Cordel (XIXe) - v4(htr_id=27283)::::v=2.6.7
prov=University of Rostock/Institute of Mathematics/CITlab|PLANET AI GmbH/Tobias Gruening/tobias.gruening@planet-ai.de:name=de.uros.citlab.module.baseline2polygon.B2PSeamMultiOriented:v=2.6.7
prov=University of Rostock/Institute of Mathematics/CITlab|PLANET AI GmbH/Tobias Gruening/tobias.gruening@planet-ai.de:name=/net_tf/LA73_249_0mod360.pb:de.uros.citlab.segmentation.CITlab_LA_ML:v=2.6.7
Transkribus</Creator>
        <Created>2020-12-04T14:17:33.271+01:00</Created>
        <LastChange>2020-12-18T15:50:59.027+01:00</LastChange>
        <Comments>
                Measurement unit: pixel
                PrimaryLanguage: 
                Producer: Transkribus
            </Comments>
        <TranskribusMetadata docId="525392" pageId="22319430" pageNr="102" tsid="50433431" status="DONE" userId="66244" imgUrl="https://files.transkribus.eu/Get?id=THOMGZAHWVXCNVCOUSBTDXNY&amp;fileType=view" xmlUrl="https://files.transkribus.eu/Get?id=LTUOFBBMJHZSEHJNRSGNKXZJ" imageId="17388945"/>
    </Metadata>
    <Page imageFilename="Moreno_284_2.jpg" imageWidth="1765" imageHeight="2512">
        <PrintSpace>
            <Coords points="0,0 1765,0 1765,2512 0,2512"/>
        </PrintSpace>
        <ReadingOrder>
            <OrderedGroup id="ro_1608304707323" caption="Regions reading order">
                <RegionRefIndexed index="0" regionRef="r_2_1"/>
                <RegionRefIndexed index="1" regionRef="r_3_1"/>
            </OrderedGroup>
        </ReadingOrder>
        <TextRegion orientation="0.0" type="paragraph" id="r_2_1" custom="readingOrder {index:0;}">
            <Coords points="163,241 846,241 846,2378 163,2378"/>
            <TextLine id="r_2_1l1" custom="readingOrder {index:0;}">
                <Coords points="276,295 296,295 296,261 276,261"/>
                <Baseline points="276,284 296,284"/>
                <TextEquiv>
                    <Unicode>2</Unicode>
                </TextEquiv>
            </TextLine>
            <TextLine id="r_2_1l2" custom="readingOrder {index:1;}">
                <Coords points="172,345 198,344 224,344 250,343 276,343 302,342 328,342 354,341 380,341 406,341 432,341 458,341 484,340 510,340 536,340 562,340 588,340 614,339 640,339 666,339 666,305 640,305 614,305 588,306 562,306 536,306 510,306 484,306 458,307 432,307 406,307 380,307 354,307 328,308 302,308 276,309 250,309 224,310 198,310 172,311"/>
                <Baseline points="172,334 198,333 224,333 250,332 276,332 302,331 328,331 354,330 380,330 406,330 432,330 458,330 484,329 510,329 536,329 562,329 588,329 614,328 640,328 666,328"/>
                <TextEquiv>
                    <Unicode>poniendo èl fiero dragon</Unicode>
                </TextEquiv>
            </TextLine>
            <TextLine id="r_2_1l3" custom="readingOrder {index:2;}">
                <Coords points="176,392 201,392 227,391 253,391 279,391 304,390 330,390 356,390 382,389 407,389 433,389 459,389 485,388 510,388 536,388 562,388 588,388 613,387 639,387 665,387 691,387 691,354 665,354 639,354 613,354 588,355 562,355 536,355 510,355 485,355 459,356 433,356 407,356 382,356 356,357 330,357 304,357 279,358 253,358 227,358 201,359 176,359"/>
                <Baseline points="176,381 201,381 227,380 253,380 279,380 304,379 330,379 356,379 382,378 407,378 433,378 459,378 485,377 510,377 536,377 562,377 588,377 613,376 639,376 665,376 691,376"/>
                <TextEquiv>
                    <Unicode>por trofeo de sus plantas:</Unicode>
                </TextEquiv>
            </TextLine>
            <TextLine id="r_2_1l4" custom="readingOrder {index:3;}">
                <Coords points="167,438 193,439 220,439 247,439 273,439 300,439 327,439 353,438 380,438 407,437 434,437 460,436 487,435 514,435 540,435 567,435 594,435 620,435 647,435 674,436 701,437 701,404 674,403 647,402 620,402 594,402 567,402 540,402 514,402 487,402 460,403 434,404 407,404 380,405 353,405 327,406 300,406 273,406 247,406 220,406 193,406 167,405"/>
                <Baseline points="167,427 193,428 220,428 247,428 273,428 300,428 327,428 353,427 380,427 407,426 434,426 460,425 487,424 514,424 540,424 567,424 594,424 620,424 647,424 674,425 701,426"/>
                <TextEquiv>
                    <Unicode>aquella que vió San Juan</Unicode>
                </TextEquiv>
            </TextLine>
            <TextLine id="r_2_1l5" custom="readingOrder {index:4;}">
                <Coords points="172,489 197,489 223,488 248,488 274,487 300,487 325,486 351,486 376,485 402,485 428,484 453,484 479,483 504,483 530,483 556,483 581,483 607,484 633,484 633,450 607,450 581,449 556,449 530,449 504,449 479,449 453,450 428,450 402,451 376,451 351,452 325,452 300,453 274,453 248,454 223,454 197,455 172,455"/>
                <Baseline points="172,478 197,478 223,477 248,477 274,476 300,476 325,475 351,475 376,474 402,474 428,473 453,473 479,472 504,472 530,472 556,472 581,472 607,473 633,473"/>
                <TextEquiv>
                    <Unicode>con grande perspicacia</Unicode>
                </TextEquiv>
            </TextLine>
            <TextLine id="r_2_1l6" custom="readingOrder {index:5;}">
                <Coords points="167,537 193,537 220,537 247,536 274,536 300,536 327,535 354,535 381,534 407,533 434,533 461,532 488,532 514,532 541,531 568,531 595,531 621,532 648,532 675,532 702,533 702,499 675,498 648,498 621,498 595,497 568,497 541,497 514,498 488,498 461,498 434,499 407,499 381,500 354,501 327,501 300,502 274,502 247,502 220,503 193,503 167,503"/>
                <Baseline points="167,526 193,526 220,526 247,525 274,525 300,525 327,524 354,524 381,523 407,522 434,522 461,521 488,521 514,521 541,520 568,520 595,520 621,521 648,521 675,521 702,522"/>
                <TextEquiv>
                    <Unicode>que estaba del Sol vestida,</Unicode>
                </TextEquiv>
            </TextLine>
            <TextLine id="r_2_1l7" custom="readingOrder {index:6;}">
                <Coords points="171,588 196,587 222,586 247,585 273,584 299,584 324,583 350,583 376,582 401,582 427,582 452,582 478,581 504,581 529,581 555,581 581,581 581,547 555,547 529,547 504,547 478,547 452,548 427,548 401,548 376,548 350,549 324,549 299,550 273,550 247,551 222,552 196,553 171,554"/>
                <Baseline points="171,577 196,576 222,575 247,574 273,573 299,573 324,572 350,572 376,571 401,571 427,571 452,571 478,570 504,570 529,570 555,570 581,570"/>
                <TextEquiv>
                    <Unicode>y de la luna calzada,</Unicode>
                </TextEquiv>
            </TextLine>
            <TextLine id="r_2_1l8" custom="readingOrder {index:7;}">
                <Coords points="173,636 198,635 224,634 249,633 275,632 301,631 326,631 352,630 377,630 403,630 429,629 454,629 480,629 505,629 531,629 557,629 582,629 608,629 633,629 659,629 685,629 685,596 659,596 633,596 608,596 582,596 557,596 531,596 505,596 480,596 454,596 429,596 403,597 377,597 352,597 326,598 301,598 275,599 249,600 224,601 198,602 173,603"/>
                <Baseline points="173,625 198,624 224,623 249,622 275,621 301,620 326,620 352,619 377,619 403,619 429,618 454,618 480,618 505,618 531,618 557,618 582,618 608,618 633,618 659,618 685,618"/>
                <TextEquiv>
                    <Unicode>y una corona de estrellas</Unicode>
                </TextEquiv>
            </TextLine>
            <TextLine id="r_2_1l9" custom="readingOrder {index:8;}">
                <Coords points="163,679 189,680 215,680 241,680 267,680 294,680 320,680 346,679 372,679 398,679 425,678 451,678 477,677 503,677 529,677 556,677 582,677 608,677 634,678 660,678 687,679 687,646 660,645 634,645 608,644 582,644 556,644 529,644 503,644 477,644 451,645 425,645 398,646 372,646 346,646 320,647 294,647 267,647 241,647 215,647 189,647 163,646"/>
                <Baseline points="163,668 189,669 215,669 241,669 267,669 294,669 320,669 346,668 372,668 398,668 425,667 451,667 477,666 503,666 529,666 556,666 582,666 608,666 634,667 660,667 687,668"/>
                <TextEquiv>
                    <Unicode>sobre sus sienes sagradas;</Unicode>
                </TextEquiv>
            </TextLine>
            <TextLine id="r_2_1l10" custom="readingOrder {index:9;}">
                <Coords points="164,728 190,729 216,729 242,729 269,729 295,728 321,727 348,727 374,726 400,726 427,725 453,726 479,726 506,727 506,693 479,692 453,692 427,691 400,692 374,692 348,693 321,693 295,694 269,695 242,695 216,695 190,695 164,694"/>
                <Baseline points="164,717 190,718 216,718 242,718 269,718 295,717 321,716 348,716 374,715 400,715 427,714 453,715 479,715 506,716"/>
                <TextEquiv>
                    <Unicode>á la vara de José</Unicode>
                </TextEquiv>
            </TextLine>
            <TextLine id="r_2_1l11" custom="readingOrder {index:10;}">
                <Coords points="164,776 189,777 214,777 239,777 264,777 289,777 314,776 340,776 365,775 390,775 415,774 440,774 465,774 491,773 516,773 541,773 566,773 591,773 616,774 642,775 642,742 616,741 591,740 566,740 541,740 516,740 491,740 465,741 440,741 415,741 390,742 365,742 340,743 314,743 289,744 264,744 239,744 214,744 189,744 164,743"/>
                <Baseline points="164,765 189,766 214,766 239,766 264,766 289,766 314,765 340,765 365,764 390,764 415,763 440,763 465,763 491,762 516,762 541,762 566,762 591,762 616,763 642,764"/>
                <TextEquiv>
                    <Unicode>á la hija de Santa Ana,</Unicode>
                </TextEquiv>
            </TextLine>
            <TextLine id="r_2_1l12" custom="readingOrder {index:11;}">
                <Coords points="169,827 195,827 221,826 248,826 274,825 300,825 327,825 353,824 379,824 406,823 432,823 458,822 485,822 511,822 537,821 564,821 590,820 616,820 643,820 643,787 616,787 590,787 564,788 537,788 511,789 485,789 458,789 432,790 406,790 379,791 353,791 327,792 300,792 274,792 248,793 221,793 195,794 169,794"/>
                <Baseline points="169,816 195,816 221,815 248,815 274,814 300,814 327,814 353,813 379,813 406,812 432,812 458,811 485,811 511,811 537,810 564,810 590,809 616,809 643,809"/>
                <TextEquiv>
                    <Unicode>para de una vez decirlo</Unicode>
                </TextEquiv>
            </TextLine>
            <TextLine id="r_2_1l13" custom="readingOrder {index:12;}">
                <Coords points="163,874 189,873 215,873 241,872 267,872 293,871 319,871 345,871 371,870 397,870 423,870 449,869 475,869 501,869 527,868 553,868 579,868 579,835 553,835 527,835 501,836 475,836 449,836 423,837 397,837 371,837 345,838 319,838 293,838 267,839 241,839 215,840 189,840 163,841"/>
                <Baseline points="163,863 189,862 215,862 241,861 267,861 293,860 319,860 345,860 371,859 397,859 423,859 449,858 475,858 501,858 527,857 553,857 579,857"/>
                <TextEquiv>
                    <Unicode>á la Virgen soberana</Unicode>
                </TextEquiv>
            </TextLine>
            <TextLine id="r_2_1l14" custom="readingOrder {index:13;}">
                <Coords points="167,922 193,922 219,921 245,921 271,920 297,920 323,919 349,919 375,918 401,918 427,917 453,917 479,917 505,917 531,917 557,917 583,917 609,917 609,883 583,883 557,883 531,883 505,883 479,883 453,883 427,883 401,884 375,884 349,885 323,885 297,886 271,886 245,887 219,887 193,888 167,888"/>
                <Baseline points="167,911 193,911 219,910 245,910 271,909 297,909 323,908 349,908 375,907 401,907 427,906 453,906 479,906 505,906 531,906 557,906 583,906 609,906"/>
                <TextEquiv>
                    <Unicode>con titulo del Rosario</Unicode>
                </TextEquiv>
            </TextLine>
            <TextLine id="r_2_1l15" custom="readingOrder {index:14;}">
                <Coords points="170,970 198,969 227,969 256,969 285,969 314,968 342,968 371,967 400,967 429,966 458,966 486,965 515,965 544,964 573,964 602,964 630,964 659,965 688,965 717,966 746,967 746,933 717,932 688,931 659,931 630,930 602,930 573,930 544,930 515,931 486,931 458,932 429,932 400,933 371,933 342,934 314,934 285,935 256,935 227,935 198,935 170,936"/>
                <Baseline points="170,959 198,958 227,958 256,958 285,958 314,957 342,957 371,956 400,956 429,955 458,955 486,954 515,954 544,953 573,953 602,953 630,953 659,954 688,954 717,955 746,956"/>
                <TextEquiv>
                    <Unicode>es á quien mi afecto llama,</Unicode>
                </TextEquiv>
            </TextLine>
            <TextLine id="r_2_1l16" custom="readingOrder {index:15;}">
                <Coords points="169,1024 194,1022 219,1021 245,1019 270,1018 296,1017 321,1017 346,1016 372,1015 397,1015 423,1015 448,1014 473,1014 499,1014 524,1014 550,1014 575,1014 600,1014 626,1014 651,1014 677,1014 677,980 651,980 626,980 600,980 575,980 550,980 524,980 499,980 473,980 448,980 423,981 397,981 372,981 346,982 321,983 296,983 270,984 245,985 219,987 194,988 169,990"/>
                <Baseline points="169,1013 194,1011 219,1010 245,1008 270,1007 296,1006 321,1006 346,1005 372,1004 397,1004 423,1004 448,1003 473,1003 499,1003 524,1003 550,1003 575,1003 600,1003 626,1003 651,1003 677,1003"/>
                <TextEquiv>
                    <Unicode>para que me dé su ayuda</Unicode>
                </TextEquiv>
            </TextLine>
            <TextLine id="r_2_1l17" custom="readingOrder {index:16;}">
                <Coords points="167,1071 193,1069 219,1068 245,1068 271,1067 297,1066 323,1065 349,1064 375,1064 401,1063 428,1063 454,1063 480,1062 506,1062 532,1062 558,1062 584,1062 610,1062 636,1062 662,1062 689,1063 689,1029 662,1028 636,1028 610,1028 584,1028 558,1028 532,1028 506,1028 480,1028 454,1029 428,1029 401,1029 375,1030 349,1030 323,1031 297,1032 271,1033 245,1034 219,1034 193,1035 167,1037"/>
                <Baseline points="167,1060 193,1058 219,1057 245,1057 271,1056 297,1055 323,1054 349,1053 375,1053 401,1052 428,1052 454,1052 480,1051 506,1051 532,1051 558,1051 584,1051 610,1051 636,1051 662,1051 689,1052"/>
                <TextEquiv>
                    <Unicode>y me asísta con su gracia,</Unicode>
                </TextEquiv>
            </TextLine>
            <TextLine id="r_2_1l18" custom="readingOrder {index:17;}">
                <Coords points="176,1115 202,1115 228,1114 254,1114 280,1113 306,1113 332,1113 358,1112 384,1112 410,1111 436,1111 462,1110 488,1110 514,1110 540,1110 566,1109 592,1109 618,1109 644,1109 670,1109 696,1109 696,1076 670,1076 644,1076 618,1076 592,1076 566,1076 540,1077 514,1077 488,1077 462,1077 436,1078 410,1078 384,1079 358,1079 332,1080 306,1080 280,1080 254,1081 228,1081 202,1082 176,1082"/>
                <Baseline points="176,1104 202,1104 228,1103 254,1103 280,1102 306,1102 332,1102 358,1101 384,1101 410,1100 436,1100 462,1099 488,1099 514,1099 540,1099 566,1098 592,1098 618,1098 644,1098 670,1098 696,1098"/>
                <TextEquiv>
                    <Unicode>dé luz á mi entendimiento</Unicode>
                </TextEquiv>
            </TextLine>
            <TextLine id="r_2_1l19" custom="readingOrder {index:18;}">
                <Coords points="175,1161 200,1162 225,1163 250,1163 275,1163 300,1162 326,1162 351,1161 376,1161 401,1160 426,1160 451,1159 477,1159 502,1159 527,1158 552,1159 577,1160 602,1161 628,1162 628,1129 602,1128 577,1127 552,1126 527,1125 502,1126 477,1126 451,1126 426,1127 401,1127 376,1128 351,1128 326,1129 300,1129 275,1130 250,1130 225,1130 200,1129 175,1128"/>
                <Baseline points="175,1150 200,1151 225,1152 250,1152 275,1152 300,1151 326,1151 351,1150 376,1150 401,1149 426,1149 451,1148 477,1148 502,1148 527,1147 552,1148 577,1149 602,1150 628,1151"/>
                <TextEquiv>
                    <Unicode>y vigor á mis palabras,</Unicode>
                </TextEquiv>
            </TextLine>
            <TextLine id="r_2_1l20" custom="readingOrder {index:19;}">
                <Coords points="173,1212 202,1211 231,1211 261,1211 290,1210 320,1210 349,1210 379,1209 408,1209 438,1209 467,1208 496,1208 526,1207 555,1207 585,1207 614,1206 644,1206 673,1206 703,1206 732,1205 762,1205 762,1171 732,1171 703,1172 673,1172 644,1172 614,1172 585,1173 555,1173 526,1173 496,1174 467,1174 438,1175 408,1175 379,1175 349,1176 320,1176 290,1176 261,1177 231,1177 202,1177 173,1178"/>
                <Baseline points="173,1201 202,1200 231,1200 261,1200 290,1199 320,1199 349,1199 379,1198 408,1198 438,1198 467,1197 496,1197 526,1196 555,1196 585,1196 614,1195 644,1195 673,1195 703,1195 732,1194 762,1194"/>
                <TextEquiv>
                    <Unicode>porque esplique á los oyentes</Unicode>
                </TextEquiv>
            </TextLine>
            <TextLine id="r_2_1l21" custom="readingOrder {index:20;}">
                <Coords points="169,1260 195,1260 221,1259 248,1259 274,1258 300,1258 327,1257 353,1257 379,1256 406,1256 432,1256 458,1255 485,1255 511,1255 537,1255 564,1255 590,1255 616,1255 643,1255 643,1221 616,1221 590,1221 564,1221 537,1221 511,1221 485,1221 458,1221 432,1222 406,1222 379,1222 353,1223 327,1223 300,1224 274,1224 248,1225 221,1225 195,1226 169,1226"/>
                <Baseline points="169,1249 195,1249 221,1248 248,1248 274,1247 300,1247 327,1246 353,1246 379,1245 406,1245 432,1245 458,1244 485,1244 511,1244 537,1244 564,1244 590,1244 616,1244 643,1244"/>
                <TextEquiv>
                    <Unicode>con brevedad y eficacia</Unicode>
                </TextEquiv>
            </TextLine>
            <TextLine id="r_2_1l22" custom="readingOrder {index:21;}">
                <Coords points="175,1309 200,1308 225,1308 250,1307 275,1306 300,1306 325,1305 351,1305 376,1304 401,1304 426,1303 451,1303 476,1303 501,1303 527,1303 552,1303 577,1303 602,1304 627,1305 652,1306 678,1307 678,1273 652,1272 627,1271 602,1270 577,1269 552,1269 527,1269 501,1269 476,1269 451,1269 426,1269 401,1270 376,1270 351,1271 325,1271 300,1272 275,1272 250,1273 225,1274 200,1274 175,1275"/>
                <Baseline points="175,1298 200,1297 225,1297 250,1296 275,1295 300,1295 325,1294 351,1294 376,1293 401,1293 426,1292 451,1292 476,1292 501,1292 527,1292 552,1292 577,1292 602,1293 627,1294 652,1295 678,1296"/>
                <TextEquiv>
                    <Unicode>á cuanto el amor ablíga;. </Unicode>
                </TextEquiv>
            </TextLine>
            <TextLine id="r_2_1l23" custom="readingOrder {index:22;}">
                <Coords points="175,1357 203,1356 232,1356 261,1356 290,1355 319,1354 348,1354 376,1353 405,1352 434,1352 463,1351 492,1351 521,1350 550,1350 578,1350 607,1351 636,1351 665,1352 694,1353 723,1354 752,1356 752,1322 723,1320 694,1319 665,1318 636,1317 607,1317 578,1316 550,1316 521,1316 492,1317 463,1317 434,1318 405,1318 376,1319 348,1320 319,1320 290,1321 261,1322 232,1322 203,1322 175,1323"/>
                <Baseline points="175,1346 203,1345 232,1345 261,1345 290,1344 319,1343 348,1343 376,1342 405,1341 434,1341 463,1340 492,1340 521,1339 550,1339 578,1339 607,1340 636,1340 665,1341 694,1342 723,1343 752,1345"/>
                <TextEquiv>
                    <Unicode>las penas que el amor causa,</Unicode>
                </TextEquiv>
            </TextLine>
            <TextLine id="r_2_1l24" custom="readingOrder {index:23;}">
                <Coords points="178,1404 203,1404 229,1405 255,1405 280,1404 306,1404 332,1404 357,1403 383,1402 409,1401 434,1401 460,1400 486,1399 511,1399 537,1399 563,1399 588,1399 614,1400 640,1401 640,1367 614,1366 588,1365 563,1365 537,1365 511,1365 486,1365 460,1366 434,1367 409,1367 383,1368 357,1369 332,1370 306,1370 280,1370 255,1371 229,1371 203,1370 178,1370"/>
                <Baseline points="178,1393 203,1393 229,1394 255,1394 280,1393 306,1393 332,1393 357,1392 383,1391 409,1390 434,1390 460,1389 486,1388 511,1388 537,1388 563,1388 588,1388 614,1389 640,1390"/>
                <TextEquiv>
                    <Unicode>los desatinos y enrodos</Unicode>
                </TextEquiv>
            </TextLine>
            <TextLine id="r_2_1l25" custom="readingOrder {index:24;}">
                <Coords points="169,1454 198,1453 228,1453 257,1452 287,1452 316,1451 346,1451 375,1450 405,1450 434,1449 464,1449 493,1448 523,1448 552,1448 582,1448 611,1448 641,1448 670,1448 700,1448 729,1449 759,1449 759,1415 729,1415 700,1414 670,1414 641,1414 611,1414 582,1414 552,1414 523,1414 493,1414 464,1415 434,1415 405,1416 375,1416 346,1417 316,1417 287,1418 257,1418 228,1419 198,1419 169,1420"/>
                <Baseline points="169,1443 198,1442 228,1442 257,1441 287,1441 316,1440 346,1440 375,1439 405,1439 434,1438 464,1438 493,1437 523,1437 552,1437 582,1437 611,1437 641,1437 670,1437 700,1437 729,1438 759,1438"/>
                <TextEquiv>
                    <Unicode>que entre los amantes pasan.</Unicode>
                </TextEquiv>
            </TextLine>
            <TextLine id="r_2_1l26" custom="readingOrder {index:25;}">
                <Coords points="177,1500 202,1501 228,1501 254,1501 280,1501 305,1501 331,1500 357,1499 383,1499 409,1498 434,1497 460,1497 486,1496 512,1496 538,1495 563,1495 589,1495 615,1495 641,1496 667,1497 667,1463 641,1462 615,1461 589,1461 563,1461 538,1461 512,1462 486,1462 460,1463 434,1463 409,1464 383,1465 357,1465 331,1466 305,1467 280,1467 254,1467 228,1467 202,1467 177,1466"/>
                <Baseline points="177,1489 202,1490 228,1490 254,1490 280,1490 305,1490 331,1489 357,1488 383,1488 409,1487 434,1486 460,1486 486,1485 512,1485 538,1484 563,1484 589,1484 615,1484 641,1485 667,1486"/>
                <TextEquiv>
                    <Unicode>Pero para que me canso,</Unicode>
                </TextEquiv>
            </TextLine>
            <TextLine id="r_2_1l27" custom="readingOrder {index:26;}">
                <Coords points="171,1549 198,1549 225,1549 252,1549 279,1549 306,1548 333,1548 361,1547 388,1547 415,1546 442,1546 469,1545 496,1545 523,1545 551,1544 578,1544 605,1545 632,1545 659,1546 686,1547 714,1548 714,1514 686,1513 659,1512 632,1511 605,1511 578,1510 551,1510 523,1511 496,1511 469,1511 442,1512 415,1512 388,1513 361,1513 333,1514 306,1514 279,1515 252,1515 225,1515 198,1515 171,1515"/>
                <Baseline points="171,1538 198,1538 225,1538 252,1538 279,1538 306,1537 333,1537 361,1536 388,1536 415,1535 442,1535 469,1534 496,1534 523,1534 551,1533 578,1533 605,1534 632,1534 659,1535 686,1536 714,1537"/>
                <TextEquiv>
                    <Unicode>si es cosa evidente y clara,</Unicode>
                </TextEquiv>
            </TextLine>
            <TextLine id="r_2_1l28" custom="readingOrder {index:27;}">
                <Coords points="182,1598 208,1598 234,1598 260,1597 286,1597 313,1596 339,1596 365,1595 391,1595 417,1594 444,1593 470,1593 496,1592 522,1592 548,1592 575,1592 601,1592 627,1593 653,1594 679,1595 706,1596 706,1563 679,1562 653,1561 627,1560 601,1559 575,1559 548,1559 522,1559 496,1559 470,1560 444,1560 417,1561 391,1562 365,1562 339,1563 313,1563 286,1564 260,1564 234,1565 208,1565 182,1565"/>
                <Baseline points="182,1587 208,1587 234,1587 260,1586 286,1586 313,1585 339,1585 365,1584 391,1584 417,1583 444,1582 470,1582 496,1581 522,1581 548,1581 575,1581 601,1581 627,1582 653,1583 679,1584 706,1585"/>
                <TextEquiv>
                    <Unicode>que todo al amor se rinde,</Unicode>
                </TextEquiv>
            </TextLine>
            <TextLine id="r_2_1l29" custom="readingOrder {index:28;}">
                <Coords points="179,1644 204,1644 229,1644 254,1645 279,1645 304,1644 329,1644 355,1644 380,1643 405,1643 430,1642 455,1642 480,1641 506,1641 531,1641 556,1640 581,1640 606,1640 631,1640 657,1640 657,1607 631,1607 606,1607 581,1607 556,1607 531,1608 506,1608 480,1608 455,1609 430,1609 405,1610 380,1610 355,1611 329,1611 304,1611 279,1612 254,1612 229,1611 204,1611 179,1611"/>
                <Baseline points="179,1633 204,1633 229,1633 254,1634 279,1634 304,1633 329,1633 355,1633 380,1632 405,1632 430,1631 455,1631 480,1630 506,1630 531,1630 556,1629 581,1629 606,1629 631,1629 657,1629"/>
                <TextEquiv>
                    <Unicode>todo el amor lo avasalla.</Unicode>
                </TextEquiv>
            </TextLine>
            <TextLine id="r_2_1l30" custom="readingOrder {index:29;}">
                <Coords points="177,1694 205,1694 233,1694 261,1694 289,1694 317,1693 345,1693 374,1692 402,1692 430,1691 458,1691 486,1690 514,1689 542,1689 571,1689 599,1688 627,1688 655,1689 683,1689 711,1690 740,1691 740,1657 711,1656 683,1655 655,1655 627,1654 599,1654 571,1655 542,1655 514,1655 486,1656 458,1657 430,1657 402,1658 374,1658 345,1659 317,1659 289,1660 261,1660 233,1660 205,1660 177,1660"/>
                <Baseline points="177,1683 205,1683 233,1683 261,1683 289,1683 317,1682 345,1682 374,1681 402,1681 430,1680 458,1680 486,1679 514,1678 542,1678 571,1678 599,1677 627,1677 655,1678 683,1678 711,1679 740,1680"/>
                <TextEquiv>
                    <Unicode>Oigan pues aquesta historia,</Unicode>
                </TextEquiv>
            </TextLine>
            <TextLine id="r_2_1l31" custom="readingOrder {index:30;}">
                <Coords points="175,1742 207,1742 239,1742 271,1742 303,1742 335,1741 367,1741 399,1740 431,1740 463,1739 496,1739 528,1738 560,1738 592,1738 624,1737 656,1737 688,1737 720,1737 752,1737 784,1737 817,1738 817,1704 784,1703 752,1703 720,1703 688,1703 656,1703 624,1703 592,1704 560,1704 528,1704 496,1705 463,1705 431,1706 399,1706 367,1707 335,1707 303,1708 271,1708 239,1708 207,1708 175,1708"/>
                <Baseline points="175,1731 207,1731 239,1731 271,1731 303,1731 335,1730 367,1730 399,1729 431,1729 463,1728 496,1728 528,1727 560,1727 592,1727 624,1726 656,1726 688,1726 720,1726 752,1726 784,1726 817,1727"/>
                <TextEquiv>
                    <Unicode>que admiran sus circunstancias,</Unicode>
                </TextEquiv>
            </TextLine>
            <TextLine id="r_2_1l32" custom="readingOrder {index:31;}">
                <Coords points="182,1790 207,1790 232,1790 258,1790 283,1789 309,1789 334,1789 359,1788 385,1788 410,1788 436,1787 461,1787 486,1787 512,1786 537,1786 563,1786 588,1786 613,1786 639,1787 664,1787 690,1788 690,1754 664,1753 639,1753 613,1752 588,1752 563,1752 537,1752 512,1752 486,1753 461,1753 436,1753 410,1754 385,1754 359,1754 334,1755 309,1755 283,1755 258,1756 232,1756 207,1756 182,1756"/>
                <Baseline points="182,1779 207,1779 232,1779 258,1779 283,1778 309,1778 334,1778 359,1777 385,1777 410,1777 436,1776 461,1776 486,1776 512,1775 537,1775 563,1775 588,1775 613,1775 639,1776 664,1776 690,1777"/>
                <TextEquiv>
                    <Unicode>comienzo de esta manera,</Unicode>
                </TextEquiv>
            </TextLine>
            <TextLine id="r_2_1l33" custom="readingOrder {index:32;}">
                <Coords points="178,1839 203,1838 228,1838 253,1838 278,1837 303,1837 328,1837 353,1837 378,1837 403,1837 429,1837 454,1837 479,1837 504,1836 529,1836 554,1836 579,1835 604,1835 629,1834 655,1833 655,1800 629,1801 604,1802 579,1802 554,1803 529,1803 504,1803 479,1804 454,1804 429,1804 403,1804 378,1804 353,1804 328,1804 303,1804 278,1804 253,1805 228,1805 203,1805 178,1806"/>
                <Baseline points="178,1828 203,1827 228,1827 253,1827 278,1826 303,1826 328,1826 353,1826 378,1826 403,1826 429,1826 454,1826 479,1826 504,1825 529,1825 554,1825 579,1824 604,1824 629,1823 655,1822"/>
                <TextEquiv>
                    <Unicode>atencion á mis palabras.</Unicode>
                </TextEquiv>
            </TextLine>
            <TextLine id="r_2_1l34" custom="readingOrder {index:33;}">
                <Coords points="174,1887 199,1887 224,1887 250,1887 275,1887 301,1886 326,1886 352,1886 377,1885 403,1885 428,1884 453,1884 479,1884 504,1883 530,1883 555,1883 581,1882 606,1882 632,1882 657,1882 683,1882 683,1848 657,1848 632,1848 606,1848 581,1848 555,1849 530,1849 504,1849 479,1850 453,1850 428,1850 403,1851 377,1851 352,1852 326,1852 301,1852 275,1853 250,1853 224,1853 199,1853 174,1853"/>
                <Baseline points="174,1876 199,1876 224,1876 250,1876 275,1876 301,1875 326,1875 352,1875 377,1874 403,1874 428,1873 453,1873 479,1873 504,1872 530,1872 555,1872 581,1871 606,1871 632,1871 657,1871 683,1871"/>
                <TextEquiv>
                    <Unicode>En la ciudod mas insigne</Unicode>
                </TextEquiv>
            </TextLine>
            <TextLine id="r_2_1l35" custom="readingOrder {index:34;}">
                <Coords points="183,1937 217,1936 252,1936 287,1935 321,1934 356,1934 391,1934 425,1933 460,1933 495,1932 529,1932 564,1931 599,1931 633,1930 668,1930 703,1929 737,1929 772,1928 807,1927 842,1927 842,1893 807,1893 772,1894 737,1895 703,1895 668,1896 633,1896 599,1897 564,1897 529,1898 495,1898 460,1899 425,1899 391,1900 356,1900 321,1900 287,1901 252,1902 217,1902 183,1903"/>
                <Baseline points="183,1926 217,1925 252,1925 287,1924 321,1923 356,1923 391,1923 425,1922 460,1922 495,1921 529,1921 564,1920 599,1920 633,1919 668,1919 703,1918 737,1918 772,1917 807,1916 842,1916"/>
                <TextEquiv>
                    <Unicode>que alumbra el sol y el mar baña</Unicode>
                </TextEquiv>
            </TextLine>
            <TextLine id="r_2_1l36" custom="readingOrder {index:35;}">
                <Coords points="180,1985 208,1985 236,1984 264,1984 292,1984 320,1984 348,1983 376,1983 404,1982 432,1982 460,1982 488,1981 516,1981 544,1980 572,1980 600,1979 628,1979 656,1979 684,1978 712,1978 741,1978 741,1944 712,1944 684,1944 656,1945 628,1945 600,1945 572,1946 544,1946 516,1947 488,1947 460,1948 432,1948 404,1948 376,1949 348,1949 320,1950 292,1950 264,1950 236,1950 208,1951 180,1951"/>
                <Baseline points="180,1974 208,1974 236,1973 264,1973 292,1973 320,1973 348,1972 376,1972 404,1971 432,1971 460,1971 488,1970 516,1970 544,1969 572,1969 600,1968 628,1968 656,1968 684,1967 712,1967 741,1967"/>
                <TextEquiv>
                    <Unicode>que es Lisboa, pues merece</Unicode>
                </TextEquiv>
            </TextLine>
            <TextLine id="r_2_1l37" custom="readingOrder {index:36;}">
                <Coords points="183,2032 208,2032 234,2032 260,2032 286,2032 312,2031 338,2031 364,2030 390,2030 416,2029 441,2029 467,2028 493,2028 519,2027 545,2027 571,2027 597,2027 623,2027 649,2027 675,2027 675,1993 649,1993 623,1993 597,1993 571,1993 545,1993 519,1993 493,1994 467,1994 441,1995 416,1995 390,1996 364,1996 338,1997 312,1997 286,1998 260,1998 234,1998 208,1998 183,1998"/>
                <Baseline points="183,2021 208,2021 234,2021 260,2021 286,2021 312,2020 338,2020 364,2019 390,2019 416,2018 441,2018 467,2017 493,2017 519,2016 545,2016 571,2016 597,2016 623,2016 649,2016 675,2016"/>
                <TextEquiv>
                    <Unicode>del mundo las alabanzas:</Unicode>
                </TextEquiv>
            </TextLine>
            <TextLine id="r_2_1l38" custom="readingOrder {index:37;}">
                <Coords points="177,2081 203,2081 229,2081 255,2081 281,2080 307,2080 334,2079 360,2079 386,2078 412,2077 438,2077 464,2076 491,2076 517,2076 543,2077 569,2077 595,2078 622,2079 622,2046 595,2045 569,2044 543,2044 517,2043 491,2043 464,2043 438,2044 412,2044 386,2045 360,2046 334,2046 307,2047 281,2047 255,2048 229,2048 203,2048 177,2048"/>
                <Baseline points="177,2070 203,2070 229,2070 255,2070 281,2069 307,2069 334,2068 360,2068 386,2067 412,2066 438,2066 464,2065 491,2065 517,2065 543,2066 569,2066 595,2067 622,2068"/>
                <TextEquiv>
                    <Unicode>en esta ciudad ilustre,</Unicode>
                </TextEquiv>
            </TextLine>
            <TextLine id="r_2_1l39" custom="readingOrder {index:38;}">
                <Coords points="173,2131 198,2130 224,2129 250,2129 276,2128 302,2128 328,2128 354,2127 380,2127 406,2127 432,2127 457,2127 483,2126 509,2126 535,2126 561,2126 587,2126 613,2125 639,2125 665,2124 691,2124 691,2091 665,2091 639,2092 613,2092 587,2093 561,2093 535,2093 509,2093 483,2093 457,2094 432,2094 406,2094 380,2094 354,2094 328,2095 302,2095 276,2095 250,2096 224,2096 198,2097 173,2098"/>
                <Baseline points="173,2120 198,2119 224,2118 250,2118 276,2117 302,2117 328,2117 354,2116 380,2116 406,2116 432,2116 457,2116 483,2115 509,2115 535,2115 561,2115 587,2115 613,2114 639,2114 665,2113 691,2113"/>
                <TextEquiv>
                    <Unicode>de Portugal corte y mapa</Unicode>
                </TextEquiv>
            </TextLine>
            <TextLine id="r_2_1l40" custom="readingOrder {index:39;}">
                <Coords points="184,2178 209,2178 235,2178 261,2178 287,2178 312,2177 338,2177 364,2176 390,2175 415,2175 441,2174 467,2174 493,2173 518,2173 544,2174 570,2174 596,2175 622,2176 622,2143 596,2142 570,2141 544,2141 518,2140 493,2140 467,2141 441,2141 415,2142 390,2142 364,2143 338,2144 312,2144 287,2145 261,2145 235,2145 209,2145 184,2145"/>
                <Baseline points="184,2167 209,2167 235,2167 261,2167 287,2167 312,2166 338,2166 364,2165 390,2164 415,2164 441,2163 467,2163 493,2162 518,2162 544,2163 570,2163 596,2164 622,2165"/>
                <TextEquiv>
                    <Unicode>del orbe por populosa,</Unicode>
                </TextEquiv>
            </TextLine>
            <TextLine id="r_2_1l41" custom="readingOrder {index:40;}">
                <Coords points="181,2226 207,2226 233,2226 259,2226 285,2225 311,2225 337,2224 363,2224 389,2223 415,2223 441,2222 467,2222 493,2221 519,2221 545,2221 571,2221 597,2221 623,2221 649,2221 676,2222 676,2189 649,2188 623,2188 597,2188 571,2188 545,2188 519,2188 493,2188 467,2189 441,2189 415,2190 389,2190 363,2191 337,2191 311,2192 285,2192 259,2193 233,2193 207,2193 181,2193"/>
                <Baseline points="181,2215 207,2215 233,2215 259,2215 285,2214 311,2214 337,2213 363,2213 389,2212 415,2212 441,2211 467,2211 493,2210 519,2210 545,2210 571,2210 597,2210 623,2210 649,2210 676,2211"/>
                <TextEquiv>
                    <Unicode>bien dispuesta y dilatada,</Unicode>
                </TextEquiv>
            </TextLine>
            <TextLine id="r_2_1l42" custom="readingOrder {index:41;}">
                <Coords points="186,2274 211,2274 237,2274 263,2274 289,2273 315,2273 341,2272 367,2272 393,2271 418,2270 444,2270 470,2269 496,2269 522,2269 548,2269 574,2270 600,2270 600,2236 574,2236 548,2235 522,2235 496,2235 470,2235 444,2236 418,2236 393,2237 367,2238 341,2238 315,2239 289,2239 263,2240 237,2240 211,2240 186,2240"/>
                <Baseline points="186,2263 211,2263 237,2263 263,2263 289,2262 315,2262 341,2261 367,2261 393,2260 418,2259 444,2259 470,2258 496,2258 522,2258 548,2258 574,2259 600,2259"/>
                <TextEquiv>
                    <Unicode>en esta ciudad nació</Unicode>
                </TextEquiv>
            </TextLine>
            <TextLine id="r_2_1l43" custom="readingOrder {index:42;}">
                <Coords points="181,2323 206,2323 231,2323 256,2323 282,2323 307,2322 332,2322 358,2321 383,2320 408,2320 434,2319 459,2319 484,2319 510,2318 535,2318 560,2319 586,2319 611,2320 636,2321 662,2323 662,2289 636,2287 611,2286 586,2285 560,2285 535,2284 510,2284 484,2285 459,2285 434,2285 408,2286 383,2286 358,2287 332,2288 307,2288 282,2289 256,2289 231,2289 206,2289 181,2289"/>
                <Baseline points="181,2312 206,2312 231,2312 256,2312 282,2312 307,2311 332,2311 358,2310 383,2309 408,2309 434,2308 459,2308 484,2308 510,2307 535,2307 560,2308 586,2308 611,2309 636,2310 662,2312"/>
                <TextEquiv>
                    <Unicode>de muy ilustre prósapia,</Unicode>
                </TextEquiv>
            </TextLine>
            <TextLine id="r_2_1l44" custom="readingOrder {index:43;}">
                <Coords points="175,2372 200,2373 225,2373 250,2373 275,2373 300,2373 325,2372 350,2372 375,2371 400,2371 426,2370 451,2370 476,2369 501,2369 526,2369 551,2369 576,2369 601,2369 626,2370 651,2370 677,2372 677,2338 651,2336 626,2336 601,2335 576,2335 551,2335 526,2335 501,2335 476,2335 451,2336 426,2336 400,2337 375,2337 350,2338 325,2338 300,2339 275,2339 250,2339 225,2339 200,2339 175,2338"/>
                <Baseline points="175,2361 200,2362 225,2362 250,2362 275,2362 300,2362 325,2361 350,2361 375,2360 400,2360 426,2359 451,2359 476,2358 501,2358 526,2358 551,2358 576,2358 601,2358 626,2359 651,2359 677,2361"/>
                <TextEquiv>
                    <Unicode>ádornado de mil prendas,</Unicode>
                </TextEquiv>
            </TextLine>
            <TextEquiv>
                <Unicode>2
poniendo èl fiero dragon
por trofeo de sus plantas:
aquella que vió San Juan
con grande perspicacia
que estaba del Sol vestida,
y de la luna calzada,
y una corona de estrellas
sobre sus sienes sagradas;
á la vara de José
á la hija de Santa Ana,
para de una vez decirlo
á la Virgen soberana
con titulo del Rosario
es á quien mi afecto llama,
para que me dé su ayuda
y me asísta con su gracia,
dé luz á mi entendimiento
y vigor á mis palabras,
porque esplique á los oyentes
con brevedad y eficacia
á cuanto el amor ablíga;. 
las penas que el amor causa,
los desatinos y enrodos
que entre los amantes pasan.
Pero para que me canso,
si es cosa evidente y clara,
que todo al amor se rinde,
todo el amor lo avasalla.
Oigan pues aquesta historia,
que admiran sus circunstancias,
comienzo de esta manera,
atencion á mis palabras.
En la ciudod mas insigne
que alumbra el sol y el mar baña
que es Lisboa, pues merece
del mundo las alabanzas:
en esta ciudad ilustre,
de Portugal corte y mapa
del orbe por populosa,
bien dispuesta y dilatada,
en esta ciudad nació
de muy ilustre prósapia,
ádornado de mil prendas,</Unicode>
            </TextEquiv>
        </TextRegion>
        <TextRegion orientation="0.0" type="paragraph" id="r_3_1" custom="readingOrder {index:1;}">
            <Coords points="890,272 1518,272 1518,2362 890,2362"/>
            <TextLine id="r_3_1l1" custom="readingOrder {index:0;}">
                <Coords points="892,334 917,334 942,334 967,334 992,334 1017,334 1042,333 1067,333 1092,333 1117,333 1143,333 1168,333 1193,332 1218,332 1243,332 1268,332 1293,333 1318,333 1343,333 1368,334 1394,335 1394,301 1368,300 1343,299 1318,299 1293,299 1268,298 1243,298 1218,298 1193,298 1168,299 1143,299 1117,299 1092,299 1067,299 1042,299 1017,300 992,300 967,300 942,300 917,300 892,300"/>
                <Baseline points="892,323 917,323 942,323 967,323 992,323 1017,323 1042,322 1067,322 1092,322 1117,322 1143,322 1168,322 1193,321 1218,321 1243,321 1268,321 1293,322 1318,322 1343,322 1368,323 1394,324"/>
                <TextEquiv>
                    <Unicode>Don Geronimo de Alvara,</Unicode>
                </TextEquiv>
            </TextLine>
            <TextLine id="r_3_1l2" custom="readingOrder {index:1;}">
                <Coords points="903,384 928,383 954,382 979,382 1005,382 1030,382 1056,382 1081,382 1107,381 1133,381 1158,382 1184,382 1209,382 1235,382 1260,382 1286,382 1311,382 1337,382 1363,382 1363,348 1337,348 1311,348 1286,348 1260,348 1235,348 1209,348 1184,348 1158,348 1133,347 1107,347 1081,348 1056,348 1030,348 1005,348 979,348 954,348 928,349 903,350"/>
                <Baseline points="903,373 928,372 954,371 979,371 1005,371 1030,371 1056,371 1081,371 1107,370 1133,370 1158,371 1184,371 1209,371 1235,371 1260,371 1286,371 1311,371 1337,371 1363,371"/>
                <TextEquiv>
                    <Unicode>tan ilustre en su linage.</Unicode>
                </TextEquiv>
            </TextLine>
            <TextLine id="r_3_1l3" custom="readingOrder {index:2;}">
                <Coords points="889,437 914,435 940,433 966,431 992,430 1018,429 1044,429 1070,428 1096,428 1121,429 1147,429 1173,429 1199,429 1225,429 1251,429 1277,429 1303,429 1329,428 1329,398 1303,399 1277,399 1251,399 1225,399 1199,399 1173,399 1147,399 1121,399 1096,398 1070,398 1044,399 1018,399 992,400 966,401 940,403 914,405 889,407"/>
                <Baseline points="889,427 914,425 940,423 966,421 992,420 1018,419 1044,419 1070,418 1096,418 1121,419 1147,419 1173,419 1199,419 1225,419 1251,419 1277,419 1303,419 1329,418"/>
                <TextEquiv>
                    <Unicode>y tan antigua su casa,</Unicode>
                </TextEquiv>
            </TextLine>
            <TextLine id="r_3_1l4" custom="readingOrder {index:3;}">
                <Coords points="894,478 920,478 946,478 973,478 999,478 1025,477 1052,477 1078,477 1104,477 1131,477 1157,476 1183,476 1210,476 1236,476 1262,476 1289,476 1315,476 1341,476 1368,476 1368,446 1341,446 1315,446 1289,446 1262,446 1236,446 1210,446 1183,446 1157,446 1131,447 1104,447 1078,447 1052,447 1025,447 999,448 973,448 946,448 920,448 894,448"/>
                <Baseline points="894,468 920,468 946,468 973,468 999,468 1025,467 1052,467 1078,467 1104,467 1131,467 1157,466 1183,466 1210,466 1236,466 1262,466 1289,466 1315,466 1341,466 1368,466"/>
                <TextEquiv>
                    <Unicode>que en el reino lusitano</Unicode>
                </TextEquiv>
            </TextLine>
            <TextLine id="r_3_1l5" custom="readingOrder {index:4;}">
                <Coords points="894,527 919,527 945,527 971,526 997,526 1023,526 1049,526 1075,526 1101,526 1127,526 1153,526 1179,526 1205,526 1231,525 1257,525 1283,525 1309,525 1335,525 1335,491 1309,491 1283,491 1257,491 1231,491 1205,492 1179,492 1153,492 1127,492 1101,492 1075,492 1049,492 1023,492 997,492 971,492 945,493 919,493 894,493"/>
                <Baseline points="894,516 919,516 945,516 971,515 997,515 1023,515 1049,515 1075,515 1101,515 1127,515 1153,515 1179,515 1205,515 1231,514 1257,514 1283,514 1309,514 1335,514"/>
                <TextEquiv>
                    <Unicode>es de todos venerada.</Unicode>
                </TextEquiv>
            </TextLine>
            <TextLine id="r_3_1l6" custom="readingOrder {index:5;}">
                <Coords points="902,574 927,574 952,574 977,574 1002,574 1027,574 1052,574 1077,574 1102,574 1128,574 1153,574 1178,574 1203,574 1228,574 1253,574 1278,574 1303,573 1328,573 1354,573 1354,539 1328,539 1303,539 1278,540 1253,540 1228,540 1203,540 1178,540 1153,540 1128,540 1102,540 1077,540 1052,540 1027,540 1002,540 977,540 952,540 927,540 902,540"/>
                <Baseline points="902,563 927,563 952,563 977,563 1002,563 1027,563 1052,563 1077,563 1102,563 1128,563 1153,563 1178,563 1203,563 1228,563 1253,563 1278,563 1303,562 1328,562 1354,562"/>
                <TextEquiv>
                    <Unicode>Tuvo de su matrimonio</Unicode>
                </TextEquiv>
            </TextLine>
            <TextLine id="r_3_1l7" custom="readingOrder {index:6;}">
                <Coords points="895,623 922,623 949,623 977,623 1004,623 1031,623 1059,622 1086,622 1113,622 1141,622 1168,622 1195,622 1223,622 1250,622 1277,622 1305,622 1332,622 1359,621 1387,621 1414,621 1442,621 1442,587 1414,587 1387,587 1359,587 1332,588 1305,588 1277,588 1250,588 1223,588 1195,588 1168,588 1141,588 1113,588 1086,588 1059,588 1031,589 1004,589 977,589 949,589 922,589 895,589"/>
                <Baseline points="895,612 922,612 949,612 977,612 1004,612 1031,612 1059,611 1086,611 1113,611 1141,611 1168,611 1195,611 1223,611 1250,611 1277,611 1305,611 1332,611 1359,610 1387,610 1414,610 1442,610"/>
                <TextEquiv>
                    <Unicode>dos pimpollos ó dos ramas,</Unicode>
                </TextEquiv>
            </TextLine>
            <TextLine id="r_3_1l8" custom="readingOrder {index:7;}">
                <Coords points="891,671 916,671 942,671 968,671 994,671 1020,670 1045,670 1071,670 1097,670 1123,669 1149,669 1174,670 1200,670 1226,671 1252,672 1278,673 1278,640 1252,639 1226,638 1200,637 1174,637 1149,636 1123,636 1097,637 1071,637 1045,637 1020,637 994,638 968,638 942,638 916,638 891,638"/>
                <Baseline points="891,660 916,660 942,660 968,660 994,660 1020,659 1045,659 1071,659 1097,659 1123,658 1149,658 1174,659 1200,659 1226,660 1252,661 1278,662"/>
                <TextEquiv>
                    <Unicode>era D. José el uno,</Unicode>
                </TextEquiv>
            </TextLine>
            <TextLine id="r_3_1l9" custom="readingOrder {index:8;}">
                <Coords points="896,718 924,718 953,718 982,718 1010,718 1039,718 1068,718 1096,718 1125,717 1154,717 1183,717 1211,717 1240,716 1269,716 1297,716 1326,716 1355,716 1383,716 1412,716 1441,716 1470,716 1470,685 1441,685 1412,685 1383,685 1355,685 1326,685 1297,685 1269,685 1240,685 1211,686 1183,686 1154,686 1125,686 1096,687 1068,687 1039,687 1010,687 982,687 953,687 924,687 896,687"/>
                <Baseline points="896,708 924,708 953,708 982,708 1010,708 1039,708 1068,708 1096,708 1125,707 1154,707 1183,707 1211,707 1240,706 1269,706 1297,706 1326,706 1355,706 1383,706 1412,706 1441,706 1470,706"/>
                <TextEquiv>
                    <Unicode>Don Fadrique al otro llaman,</Unicode>
                </TextEquiv>
            </TextLine>
            <TextLine id="r_3_1l10" custom="readingOrder {index:9;}">
                <Coords points="899,768 925,768 951,768 977,768 1004,768 1030,768 1056,768 1082,767 1109,767 1135,767 1161,767 1187,767 1214,766 1240,766 1266,766 1292,766 1319,766 1345,766 1371,766 1397,766 1424,767 1424,734 1397,733 1371,733 1345,733 1319,733 1292,733 1266,733 1240,733 1214,733 1187,734 1161,734 1135,734 1109,734 1082,734 1056,735 1030,735 1004,735 977,735 951,735 925,735 899,735"/>
                <Baseline points="899,757 925,757 951,757 977,757 1004,757 1030,757 1056,757 1082,756 1109,756 1135,756 1161,756 1187,756 1214,755 1240,755 1266,755 1292,755 1319,755 1345,755 1371,755 1397,755 1424,756"/>
                <TextEquiv>
                    <Unicode>que si el uno era bizarro, </Unicode>
                </TextEquiv>
            </TextLine>
            <TextLine id="r_3_1l11" custom="readingOrder {index:10;}">
                <Coords points="896,814 921,814 946,815 971,815 996,815 1021,815 1047,815 1072,814 1097,814 1122,814 1147,814 1172,814 1198,813 1223,813 1248,814 1273,814 1298,814 1324,815 1324,782 1298,781 1273,781 1248,781 1223,780 1198,780 1172,781 1147,781 1122,781 1097,781 1072,781 1047,782 1021,782 996,782 971,782 946,782 921,781 896,781"/>
                <Baseline points="896,803 921,803 946,804 971,804 996,804 1021,804 1047,804 1072,803 1097,803 1122,803 1147,803 1172,803 1198,802 1223,802 1248,803 1273,803 1298,803 1324,804"/>
                <TextEquiv>
                    <Unicode>el otro se le aventaja.</Unicode>
                </TextEquiv>
            </TextLine>
            <TextLine id="r_3_1l12" custom="readingOrder {index:11;}">
                <Coords points="894,862 919,862 944,862 969,863 995,863 1020,863 1045,863 1071,863 1096,863 1121,863 1147,863 1172,863 1197,863 1222,862 1248,862 1273,862 1298,862 1324,861 1349,861 1374,861 1400,860 1400,827 1374,828 1349,828 1324,828 1298,829 1273,829 1248,829 1222,829 1197,830 1172,830 1147,830 1121,830 1096,830 1071,830 1045,830 1020,830 995,830 969,830 944,829 919,829 894,829"/>
                <Baseline points="894,851 919,851 944,851 969,852 995,852 1020,852 1045,852 1071,852 1096,852 1121,852 1147,852 1172,852 1197,852 1222,851 1248,851 1273,851 1298,851 1324,850 1349,850 1374,850 1400,849"/>
                <TextEquiv>
                    <Unicode>Tan ilustres y aplaudidos</Unicode>
                </TextEquiv>
            </TextLine>
            <TextLine id="r_3_1l13" custom="readingOrder {index:12;}">
                <Coords points="896,912 922,912 949,912 976,913 1002,913 1029,912 1056,912 1082,912 1109,911 1136,911 1163,911 1189,910 1216,910 1243,909 1269,909 1296,909 1323,909 1349,909 1376,909 1403,910 1430,911 1430,877 1403,876 1376,875 1349,875 1323,875 1296,875 1269,875 1243,875 1216,876 1189,876 1163,877 1136,877 1109,877 1082,878 1056,878 1029,878 1002,879 976,879 949,878 922,878 896,878"/>
                <Baseline points="896,901 922,901 949,901 976,902 1002,902 1029,901 1056,901 1082,901 1109,900 1136,900 1163,900 1189,899 1216,899 1243,898 1269,898 1296,898 1323,898 1349,898 1376,898 1403,899 1430,900"/>
                <TextEquiv>
                    <Unicode>en la ciudad se admiraban,</Unicode>
                </TextEquiv>
            </TextLine>
            <TextLine id="r_3_1l14" custom="readingOrder {index:13;}">
                <Coords points="893,960 921,960 950,960 978,960 1007,960 1036,960 1064,960 1093,959 1121,959 1150,959 1179,959 1207,959 1236,959 1264,959 1293,959 1322,958 1350,958 1379,958 1407,957 1436,957 1465,956 1465,922 1436,923 1407,923 1379,924 1350,924 1322,924 1293,925 1264,925 1236,925 1207,925 1179,925 1150,925 1121,925 1093,925 1064,926 1036,926 1007,926 978,926 950,926 921,926 893,926"/>
                <Baseline points="893,949 921,949 950,949 978,949 1007,949 1036,949 1064,949 1093,948 1121,948 1150,948 1179,948 1207,948 1236,948 1264,948 1293,948 1322,947 1350,947 1379,947 1407,946 1436,946 1465,945"/>
                <TextEquiv>
                    <Unicode>que fneron los dos pimpollos</Unicode>
                </TextEquiv>
            </TextLine>
            <TextLine id="r_3_1l15" custom="readingOrder {index:14;}">
                <Coords points="898,1008 923,1008 949,1009 975,1009 1000,1009 1026,1009 1052,1008 1077,1008 1103,1008 1129,1008 1155,1007 1180,1007 1206,1007 1232,1007 1257,1006 1283,1006 1309,1006 1334,1006 1360,1006 1386,1006 1412,1006 1412,972 1386,972 1360,972 1334,972 1309,972 1283,972 1257,972 1232,973 1206,973 1180,973 1155,973 1129,974 1103,974 1077,974 1052,974 1026,975 1000,975 975,975 949,975 923,974 898,974"/>
                <Baseline points="898,997 923,997 949,998 975,998 1000,998 1026,998 1052,997 1077,997 1103,997 1129,997 1155,996 1180,996 1206,996 1232,996 1257,995 1283,995 1309,995 1334,995 1360,995 1386,995 1412,995"/>
                <TextEquiv>
                    <Unicode>de la real casa de Alvara.</Unicode>
                </TextEquiv>
            </TextLine>
            <TextLine id="r_3_1l16" custom="readingOrder {index:15;}">
                <Coords points="898,1057 924,1057 951,1057 977,1057 1004,1057 1031,1057 1057,1056 1084,1056 1110,1056 1137,1056 1164,1056 1190,1055 1217,1055 1243,1055 1270,1055 1297,1054 1323,1054 1350,1054 1376,1053 1403,1053 1430,1053 1430,1019 1403,1019 1376,1019 1350,1020 1323,1020 1297,1020 1270,1021 1243,1021 1217,1021 1190,1021 1164,1022 1137,1022 1110,1022 1084,1022 1057,1022 1031,1023 1004,1023 977,1023 951,1023 924,1023 898,1023"/>
                <Baseline points="898,1046 924,1046 951,1046 977,1046 1004,1046 1031,1046 1057,1045 1084,1045 1110,1045 1137,1045 1164,1045 1190,1044 1217,1044 1243,1044 1270,1044 1297,1043 1323,1043 1350,1043 1376,1042 1403,1042 1430,1042"/>
                <TextEquiv>
                    <Unicode>Siendo pues de doce años</Unicode>
                </TextEquiv>
            </TextLine>
            <TextLine id="r_3_1l17" custom="readingOrder {index:16;}">
                <Coords points="898,1104 923,1104 949,1105 975,1105 1001,1105 1027,1105 1053,1105 1079,1105 1105,1104 1131,1104 1156,1104 1182,1103 1208,1103 1234,1103 1260,1102 1286,1102 1312,1102 1338,1102 1364,1102 1390,1103 1390,1069 1364,1068 1338,1068 1312,1068 1286,1068 1260,1068 1234,1069 1208,1069 1182,1069 1156,1070 1131,1070 1105,1070 1079,1071 1053,1071 1027,1071 1001,1071 975,1071 949,1071 923,1070 898,1070"/>
                <Baseline points="898,1093 923,1093 949,1094 975,1094 1001,1094 1027,1094 1053,1094 1079,1094 1105,1093 1131,1093 1156,1093 1182,1092 1208,1092 1234,1092 1260,1091 1286,1091 1312,1091 1338,1091 1364,1091 1390,1092"/>
                <TextEquiv>
                    <Unicode>Don José, segun declara</Unicode>
                </TextEquiv>
            </TextLine>
            <TextLine id="r_3_1l18" custom="readingOrder {index:17;}">
                <Coords points="893,1153 925,1153 958,1153 990,1153 1023,1153 1055,1153 1088,1153 1121,1152 1153,1152 1186,1152 1218,1152 1251,1152 1283,1151 1316,1151 1349,1151 1381,1150 1414,1150 1446,1149 1479,1149 1512,1148 1512,1114 1479,1115 1446,1115 1414,1116 1381,1116 1349,1117 1316,1117 1283,1117 1251,1118 1218,1118 1186,1118 1153,1118 1121,1118 1088,1119 1055,1119 1023,1119 990,1119 958,1119 925,1119 893,1119"/>
                <Baseline points="893,1142 925,1142 958,1142 990,1142 1023,1142 1055,1142 1088,1142 1121,1141 1153,1141 1186,1141 1218,1141 1251,1141 1283,1140 1316,1140 1349,1140 1381,1139 1414,1139 1446,1138 1479,1138 1512,1137"/>
                <TextEquiv>
                    <Unicode>la historia y que Don Fadriquo</Unicode>
                </TextEquiv>
            </TextLine>
            <TextLine id="r_3_1l19" custom="readingOrder {index:18;}">
                <Coords points="896,1201 921,1201 946,1202 972,1202 997,1202 1023,1202 1048,1202 1074,1202 1099,1201 1125,1201 1150,1200 1175,1200 1201,1200 1226,1199 1252,1199 1277,1200 1303,1200 1328,1201 1354,1202 1354,1169 1328,1168 1303,1167 1277,1167 1252,1166 1226,1166 1201,1167 1175,1167 1150,1167 1125,1168 1099,1168 1074,1169 1048,1169 1023,1169 997,1169 972,1169 946,1169 921,1168 896,1168"/>
                <Baseline points="896,1190 921,1190 946,1191 972,1191 997,1191 1023,1191 1048,1191 1074,1191 1099,1190 1125,1190 1150,1189 1175,1189 1201,1189 1226,1188 1252,1188 1277,1189 1303,1189 1328,1190 1354,1191"/>
                <TextEquiv>
                    <Unicode>á diez años no llegaba,</Unicode>
                </TextEquiv>
            </TextLine>
            <TextLine id="r_3_1l20" custom="readingOrder {index:19;}">
                <Coords points="896,1250 926,1250 957,1250 988,1250 1019,1250 1049,1250 1080,1250 1111,1249 1142,1249 1172,1249 1203,1248 1234,1248 1265,1248 1295,1248 1326,1247 1357,1247 1388,1247 1418,1247 1449,1247 1480,1247 1511,1247 1511,1214 1480,1214 1449,1214 1418,1214 1388,1214 1357,1214 1326,1214 1295,1215 1265,1215 1234,1215 1203,1215 1172,1216 1142,1216 1111,1216 1080,1217 1049,1217 1019,1217 988,1217 957,1217 926,1217 896,1217"/>
                <Baseline points="896,1239 926,1239 957,1239 988,1239 1019,1239 1049,1239 1080,1239 1111,1238 1142,1238 1172,1238 1203,1237 1234,1237 1265,1237 1295,1237 1326,1236 1357,1236 1388,1236 1418,1236 1449,1236 1480,1236 1511,1236"/>
                <TextEquiv>
                    <Unicode>cuando cortó á padre y madre</Unicode>
                </TextEquiv>
            </TextLine>
            <TextLine id="r_3_1l21" custom="readingOrder {index:20;}">
                <Coords points="896,1299 922,1299 948,1299 974,1299 1000,1299 1026,1298 1053,1298 1079,1298 1105,1298 1131,1297 1157,1297 1184,1297 1210,1296 1236,1296 1262,1295 1288,1295 1315,1294 1315,1260 1288,1261 1262,1261 1236,1262 1210,1262 1184,1263 1157,1263 1131,1263 1105,1264 1079,1264 1053,1264 1026,1264 1000,1265 974,1265 948,1265 922,1265 896,1265"/>
                <Baseline points="896,1288 922,1288 948,1288 974,1288 1000,1288 1026,1287 1053,1287 1079,1287 1105,1287 1131,1286 1157,1286 1184,1286 1210,1285 1236,1285 1262,1284 1288,1284 1315,1283"/>
                <TextEquiv>
                    <Unicode>el vital hilo la parca.</Unicode>
                </TextEquiv>
            </TextLine>
            <TextLine id="r_3_1l22" custom="readingOrder {index:21;}">
                <Coords points="895,1346 923,1346 952,1346 980,1346 1009,1346 1037,1346 1066,1346 1094,1345 1123,1345 1151,1345 1180,1345 1209,1345 1237,1344 1266,1344 1294,1344 1323,1344 1351,1343 1380,1343 1408,1343 1437,1342 1466,1342 1466,1308 1437,1308 1408,1309 1380,1309 1351,1309 1323,1310 1294,1310 1266,1310 1237,1310 1209,1311 1180,1311 1151,1311 1123,1311 1094,1311 1066,1312 1037,1312 1009,1312 980,1312 952,1312 923,1312 895,1312"/>
                <Baseline points="895,1335 923,1335 952,1335 980,1335 1009,1335 1037,1335 1066,1335 1094,1334 1123,1334 1151,1334 1180,1334 1209,1334 1237,1333 1266,1333 1294,1333 1323,1333 1351,1332 1380,1332 1408,1332 1437,1331 1466,1331"/>
                <TextEquiv>
                    <Unicode>Huérfanos los dos quedaron.</Unicode>
                </TextEquiv>
            </TextLine>
            <TextLine id="r_3_1l23" custom="readingOrder {index:22;}">
                <Coords points="905,1395 930,1395 955,1395 980,1395 1005,1395 1031,1395 1056,1394 1081,1394 1106,1394 1132,1393 1157,1393 1182,1393 1207,1393 1232,1392 1258,1392 1283,1393 1308,1393 1333,1393 1359,1394 1359,1360 1333,1359 1308,1359 1283,1359 1258,1358 1232,1358 1207,1359 1182,1359 1157,1359 1132,1359 1106,1360 1081,1360 1056,1360 1031,1361 1005,1361 980,1361 955,1361 930,1361 905,1361"/>
                <Baseline points="905,1384 930,1384 955,1384 980,1384 1005,1384 1031,1384 1056,1383 1081,1383 1106,1383 1132,1382 1157,1382 1182,1382 1207,1382 1232,1381 1258,1381 1283,1382 1308,1382 1333,1382 1359,1383"/>
                <TextEquiv>
                    <Unicode>pero con riqueza tanta,</Unicode>
                </TextEquiv>
            </TextLine>
            <TextLine id="r_3_1l24" custom="readingOrder {index:23;}">
                <Coords points="898,1443 924,1443 951,1443 977,1443 1004,1443 1030,1442 1057,1442 1083,1442 1110,1442 1136,1441 1163,1441 1190,1441 1216,1440 1243,1440 1269,1440 1296,1440 1322,1439 1349,1439 1375,1439 1402,1439 1429,1439 1429,1405 1402,1405 1375,1405 1349,1405 1322,1405 1296,1406 1269,1406 1243,1406 1216,1406 1190,1407 1163,1407 1136,1407 1110,1408 1083,1408 1057,1408 1030,1408 1004,1409 977,1409 951,1409 924,1409 898,1409"/>
                <Baseline points="898,1432 924,1432 951,1432 977,1432 1004,1432 1030,1431 1057,1431 1083,1431 1110,1431 1136,1430 1163,1430 1190,1430 1216,1429 1243,1429 1269,1429 1296,1429 1322,1428 1349,1428 1375,1428 1402,1428 1429,1428"/>
                <TextEquiv>
                    <Unicode>que con maestros pudieron</Unicode>
                </TextEquiv>
            </TextLine>
            <TextLine id="r_3_1l25" custom="readingOrder {index:24;}">
                <Coords points="899,1491 925,1491 952,1491 979,1491 1005,1491 1032,1491 1059,1491 1085,1490 1112,1490 1139,1490 1166,1490 1192,1489 1219,1489 1246,1489 1272,1488 1299,1488 1326,1488 1352,1488 1379,1487 1406,1487 1433,1487 1433,1453 1406,1453 1379,1453 1352,1454 1326,1454 1299,1454 1272,1454 1246,1455 1219,1455 1192,1455 1166,1456 1139,1456 1112,1456 1085,1456 1059,1457 1032,1457 1005,1457 979,1457 952,1457 925,1457 899,1457"/>
                <Baseline points="899,1480 925,1480 952,1480 979,1480 1005,1480 1032,1480 1059,1480 1085,1479 1112,1479 1139,1479 1166,1479 1192,1478 1219,1478 1246,1478 1272,1477 1299,1477 1326,1477 1352,1477 1379,1476 1406,1476 1433,1476"/>
                <TextEquiv>
                    <Unicode>aprender buena enseñanza.</Unicode>
                </TextEquiv>
            </TextLine>
            <TextLine id="r_3_1l26" custom="readingOrder {index:25;}">
                <Coords points="905,1539 932,1539 960,1539 988,1539 1016,1539 1044,1539 1072,1539 1099,1538 1127,1538 1155,1537 1183,1537 1211,1537 1239,1536 1267,1536 1294,1536 1322,1536 1350,1536 1378,1537 1406,1537 1434,1538 1462,1539 1462,1505 1434,1504 1406,1503 1378,1503 1350,1502 1322,1502 1294,1502 1267,1502 1239,1502 1211,1503 1183,1503 1155,1503 1127,1504 1099,1504 1072,1505 1044,1505 1016,1505 988,1505 960,1505 932,1505 905,1505"/>
                <Baseline points="905,1528 932,1528 960,1528 988,1528 1016,1528 1044,1528 1072,1528 1099,1527 1127,1527 1155,1526 1183,1526 1211,1526 1239,1525 1267,1525 1294,1525 1322,1525 1350,1525 1378,1526 1406,1526 1434,1527 1462,1528"/>
                <TextEquiv>
                    <Unicode>Crecieron los dos hermanos,</Unicode>
                </TextEquiv>
            </TextLine>
            <TextLine id="r_3_1l27" custom="readingOrder {index:26;}">
                <Coords points="901,1589 927,1588 953,1588 980,1587 1006,1587 1032,1587 1059,1586 1085,1586 1111,1586 1138,1586 1164,1586 1190,1586 1217,1586 1243,1586 1269,1586 1296,1586 1322,1586 1349,1586 1349,1552 1322,1552 1296,1552 1269,1552 1243,1552 1217,1552 1190,1552 1164,1552 1138,1552 1111,1552 1085,1552 1059,1552 1032,1553 1006,1553 980,1553 953,1554 927,1554 901,1555"/>
                <Baseline points="901,1578 927,1577 953,1577 980,1576 1006,1576 1032,1576 1059,1575 1085,1575 1111,1575 1138,1575 1164,1575 1190,1575 1217,1575 1243,1575 1269,1575 1296,1575 1322,1575 1349,1575"/>
                <TextEquiv>
                    <Unicode>y ciñendose la espada,</Unicode>
                </TextEquiv>
            </TextLine>
            <TextLine id="r_3_1l28" custom="readingOrder {index:27;}">
                <Coords points="898,1636 923,1636 948,1636 973,1636 998,1636 1023,1636 1048,1636 1073,1636 1098,1635 1123,1635 1148,1635 1173,1634 1198,1634 1223,1634 1248,1634 1273,1634 1298,1634 1323,1634 1348,1634 1373,1634 1398,1635 1398,1601 1373,1600 1348,1600 1323,1600 1298,1600 1273,1600 1248,1600 1223,1600 1198,1600 1173,1600 1148,1601 1123,1601 1098,1601 1073,1602 1048,1602 1023,1602 998,1602 973,1602 948,1602 923,1602 898,1602"/>
                <Baseline points="898,1625 923,1625 948,1625 973,1625 998,1625 1023,1625 1048,1625 1073,1625 1098,1624 1123,1624 1148,1624 1173,1623 1198,1623 1223,1623 1248,1623 1273,1623 1298,1623 1323,1623 1348,1623 1373,1623 1398,1624"/>
                <TextEquiv>
                    <Unicode>fueron por su gran valor</Unicode>
                </TextEquiv>
            </TextLine>
            <TextLine id="r_3_1l29" custom="readingOrder {index:28;}">
                <Coords points="899,1686 925,1686 951,1685 978,1685 1004,1685 1030,1685 1057,1684 1083,1684 1109,1683 1136,1683 1162,1683 1188,1682 1215,1682 1241,1682 1267,1682 1294,1682 1320,1682 1346,1683 1373,1683 1373,1649 1346,1649 1320,1648 1294,1648 1267,1648 1241,1648 1215,1648 1188,1648 1162,1649 1136,1649 1109,1649 1083,1650 1057,1650 1030,1651 1004,1651 978,1651 951,1651 925,1652 899,1652"/>
                <Baseline points="899,1675 925,1675 951,1674 978,1674 1004,1674 1030,1674 1057,1673 1083,1673 1109,1672 1136,1672 1162,1672 1188,1671 1215,1671 1241,1671 1267,1671 1294,1671 1320,1671 1346,1672 1373,1672"/>
                <TextEquiv>
                    <Unicode>respetados en su patria.</Unicode>
                </TextEquiv>
            </TextLine>
            <TextLine id="r_3_1l30" custom="readingOrder {index:29;}">
                <Coords points="904,1733 931,1733 958,1733 985,1733 1012,1733 1039,1733 1066,1732 1093,1732 1120,1731 1147,1731 1175,1731 1202,1730 1229,1730 1256,1730 1283,1730 1310,1730 1337,1731 1364,1731 1391,1732 1418,1733 1446,1734 1446,1700 1418,1699 1391,1698 1364,1697 1337,1697 1310,1696 1283,1696 1256,1696 1229,1696 1202,1696 1175,1697 1147,1697 1120,1697 1093,1698 1066,1698 1039,1699 1012,1699 985,1699 958,1699 931,1699 904,1699"/>
                <Baseline points="904,1722 931,1722 958,1722 985,1722 1012,1722 1039,1722 1066,1721 1093,1721 1120,1720 1147,1720 1175,1720 1202,1719 1229,1719 1256,1719 1283,1719 1310,1719 1337,1720 1364,1720 1391,1721 1418,1722 1446,1723"/>
                <TextEquiv>
                    <Unicode>Eran en suma bien quistos,</Unicode>
                </TextEquiv>
            </TextLine>
            <TextLine id="r_3_1l31" custom="readingOrder {index:30;}">
                <Coords points="901,1782 927,1782 953,1782 979,1781 1005,1781 1032,1781 1058,1780 1084,1780 1110,1780 1137,1779 1163,1779 1189,1779 1215,1779 1241,1779 1268,1779 1294,1779 1320,1779 1346,1780 1373,1780 1373,1746 1346,1746 1320,1745 1294,1745 1268,1745 1241,1745 1215,1745 1189,1745 1163,1745 1137,1745 1110,1746 1084,1746 1058,1746 1032,1747 1005,1747 979,1747 953,1748 927,1748 901,1748"/>
                <Baseline points="901,1771 927,1771 953,1771 979,1770 1005,1770 1032,1770 1058,1769 1084,1769 1110,1769 1137,1768 1163,1768 1189,1768 1215,1768 1241,1768 1268,1768 1294,1768 1320,1768 1346,1769 1373,1769"/>
                <TextEquiv>
                    <Unicode>politicos que admiraba,</Unicode>
                </TextEquiv>
            </TextLine>
            <TextLine id="r_3_1l32" custom="readingOrder {index:31;}">
                <Coords points="898,1829 923,1829 949,1829 975,1829 1000,1829 1026,1829 1052,1829 1078,1829 1103,1828 1129,1828 1155,1828 1181,1827 1206,1827 1232,1827 1258,1827 1284,1827 1309,1827 1335,1827 1361,1827 1387,1827 1387,1793 1361,1793 1335,1793 1309,1793 1284,1793 1258,1793 1232,1793 1206,1793 1181,1793 1155,1794 1129,1794 1103,1794 1078,1795 1052,1795 1026,1795 1000,1795 975,1795 949,1795 923,1795 898,1795"/>
                <Baseline points="898,1818 923,1818 949,1818 975,1818 1000,1818 1026,1818 1052,1818 1078,1818 1103,1817 1129,1817 1155,1817 1181,1816 1206,1816 1232,1816 1258,1816 1284,1816 1309,1816 1335,1816 1361,1816 1387,1816"/>
                <TextEquiv>
                    <Unicode>de todos muy estimados</Unicode>
                </TextEquiv>
            </TextLine>
            <TextLine id="r_3_1l33" custom="readingOrder {index:32;}">
                <Coords points="903,1880 930,1879 957,1879 984,1879 1011,1878 1039,1878 1066,1877 1093,1877 1120,1877 1147,1877 1175,1877 1202,1877 1229,1877 1256,1877 1283,1877 1311,1877 1338,1877 1365,1877 1392,1877 1419,1877 1447,1877 1447,1844 1419,1844 1392,1844 1365,1844 1338,1844 1311,1844 1283,1844 1256,1844 1229,1844 1202,1844 1175,1844 1147,1844 1120,1844 1093,1844 1066,1844 1039,1845 1011,1845 984,1846 957,1846 930,1846 903,1847"/>
                <Baseline points="903,1869 930,1868 957,1868 984,1868 1011,1867 1039,1867 1066,1866 1093,1866 1120,1866 1147,1866 1175,1866 1202,1866 1229,1866 1256,1866 1283,1866 1311,1866 1338,1866 1365,1866 1392,1866 1419,1866 1447,1866"/>
                <TextEquiv>
                    <Unicode>por su conducta y prosapia,</Unicode>
                </TextEquiv>
            </TextLine>
            <TextLine id="r_3_1l34" custom="readingOrder {index:33;}">
                <Coords points="898,1926 926,1926 954,1926 982,1925 1010,1925 1039,1925 1067,1925 1095,1925 1123,1925 1151,1924 1180,1924 1208,1924 1236,1924 1264,1924 1292,1924 1321,1924 1349,1923 1377,1923 1405,1923 1433,1923 1462,1923 1462,1890 1433,1890 1405,1890 1377,1890 1349,1890 1321,1891 1292,1891 1264,1891 1236,1891 1208,1891 1180,1891 1151,1891 1123,1892 1095,1892 1067,1892 1039,1892 1010,1892 982,1892 954,1893 926,1893 898,1893"/>
                <Baseline points="898,1915 926,1915 954,1915 982,1914 1010,1914 1039,1914 1067,1914 1095,1914 1123,1914 1151,1913 1180,1913 1208,1913 1236,1913 1264,1913 1292,1913 1321,1913 1349,1912 1377,1912 1405,1912 1433,1912 1462,1912"/>
                <TextEquiv>
                    <Unicode>dotados de cuantas prendas</Unicode>
                </TextEquiv>
            </TextLine>
            <TextLine id="r_3_1l35" custom="readingOrder {index:34;}">
                <Coords points="896,1975 925,1974 955,1974 985,1974 1015,1974 1045,1973 1075,1973 1104,1972 1134,1972 1164,1972 1194,1971 1224,1971 1254,1971 1284,1971 1313,1970 1343,1970 1373,1970 1403,1971 1433,1971 1463,1971 1493,1972 1493,1939 1463,1938 1433,1938 1403,1938 1373,1937 1343,1937 1313,1937 1284,1938 1254,1938 1224,1938 1194,1938 1164,1939 1134,1939 1104,1939 1075,1940 1045,1940 1015,1941 985,1941 955,1941 925,1941 896,1942"/>
                <Baseline points="896,1964 925,1963 955,1963 985,1963 1015,1963 1045,1962 1075,1962 1104,1961 1134,1961 1164,1961 1194,1960 1224,1960 1254,1960 1284,1960 1313,1959 1343,1959 1373,1959 1403,1960 1433,1960 1463,1960 1493,1961"/>
                <TextEquiv>
                    <Unicode>á un buen caballero esmaltan, </Unicode>
                </TextEquiv>
            </TextLine>
            <TextLine id="r_3_1l36" custom="readingOrder {index:35;}">
                <Coords points="895,2023 920,2023 946,2022 972,2022 998,2022 1024,2021 1049,2021 1075,2021 1101,2020 1127,2020 1153,2020 1178,2020 1204,2020 1230,2020 1256,2020 1282,2020 1307,2020 1333,2020 1359,2020 1385,2020 1411,2020 1411,1986 1385,1986 1359,1986 1333,1986 1307,1986 1282,1986 1256,1986 1230,1986 1204,1986 1178,1986 1153,1986 1127,1986 1101,1986 1075,1987 1049,1987 1024,1987 998,1988 972,1988 946,1988 920,1989 895,1989"/>
                <Baseline points="895,2012 920,2012 946,2011 972,2011 998,2011 1024,2010 1049,2010 1075,2010 1101,2009 1127,2009 1153,2009 1178,2009 1204,2009 1230,2009 1256,2009 1282,2009 1307,2009 1333,2009 1359,2009 1385,2009 1411,2009"/>
                <TextEquiv>
                    <Unicode>En frente de los balcones</Unicode>
                </TextEquiv>
            </TextLine>
            <TextLine id="r_3_1l37" custom="readingOrder {index:36;}">
                <Coords points="906,2070 932,2071 958,2071 984,2071 1010,2071 1036,2070 1062,2070 1088,2070 1115,2069 1141,2069 1167,2068 1193,2068 1219,2068 1245,2068 1271,2068 1297,2069 1324,2070 1324,2036 1297,2035 1271,2034 1245,2034 1219,2034 1193,2034 1167,2034 1141,2035 1115,2035 1088,2036 1062,2036 1036,2036 1010,2037 984,2037 958,2037 932,2037 906,2036"/>
                <Baseline points="906,2059 932,2060 958,2060 984,2060 1010,2060 1036,2059 1062,2059 1088,2059 1115,2058 1141,2058 1167,2057 1193,2057 1219,2057 1245,2057 1271,2057 1297,2058 1324,2059"/>
                <TextEquiv>
                    <Unicode>de su primorosa casa</Unicode>
                </TextEquiv>
            </TextLine>
            <TextLine id="r_3_1l38" custom="readingOrder {index:37;}">
                <Coords points="914,2117 939,2118 965,2118 990,2118 1016,2118 1041,2118 1067,2118 1092,2117 1118,2117 1143,2117 1169,2116 1194,2116 1220,2116 1245,2116 1271,2117 1296,2117 1322,2118 1348,2119 1348,2085 1322,2084 1296,2083 1271,2083 1245,2082 1220,2082 1194,2082 1169,2082 1143,2083 1118,2083 1092,2083 1067,2084 1041,2084 1016,2084 990,2084 965,2084 939,2084 914,2083"/>
                <Baseline points="914,2106 939,2107 965,2107 990,2107 1016,2107 1041,2107 1067,2107 1092,2106 1118,2106 1143,2106 1169,2105 1194,2105 1220,2105 1245,2105 1271,2106 1296,2106 1322,2107 1348,2108"/>
                <TextEquiv>
                    <Unicode>vivia una gran señora,</Unicode>
                </TextEquiv>
            </TextLine>
            <TextLine id="r_3_1l39" custom="readingOrder {index:38;}">
                <Coords points="897,2167 922,2167 947,2167 972,2167 997,2167 1022,2167 1047,2167 1072,2166 1097,2166 1122,2166 1148,2165 1173,2165 1198,2165 1223,2164 1248,2164 1273,2165 1298,2165 1323,2165 1348,2166 1373,2167 1399,2169 1399,2135 1373,2133 1348,2132 1323,2131 1298,2131 1273,2131 1248,2130 1223,2130 1198,2131 1173,2131 1148,2131 1122,2132 1097,2132 1072,2132 1047,2133 1022,2133 997,2133 972,2133 947,2133 922,2133 897,2133"/>
                <Baseline points="897,2156 922,2156 947,2156 972,2156 997,2156 1022,2156 1047,2156 1072,2155 1097,2155 1122,2155 1148,2154 1173,2154 1198,2154 1223,2153 1248,2153 1273,2154 1298,2154 1323,2154 1348,2155 1373,2156 1399,2158"/>
                <TextEquiv>
                    <Unicode>llamada Doña Constanza,</Unicode>
                </TextEquiv>
            </TextLine>
            <TextLine id="r_3_1l40" custom="readingOrder {index:39;}">
                <Coords points="908,2216 936,2216 964,2216 992,2216 1020,2216 1048,2216 1076,2216 1104,2215 1132,2215 1160,2215 1188,2214 1216,2214 1244,2214 1272,2214 1300,2214 1328,2214 1356,2214 1384,2214 1412,2214 1440,2215 1468,2216 1468,2182 1440,2181 1412,2180 1384,2180 1356,2180 1328,2180 1300,2180 1272,2180 1244,2180 1216,2180 1188,2180 1160,2181 1132,2181 1104,2181 1076,2182 1048,2182 1020,2182 992,2182 964,2182 936,2182 908,2182"/>
                <Baseline points="908,2205 936,2205 964,2205 992,2205 1020,2205 1048,2205 1076,2205 1104,2204 1132,2204 1160,2204 1188,2203 1216,2203 1244,2203 1272,2203 1300,2203 1328,2203 1356,2203 1384,2203 1412,2203 1440,2204 1468,2205"/>
                <TextEquiv>
                    <Unicode>mas vella que dos mil soles,</Unicode>
                </TextEquiv>
            </TextLine>
            <TextLine id="r_3_1l41" custom="readingOrder {index:40;}">
                <Coords points="905,2268 930,2268 955,2267 980,2266 1005,2265 1030,2265 1055,2264 1080,2263 1105,2263 1130,2263 1156,2263 1181,2262 1206,2262 1231,2262 1256,2262 1281,2263 1306,2263 1331,2263 1356,2264 1381,2265 1407,2266 1407,2232 1381,2231 1356,2230 1331,2229 1306,2229 1281,2229 1256,2228 1231,2228 1206,2228 1181,2228 1156,2229 1130,2229 1105,2229 1080,2229 1055,2230 1030,2231 1005,2231 980,2232 955,2233 930,2234 905,2234"/>
                <Baseline points="905,2257 930,2257 955,2256 980,2255 1005,2254 1030,2254 1055,2253 1080,2252 1105,2252 1130,2252 1156,2252 1181,2251 1206,2251 1231,2251 1256,2251 1281,2252 1306,2252 1331,2252 1356,2253 1381,2254 1407,2255"/>
                <TextEquiv>
                    <Unicode>y mas airosa que Palas, </Unicode>
                </TextEquiv>
            </TextLine>
            <TextLine id="r_3_1l42" custom="readingOrder {index:41;}">
                <Coords points="897,2317 922,2317 947,2316 972,2315 998,2314 1023,2313 1048,2313 1073,2312 1099,2311 1124,2311 1149,2310 1174,2310 1200,2310 1225,2310 1250,2310 1275,2310 1301,2310 1326,2311 1351,2311 1377,2312 1377,2278 1351,2277 1326,2277 1301,2276 1275,2276 1250,2276 1225,2276 1200,2276 1174,2276 1149,2276 1124,2277 1099,2277 1073,2278 1048,2279 1023,2279 998,2280 972,2281 947,2282 922,2283 897,2283"/>
                <Baseline points="897,2306 922,2306 947,2305 972,2304 998,2303 1023,2302 1048,2302 1073,2301 1099,2300 1124,2300 1149,2299 1174,2299 1200,2299 1225,2299 1250,2299 1275,2299 1301,2299 1326,2300 1351,2300 1377,2301"/>
                <TextEquiv>
                    <Unicode>y que solo con su vista</Unicode>
                </TextEquiv>
            </TextLine>
            <TextLine id="r_3_1l43" custom="readingOrder {index:42;}">
                <Coords points="899,2364 924,2364 949,2364 974,2364 999,2364 1024,2364 1049,2363 1074,2363 1099,2363 1124,2363 1149,2362 1174,2362 1199,2362 1224,2362 1249,2361 1274,2361 1299,2361 1325,2361 1325,2327 1299,2327 1274,2327 1249,2327 1224,2328 1199,2328 1174,2328 1149,2328 1124,2329 1099,2329 1074,2329 1049,2329 1024,2330 999,2330 974,2330 949,2330 924,2330 899,2330"/>
                <Baseline points="899,2353 924,2353 949,2353 974,2353 999,2353 1024,2353 1049,2352 1074,2352 1099,2352 1124,2352 1149,2351 1174,2351 1199,2351 1224,2351 1249,2350 1274,2350 1299,2350 1325,2350"/>
                <TextEquiv>
                    <Unicode>los corazones robaba.</Unicode>
                </TextEquiv>
            </TextLine>
            <TextEquiv>
                <Unicode>Don Geronimo de Alvara,
tan ilustre en su linage.
y tan antigua su casa,
que en el reino lusitano
es de todos venerada.
Tuvo de su matrimonio
dos pimpollos ó dos ramas,
era D. José el uno,
Don Fadrique al otro llaman,
que si el uno era bizarro, 
el otro se le aventaja.
Tan ilustres y aplaudidos
en la ciudad se admiraban,
que fneron los dos pimpollos
de la real casa de Alvara.
Siendo pues de doce años
Don José, segun declara
la historia y que Don Fadriquo
á diez años no llegaba,
cuando cortó á padre y madre
el vital hilo la parca.
Huérfanos los dos quedaron.
pero con riqueza tanta,
que con maestros pudieron
aprender buena enseñanza.
Crecieron los dos hermanos,
y ciñendose la espada,
fueron por su gran valor
respetados en su patria.
Eran en suma bien quistos,
politicos que admiraba,
de todos muy estimados
por su conducta y prosapia,
dotados de cuantas prendas
á un buen caballero esmaltan, 
En frente de los balcones
de su primorosa casa
vivia una gran señora,
llamada Doña Constanza,
mas vella que dos mil soles,
y mas airosa que Palas, 
y que solo con su vista
los corazones robaba.</Unicode>
            </TextEquiv>
        </TextRegion>
    </Page>
</PcGts>
