1737 2508
1382 338 1624 495 (Núm. 123.)
555 1303 1428 1374 SATIRA GRACIOSA,
601 1404 1389 1469 EN LA QUE SE MANIFIESTAN
291 1502 1697 1566 los nombres, propiedades y faltas, que las mugeres han notado en los
709 1552 1278 1594 hombres que hay en el dia.
335 1646 774 1681 Escuche todo viviente,
285 1688 793 1726 el que me quiera escuchar
289 1732 920 1773 varias faltas que en los hombres,
290 1776 771 1814 las hembras deben notar;
292 1820 781 1858 porque las de las mugeres
283 1863 722 1903 bien publicadas están,
286 1909 849 1948 y es menester que se cumpla
281 1952 685 1988 aquel célebre refran
284 1995 702 2034 que nos dice Ciceron,
283 2038 804 2080 Lleve su cruz cada cual.....
276 2083 797 2121 Empecemos por los Juanes
288 2127 880 2174 que es el nombre mas vulgar,
282 2175 872 2215 y por lo mucho que abundan
280 2216 828 2258 puede que haya uno tal cual,
280 2258 788 2299 aunque semejante hallazgo
284 2302 742 2343 no se ha visto publicar.
276 2348 810 2390 A los Pedros con los Juanes
275 2391 678 2435 los podemos igualar,
1021 1656 1551 1700 y á un elogio tan cumplido
1012 1699 1568 1747 no hay que añadir, ni quitar,
1017 1744 1486 1785 á no ser que aseguremos
1020 1786 1686 1836 que entre un Pedro y entre un Juan,
1012 1830 1412 1872 se repartió la malicia
1018 1877 1538 1920 y á los Pedros cupo mas.
1009 1918 1567 1966 No hay que fiar de los Pepes
1015 1963 1516 2010 que es gente poco formal;
1014 2003 1455 2050 y si hay alguno juicioso
1012 2051 1422 2093 le debe de confirmar,
1019 2095 1498 2139 porque el nombre de José
1005 2138 1485 2182 se inventó por Carnaval.
1002 2182 1534 2229 Los Franciscos inconstantes
1010 2227 1490 2271 desde fecha inmemorial,
1007 2271 1509 2313 han sido siempre maestros
1004 2314 1445 2356 en el arte de engañar:
1003 2358 1581 2404 dicen que hubo muchos justos
1002 2404 1510 2447 en tiempo del padre Adan:
