1737 2508
261 268 730 304 la vida de la Egipciaca,
268 317 718 351 de Margaritá los pasos,
268 364 800 400 de una Teresa las virtudes,
261 414 774 451 de Magdalena los llantos;
261 460 705 497 y de esta suerte ve ás
264 510 706 545 tus dolores aplacados,
259 560 669 594 tus fatigas aliviadas
261 607 797 646 y tu cuerpo con descanso
273 655 726 695 y lo principal, tu alma;
272 704 749 741 hermosa como los rayes
269 752 763 789 del sol cuando reververa
265 800 841 838 en medio del mes de mayo:
270 851 754 887 ca, hija, ¿qué respondes
267 897 782 935 á los ruegos que te hago?
264 947 706 983 Mira este dulce Jesús
269 996 892 1032 pendiente de estos tres clavos,
266 1044 782 1081 y con los brazos abiertos
278 1094 868 1129 mira que te está aguardando.
269 1142 782 1178 Cristianos ¿quién creyera
267 1190 848 1228 que este corazon de mármol,
274 1240 784 1276 no se ablandara y pusiera
272 1288 704 1323 en lágrimas anegado?
275 1336 848 1374 Pues hecha esta exhorlacion,
266 1386 776 1423 con el rostro muy airado,
274 1433 680 1468 toda de cólera ciega
275 1482 813 1520 prerumpió: padre, cansado
276 1530 718 1566 es vuestra paternidad:
283 1578 809 1615 ¿si Dios á mi me ha criado
280 1627 796 1664 hermosa y discreta, tengo
275 1675 721 1712 la culpa de lo tratado?
274 1724 759 1761 Si me quisiere Dios así,
279 1773 892 1809 y sino, que me eche á un lado,
279 1822 766 1859 y asi padre, no se canse
275 1870 855 1908 que no confieso, eso es claro;
277 1918 758 1956 y volviéndole la espalda
274 1966 669 2005 al Señor crucificado
274 2016 877 2055 que el padre en la mano tiene;
278 2064 778 2103 el cual luego de contado
282 2113 809 2154 salió y se dejó la enferma
288 2161 708 2201 confuso y atribulado.
289 2210 820 2247 Volvamos pues á su padre,
280 2258 832 2299 que pensó habia confesado,
282 2307 860 2350 y mandó que á la parroquia
986 259 1510 298 llevasen pronto un recado
988 308 1502 348 que viniese el señor cura
992 357 1493 397 con Cristo sacramentado,
988 404 1523 445 y á su hija la administren
992 453 1553 493 que está de grande cuidado:
983 501 1569 541 llego el Rey de cielo y tierra
993 550 1443 591 de luces acompañado,
993 599 1509 641 y al subir por la escalerá
999 646 1490 687 el concurso ha reparado
1000 694 1498 737 que la puerta de la sala
991 744 1558 785 de improviso se hia cerrado,
1003 794 1455 834 quedando el sacerdote
994 843 1455 883 con el copon abrazado,
1005 891 1551 932 porque volviendose á abrir,
1001 940 1420 979 pegaron otro porrazo
1003 986 1620 1027 con tres muy tremendos golpes
997 1035 1596 1076 que dentro se han escuchado,
1003 1084 1493 1124 con un ruido de cadenas
999 1133 1498 1173 y un olor como azufrado:
999 1180 1444 1221 volvióse su magestad
995 1228 1490 1270 á la iglesia, acompañado
1004 1279 1516 1319 de innumerable concurso,
1003 1328 1478 1366 y el sacerdote asustado
1008 1376 1555 1414 volvió á casa de la enferma
1002 1424 1577 1463 por ver en lo que ha parado
1008 1471 1449 1513 toda aquella confusion
1007 1523 1624 1562 que en su aposento ha pasado;
999 1571 1525 1609 llegó y abriendo la puerta
1008 1621 1448 1659 el olfato le ha parado;
995 1668 1489 1707 los de dentro de la casa
1005 1717 1677 1756 que en tal horror se han hellado,
1011 1766 1523 1803 vieron todos que las galas;
1001 1815 1535 1854 j yas, diamantes, topacios,
1007 1862 1479 1900 estaba todo en el suelo
1009 1910 1482 1949 pisado y desgualdrajado:
1008 1959 1492 2000 y la enferma qué dolor!
1004 2008 1477 2047 toda hecha mil pedazos
1020 2056 1540 2094 por mano de los demonios.
1016 2105 1474 2144 ¡Oh catolicos cristianos
1006 2154 1546 2192 que estos versos escuchais!
1006 2202 1470 2240 alerta, alerta, temamos
1012 2250 1430 2289 tan riguroso castigo;
1016 2302 1499 2341 pero volviendo al estrago
