1765 2512
166 289 690 326 María le dan por nombre
175 337 715 374 ¡oh nompre mal empleado!
171 386 665 422 Se fué criando esta miña
170 434 734 473 hasta cumplir los diéz años;
174 482 676 520 la que salió tan resuelta,
175 531 681 572 y de tan lindo desenfado,
177 580 809 618 qne el respeto á padre y madre
180 629 742 668 muy poquisimo haguardado;
182 677 708 715 solo lo que á esta doncella
180 728 644 763 le daba gusto y agrado,
176 776 584 814 eran galas y paseos;
170 824 660 860 festines; bailes gseraos,
171 871 709 909 sin atender de sus panres
169 919 705 958 los documentos cristianos;
177 967 740 1007 en fin, llegó á tal estremo,
175 1016 756 1056 que huérfana se ha que dado
185 1065 683 1103 de madre con que quedó
176 1113 676 1151 á sus anchuras pecando.
177 1161 760 1201 Era encanto de los hombres
177 1213 681 1254 por su gallardia y garbo,
179 1259 719 1301 por su discrecion asombro,
171 1308 725 1350 y por su hermosura pasino.
180 1357 764 1395 Cumplidos los quince abriles,
179 1404 699 1444 el Juez supremo enojado
184 1453 724 1493 contra esta mujer malvada,
188 1502 726 1541 determino dé que estando
180 1549 675 1591 en un serao en la noche
190 1599 690 1639 de san Fel pe y Santiago,
181 1648 716 1688 que se cauta el prinier dia
185 1697 675 1737 del flerido mies de mayo,
192 1743 765 1786 cayó al suelo ¡raro asombro!
192 1795 729 1835 á tienpo que está bailaudo
181 1845 593 1890 y sin poderse mover
181 1895 617 1932 á su casa la llevaron:
188 1942 675 1983 su padre cuando la vido
187 1988 649 2030 se quedó todo pasmiado
191 2037 770 2079 de ver que en tan corta edad
189 2092 601 2133 y tan juveniles años,
187 2138 757 2175 Dios por sus altos secretos,
193 2183 725 2226 de tal suerte ha castigado.
196 2232 769 2274 No ignoraba, pues, su padre
195 2283 681 2325 con el modo y desenfado
197 2331 659 2380 que su inobediente hija
905 278 1467 320 de este mundo habia gozado
897 327 1466 369 sin temor le Dios ni rienda,
906 377 1483 417 el tiemaro tan mal empleado,
899 426 1367 471 y asi con gran melodia.
903 475 1343 518 y con patérnal agrado,
907 522 1413 564 despues que va en la cama
906 571 1375 612 sus parientes la dejaron,
897 621 1345 661 entro diciéndola-hija,
905 668 1424 709 teme, teme á Dios amado,
908 717 1372 758 pues és misericordioso,
899 764 1359 806 si le pides con agrado
903 812 1409 855 que te perdone tus culpas
902 863 1369 903 y sino, mira que airado
901 913 1333 951 se mostrará contra tí
911 961 1315 999 justicicro y enojado:
911 1010 1413 1048 ella respondió á su padre;
901 1058 1479 1097 llama á un médico afamado,
905 1107 1492 1149 que él me sánará muy presto
905 1157 1367 1194 de la medicina usando,
913 1203 1447 1245 pues de lo que yo padezco
905 1254 1371 1292 es un riguroso pasmo.
903 1301 1451 1339 Llamáronse luego al punto
905 1350 1333 1389 médicos y cirugaños.
910 1397 1420 1436 y nientras mas recctaban
907 1445 1500 1485 mucho uas se iha agravando;
916 1494 1415 1533 detcrininó pues su padre
912 1543 1418 1582 llamar un confesor sabio,
907 1591 1457 1631 el cual luego al púnto vino
909 1641 1415 1679 sin detencion, al recado:
911 1690 1458 1727 entro el confesor prudente,
915 1740 1393 1782 y cortes la ha saludado,
920 1789 1360 1825 diciendola luego: hija,
915 1835 1461 1877 yo estoi aqui á tu mandato,
925 1885 1347 1924 y te vengo á suplicar
917 1931 1458 1972 de que con múcho cuidado
920 1979 1477 2020 vayas por los mándamientos
917 2029 1450 2069 tu conciencia examinando,
915 2078 1367 2121 y pidas perdon á Dios
923 2126 1496 2164 de lo mucho que has faltado
924 2173 1399 2213 á sus divinos preceptos
921 2223 1461 2263 su santa ley quebrantando,
921 2270 1373 2317 y con propósito firme
933 2322 1404 2361 de ir adelante imitando
