1737 2508
627 272 1158 310 PASILLO
850 370 938 405 DEL.
350 493 1450 534 TRIUNFO DEL AVE-MARIA.
182 713 835 747 Tarf. Ohi cómo espera impaciente
226 755 674 792 el valor en la campaña,
226 799 622 834 dilatandose la hazaña
221 842 703 880 que juzga lograr valiente.
221 886 658 921 Bien el cristiano vengo
225 930 575 962 el arrojo que logré,
226 975 728 1011 pues si á sus tierras llegué,
225 1019 680 1052 dentro Granada el entró.
228 1061 681 1096 Si un rótulo puse osado
228 1106 616 1141 en el regio pabellon.
226 1150 665 1184 él con mas admiracion
223 1194 752 1229 puso otro en el mas sagrado.
228 1237 826 1274 Yo el nombre por quien lo hacia
226 1282 734 1319 callé; librándome huyendo,
228 1326 714 1361 él su intento descubriendo
219 1370 678 1404 dice: que fué por María.
219 1413 641 1445 El solo nombre perdió
224 1458 674 1490 con claras letras escrito
225 1501 608 1535 y con esceso infinito
225 1545 706 1578 dama y prendas perdí yo:
221 1588 658 1621 En llegando á imaginar
224 1632 630 1666 tan grande afrenta, el valor,
223 1676 632 1711 quisiera con mi furor
220 1720 634 1756 cielos y tierra abrazar.
224 1764 673 1800 Por vengarme en desafio
223 1808 708 1845 hice ultrajar este nombre,
217 1852 824 1888 que es fuerza salga, si es hombre
219 1895 641 1932 á volver por el su brio.
221 1940 744 1976 Celima, que es el sol, robada
223 1984 643 2020 por un infame español!
220 2028 639 2064 robaréle al cielo el sol
223 2072 695 2108 pues falta el de Granada.
224 2115 757 2152 Cristianos, Tarfe hoy es quien
217 2160 758 2197 el nombre del Ave atropella,
214 2204 760 2238 habrá quien vuelva por ella?
169 2246 842 2283 Sale Gare. Y quien te mate tambien.
178 2292 816 2328 Tarf. Quien eres, rapaz, que aqui
219 2336 721 2370 has respondido arrogante?
181 2379 788 2418 Garc. Soy; moro, quien de Maria
957 714 1472 751 viene á vengar los ultrajes,
957 755 1479 794 y soy quien tambien por ella
957 801 1448 837 al campo viene á matarte.
915 845 1584 885 Tarf. Tu á matarme? di: eres dama,
956 890 1456 925 que de lo hermoso te vales,
952 934 1508 968 para dar muerte á los hombres
957 978 1541 1014 con lo hermoso del semblante?
915 1019 1458 1056 Garc. Soy un rayo fulminado,
951 1063 1508 1103 que alli en la esfera de Marte,
956 1108 1392 1141 contra tu loca soberbia
964 1151 1442 1188 Vulcano forjó en volcanes.
908 1196 1430 1229 Tarf. Si tan tiernos rayos forja,
948 1239 1429 1274 bien puede Venus premiarle
945 1284 1430 1318 pues solo será el incendio
954 1327 1494 1367 blando ardor en los mortales,
904 1370 1436 1411 Gurc. Moro, tu caballo toma,
956 1417 1404 1454 y apersibete al combate,
948 1459 1411 1496 que presto mi dura lanza
953 1503 1395 1538 hará que te desengañes.
914 1547 1448 1585 Tarf. Risa me das, vuelvete,
962 1590 1411 1626 porque batallas campales
949 1635 1417 1671 nunca ha usado mi valor
947 1678 1409 1714 mantenerlas con rapaces.
907 1723 1428 1756 Garc. Mi valor para contigo
948 1768 1470 1806 imagino que es tan grande;
945 1812 1398 1845 que para vencer el tuyo
952 1854 1386 1889 le lleva muchas edades.
909 1899 1431 1934 Tarf. Sabes tu que soy Tarfe?
906 1942 1536 1980 Garc. Pues que tenemos con eso?
904 1987 1522 2025 Tarf. Donoso estás, y has venido,
952 2032 1340 2064 enviado de tus Reales
937 2074 1422 2110 á hacer batalla conmigo?
946 2118 1434 2155 hablemos, rapaz, verdades.
903 2163 1533 2200 Garc. Si que tambien hay en ellos
945 2207 1352 2242 Davides para gigantes
906 2252 1571 2290 Tarf. Por que no salen los hombres?
944 2295 1463 2332 mas dirás que son cobardes,
937 2338 1303 2374 y que te envian á tí
947 2386 1449 2422 para mover mis piedades,
