1765 2512
151 249 807 289 Garc. Bárbaro, de que los infieres?
163 295 745 333 Tarf. De que solo con mirarte,
201 341 667 375 filigrana de los hombres,
201 383 683 420 dará tástima el quebrarte.
159 425 723 465 Gare. Moro, acorta de razones,
201 471 739 510 por que se va haciendo tarde
201 515 671 553 y vengo con mucha prisa
211 558 663 595 al infierno á despacharte.
167 601 721 641 Tarf Para trasto tan pequeño
206 646 659 684 muy grande cólera traes,
207 690 710 726 vuélvete al conde de Cabra
211 733 679 770 y á Pulgar, y de mi parte
208 778 696 813 les dices, que aqui espero,
215 820 703 860 y te envio sin maltratarte.
175 863 755 903 Gare. Tienes razon; mas comigo
221 907 713 945 tu cabeza he de llevarme.
175 950 769 990 Tarf. Mi cabeza? pues aun todos
207 994 761 1035 los del Real no son bastantes
215 1038 850 1079 que pesa mucho, y no hay fuerzas
219 1084 715 1120 para qne con ella carguen.
179 1126 703 1165 Garc. Moro, que puede pesar
223 1170 659 1208 una cabeza que es aire?
190 1213 809 1254 Tarf, Tienes razon, di que salgan
233 1257 781 1296 para que mas pronto acaben,
227 1301 817 1341 que si es aire, hacia la muerte
223 1346 669 1385 mas ligeros iran antes:
228 1392 688 1428 vé y diles lo que te digo.
183 1434 849 1473 Garc. Moro, el tiempo no malgastes,
229 1477 741 1516 que estoy corrido, por Dios,
231 1521 741 1559 de lo que tardo en matarte,
234 1564 774 1604 y hago gran falta en el Real.
191 1607 851 1649 Tarf. Pues vuélvete, que es mas facil,
233 1652 773 1692 que si haces gran falta ahora
240 1696 824 1734 muriendo la harás mas grande.
200 1738 797 1781 Garc. De este modo, las razones:
391 1784 675 1821 Saca la Espada
235 1828 768 1867 Bárbaro, habré de acortarte:
241 1872 662 1910 defiéndete, ó vive Dios
235 1916 786 1955 que has de morir de cobarde.
194 1960 793 2000 Tarf. Solo siento que eres poco
243 2004 712 2041 triunfo para este alfange.
203 2047 819 2087 Garc. No te pese, pues muriendo
241 2094 674 2132 de tanto cuidado sales.
880 238 1488 276 Tarf. Por Alá, que eres valiente,
884 282 1445 320 Garc. Rayos tu acero reparte.
884 325 1485 364 Tarf. No juzgué que en tal edad
927 369 1443 407 tan gran resistencia hallase.
890 412 1469 454 Garc. No imaginé que pudieras
934 459 1397 496 tanto á mi valor durarle,
932 504 1272 541 pero de esta vez...
894 548 1161 586 Tarf. Detente.
893 590 1461 630 Gare, Alienta, moro, el corage,
940 635 1259 672 que te suspende?
891 681 1167 717 Tarf. Decirte.
933 721 1375 759 la lástima que me hace
939 764 1369 803 darte muerte, vuélvete
939 804 1573 847 que es gran desdicha que acaben
938 850 1463 890 tan preste unos años tiernos
942 894 1416 934 que dan tan altas señales.
900 937 1472 978 Gare. Lo Piadoso te agradezco
945 983 1392 1021 pero no puedo pagarte.
899 1030 1171 1067 Tarf. Por qué?
906 1069 1485 1110 Gare. Por que en aqueste pleito
948 1118 1371 1154 solo es Maria la parte,
945 1159 1298 1198 y si no te libra ella
957 1202 1429 1239 yo es preciso que te mate.
911 1245 1457 1286 Tarf. Contigo hasta ahora, no
951 1287 1445 1329 habia llegado á enojarme;
951 1329 1449 1372 pero viendo que defiendes
952 1373 1425 1416 á esa que Virgen y Madre
954 1421 1355 1460 los cristianos adorais
959 1465 1405 1502 con siegas credulidades,
961 1505 1467 1548 y que escandalo su nombre
955 1551 1529 1590 fue en la mesquita, su ultraje,
953 1593 1465 1635 en venganza de esa ofensa
963 1638 1383 1679 quisiera al sol apagarle.
923 1681 1557 1723 Gare. Muy presto veras, blasfemo,
971 1726 1413 1767 lo que esta señora vale.
915 1768 1583 1811 Tarf. Pues toma el caballo y lanza,
968 1814 1413 1854 veremos si asi combates.
921 1855 1593 1898 Garc. Monta, sin perder momento,
971 1901 1483 1941 que todo no ha de bastarte.
924 1946 1435 1988 Tarf. Matarele, y su cabeza
972 1990 1417 2032 la pondré por estandarte,
930 2033 1463 2076 Garc. Llevaré al Ave- Maria
971 2076 1545 2123 para que en el Real se ensalse.
847 2221 953 2255 FIN.
717 2353 1107 2391 CARMONA:—1857.
200 2393 1610 2453 Imprenta de D. José Maria Moreno, calle Juan de la Cabra núm. 5.
