1765 2512
134 233 680 267 salga el mismo rey Fernando,
132 277 616 312 de ánimo y valor se arme,
136 320 556 354 porque su Isabel lo vea,
129 364 593 398 si gusta de ver combates.
136 409 612 441 Cobrad vuesta Ave-Maria,
126 453 586 486 cristianos viles, cobardes
130 496 671 530 que aquí en la Vega os espero
127 540 590 574 hasta las seis de la tarde,
130 583 598 617 Todo el Real se alborota,
121 628 612 662 en ver quien ha de tocarle
132 672 598 706 empresa de tanto empeño,
127 716 585 750 hazaña de tanto esmalte,
124 761 576 795 Indeciso está Fernando,
132 804 519 837 pesaroso de que falte
128 848 570 882 Pulgar, en esta ocasion,
122 891 642 926 que en Santa Fé no se halle,
127 936 621 970 Llamando á sus caballeros,
122 981 562 1012 todos vienen vigilantes,
119 1024 533 1060 y el famoso Garcilaso
120 1069 770 1102 se ha hechado á las plantas reales;
118 1110 592 1145 mozo gallardo y valiente,
124 1156 674 1191 que diez y siete años no hace,
124 1201 518 1234 y le dice, gran señor,
123 1244 681 1279 si ensalzar quieres mi Sangre;
132 1288 586 1321 dadme licencia si gustas;
128 1331 524 1364 para salir al combate,
128 1375 620 1410 No en verme jóven, señor,
130 1419 588 1452 us esperanzas desmayen,
123 1464 581 1497 porque el valor heredado
122 1507 544 1540 no necesita de edades,
118 1551 554 1584 Admirado quedó el Rey
117 1597 539 1631 y casi quiso abrazarle,
122 1639 610 1672 mas luego le dice: amigo,
124 1682 617 1716 muy digno es de celebrarse
124 1726 682 1761 vuestro valor, mas sois mozo,
118 1772 672 1806 para una empresa tan grande,
128 1815 554 1849 Quiso replicar, y el rey
120 1859 586 1893 lo cortó diciendo: baste.
116 1902 546 1939 Salió del Real irritado,
118 1946 498 1980 y bufando de corago
122 1990 537 2024 se dirige á sus criados
125 2035 683 2068 mandó al punto que lo armen
124 2077 586 2112 de finas armas Bruñidas,
127 2123 654 2156 con cuatro negros plumages
122 2166 550 2199 y hechandose la visera,
130 2209 622 2243 porque no quiere que nadie
124 2254 638 2288 lo conozca y que dé cuenta,
127 2298 542 2333 como sin licencia sale.
125 2342 594 2378 Llegó donde Tarfe estaba.
121 2388 551 2426 y despues de saludarle,
855 226 1277 261 le dice: bárbaro moro,
863 270 1415 305 que aguardas? Ya está delante
858 313 1348 349 quien te quitará mas vidas
860 358 1308 392 que tu tienes vanidades.
861 401 1251 434 Blasonas de ser Neblí
862 445 1319 480 del Ave mas te engañaste,
859 489 1300 524 Con resolucion gallarda
859 533 1370 568 le atajó el moro al instante.
859 576 1329 611 Eres Pulgar? le pregunta,
858 620 1320 655 No soy quien imaginaste,
860 665 1344 700 que si Pulgar te escuchara
862 708 1393 743 vieras que entre sus pulgares
857 750 1353 788 desbarataba esos miembros
852 797 1401 833 que los moros tanto aplauden,
860 840 1318 876 Descúbrete, pues ya ves,
859 883 1383 919 que descubierto me hallaste,
859 926 1275 964 Se alzó Lasso la visera
859 973 1281 1009 y asi que lovido Tarfe,
859 1016 1311 1050 eres muger? le pregunta.
858 1058 1404 1094 Si eres dama no me engañes,
855 1102 1389 1140 porque mi esfuerzo no llama
860 1147 1367 1183 muger, ni niño al combate.
858 1192 1344 1226 Vuélvete, engañado jóven,
850 1235 1315 1270 y agradece mis piedades.
851 1278 1213 1315 Enfadado Garcilaso,
854 1322 1362 1358 la lanza llegó á enristrarle,
857 1366 1331 1402 Todo el Real está confuso,
855 1411 1281 1446 mas el valeroso infante
857 1453 1257 1490 falceandole en el peto
855 1497 1309 1535 lo pasó de parte a parte.
862 1542 1329 1578 Cayó del caballo el moro,
861 1586 1345 1621 tendido en ánsias mortales.
858 1630 1290 1666 Se desmontó Garcilaso,
851 1675 1291 1711 y desnudando el alfange
849 1717 1319 1753 dividió el barbaro cuello
855 1762 1329 1797 para quesu rey lo hollase
855 1806 1304 1842 y en la punta de la lanza
854 1850 1286 1886 lo puso por estandarte.
852 1894 1368 1930 Presento al rey y á la reina
856 1938 1260 1973 los despojos militares,
857 1982 1305 2018 lo mandó prender el rey
851 2027 1297 2063 porque sin licencia sale,
859 2070 1289 2106 mas la reina cuidadosa,
856 2115 1389 2150 le alcanzó el perdon, y afable
851 2157 1303 2195 hizo que abrazara al rey
857 2203 1390 2240 y al rey que á él lo abrazase.
853 2246 1238 2281 Garcilaso de la Vega
859 2290 1345 2325 desde hoy has de llamarte,
860 2334 1365 2372 porque en la Vega hicisteis
855 2380 1299 2415 hazañas de tanto alarde.
