1737 2508
822 114 851 265 3
147 228 523 264 considerar la tristeza
138 267 652 306 que por no haber ido tiene.
136 307 557 342 Apenas le vió la infanta
144 347 607 384 con palabas muy corteses
144 387 624 426 le preguntó, porque estaba
141 428 599 466 tan cabisbajo ¿que tienes?
141 469 574 505 ¿Eran ciertas las finezas?
140 508 573 547 ¿Mudaron los pareceres?
140 547 568 587 ¿serán los ofrecimientos
131 587 624 625 tan ciertos como prometes?
136 628 540 665 ¿y el anillo que te dí
139 666 611 706 como puesto no lo tienes?
138 707 617 744 ¿te enfadan ya mis caricias?
132 748 660 787 ¿te habrás cansado de verme?
142 785 628 825 ¡Parece que estás suspenso!
139 825 634 867 ¿Por ventura te arrepientes?
136 865 656 910 Pues si te enfado ya es tarde,
130 905 614 947 habla, dime lo que sientes.
126 947 605 988 Atento escuchaba el conde
132 986 551 1025 y le dice de esta suerte:
131 1026 551 1065 señora, que os engañais
128 1063 712 1123 ó que por otro me tienes
127 1104 709 1163 por que esta noche tu padre
123 1146 642 1191 sin culpa mandó prenderme
125 1186 640 1230 conque ni con vos he estado
128 1226 572 1263 ni yo se que anillo es ese;
130 1267 573 1309 ¿como no? dijo Flamina,
120 1307 642 1348 traidor, haré que te quemen,
119 1347 696 1389 despues de haberme... engañado
128 1386 522 1426 ahora negarlo quieres,
120 1428 648 1470 ¿conque asi niegas tu infamia
128 1468 538 1502 y tus falsos procederes?
124 1508 572 1547 pronto verás la venganza
125 1546 698 1591 para que el mundo escarmiente.
128 1585 543 1626 Y airada cual una fiera
118 1625 616 1669 le volvió la espalda y fuese,
121 1666 547 1705 quedando don Federico
119 1706 650 1749 mas confuso que al prenderle
113 1744 531 1786 sin saber lo que le pasa
119 1784 497 1824 estando tan inocente;
123 1823 479 1862 y dice, si llega el rey
107 1864 532 1907 á saberlo es claramente
119 1904 703 1961 que de por fuerza me case
112 1944 694 1999 aunque yo en mis intereses
112 1985 562 2027 me considere agraviado,
113 2024 683 2083 como el vulgo decir suele,
110 2068 524 2104 plato de segunda mesa
112 2109 561 2146 y para que no me afrente
108 2147 620 2189 ya que mi honor se reciente,
112 2185 563 2226 mejor será irme á España
114 2227 594 2267 pues al fin estando ausente
115 2266 616 2308 el tiempo y ausencia borran
104 2303 584 2348 memorias, males y bienes;
118 2345 605 2388 partió en un bajel surcando
104 2384 523 2425 montes de olas y peces
111 2428 470 2464 y á Barcelona llegó
851 239 1318 275 sin que nadie lo impidiese
849 279 1288 314 donde fué bien recibido
857 319 1286 354 de la nobleza y la plebe,
849 359 1370 396 mas como en aqueste mundo
849 399 1258 434 todo se vuelve reveces,
849 439 1267 476 un poderoso Almirante
855 478 1287 518 vivia en la ciudad, y este
843 518 1251 555 tenia por hija un cielo
847 558 1359 603 que en hermosura le escede,
840 598 1194 632 llamábase Florisela
841 638 1309 676 con la cual mereció verse
839 676 1210 715 desposado Federico,
845 714 1280 754 viviendo los dos alegres
847 758 1289 796 siete años y en los cuales
844 797 1303 836 dos hijos hermosos tienen
848 837 1306 879 aunque de secso distinto,
844 879 1330 920 fué el primero don Vicente,
840 919 1288 957 de estas delicias gozaban
839 958 1272 997 el par de Barceloneses.
844 999 1286 1036 sin advertir que Flamina
840 1039 1243 1074 formaba lazos y redes,
841 1078 1291 1114 y para que don Federico
839 1118 1254 1155 á la Irlanda se volviese
832 1159 1256 1195 inventó una carta falsa
836 1199 1330 1236 finguiendo ser propiamente
840 1239 1304 1275 del rey, por favor pidiendo
831 1278 1342 1320 que en su corte se presente,
832 1320 1294 1357 y al punto con su familia
835 1358 1330 1399 fuese por ver lo que quiere;
826 1398 1268 1435 llegó al palacio y apenas
834 1439 1262 1475 tuvo la infanta presente
827 1478 1284 1517 el conde, y vió que venia
833 1518 1278 1555 casado, allá en su mente
824 1559 1248 1594 la cólera estalla, y jura
829 1598 1286 1635 vengarse inhumanamente
825 1640 1203 1673 á costa del pundonor
827 1677 1302 1715 y aunque la vida le cueste,
825 1719 1280 1754 diré la venganza en suma
826 1759 1320 1798 ahora en la parte siguiente,
830 1798 1302 1835 pues ya cansada mi pluma
828 1839 1319 1876 el cortarla es muy urgente.
992 1920 1338 1954 SEGUNDA PARTE.
863 2000 1318 2034 Quedó la infanta Flamina
816 2039 1246 2074 tan yerta como confusa,
828 2079 1394 2117 viendo en su presencia al conde
819 2120 1308 2155 con la preciosa hermosura
819 2159 1262 2196 de su mujer y dos hijos,
823 2200 1347 2235 y aunque entonces la condesa
823 2239 1228 2275 cortesmente la saluda,
811 2279 1220 2314 no miraba ni entendia
820 2321 1316 2356 ningunas de sus preguntas,
823 2360 1311 2396 pues con suspiros y llantos
816 2401 1328 2438 los ojos ni aun se le enjugan,
819 2441 1250 2478 queria hablar, y la pena
