1765 2512
988 49 1012 202 6
267 157 797 202 nunca mi pecho acostumbra
268 197 716 240 temer el morir, pues es
267 236 721 282 deuda que todos tributan.
262 275 636 318 Y asi morirè gustosa
260 315 808 362 porque á mayor trono subas.
260 354 711 400 Dos cosas quiero pediros
260 395 756 442 pues los reyes acostumbran
252 434 712 481 á hacer mercedes el dia
255 475 787 523 que sus casamientos ajustan.
261 517 809 563 La primera es, que á mis hijos
257 556 806 603 espejos que al alma alumbran
264 595 650 639 los envies á mi padre
248 635 828 683 á España, que mas bien cuidan
253 676 768 723 abuelos, que padres á hijos,
251 714 769 762 y mas con madrasta, nunca.
248 755 801 804 La segunda es, que mi honra
258 795 722 840 de castidad, no se altere.
253 834 762 883 ni se alegue alguna infamia
250 873 715 923 para tapar otras muchas.
246 915 726 962 Y lo mal que te he servido
252 954 722 1004 tu mucha piedad lo supla.
246 994 676 1039 No desmayes, ten valor
249 1034 742 1082 el templado acero empuña,
244 1076 694 1120 ya mi cuello se apercibe
245 1114 655 1158 maneja acerada punta.
243 1154 715 1198 Y al ir á embotar los filos
243 1194 749 1242 en la ya eclipsada y turbia
243 1234 710 1282 candidez de aquel lucero,
243 1274 744 1323 entró en la sala con mucha
239 1312 694 1362 velocidad su secretario;
235 1354 684 1401 diciendo, tened la furía
241 1396 773 1444 que otra muerte puede haber
240 1436 672 1480 que sea menos injusta.
244 1475 673 1520 Anda ve y en las orillas
243 1516 678 1561 hay mil barcos y faluas,
238 1555 678 1601 barrenar uno y meterla,
233 1596 819 1644 que tenga en el mar su tumba.
225 1636 667 1677 Apenas la oscura noche
234 1675 728 1721 tendió su sombra nocturna
226 1715 650 1759 se ejecutó lo mandado,
234 1756 744 1803 quedando lleno de angustias
230 1795 716 1841 en los brazos de la muerte.
400 1880 736 1918 TERCERA PARTE.
264 1955 655 1998 Aumentaba Florisela
224 1994 651 2038 sus cristalinos raudales
220 2035 668 2079 hecha sirena en el mar
223 2074 708 2122 aunque con funestos ayes,
223 2114 672 2157 lágrimas que de sus ojos
224 2154 665 2200 derramaban á millares,
228 2196 612 2234 pero la misericordia
219 2233 680 2279 en los mayores conflictos
217 2274 565 2314 á los afligidos vale.
220 2313 676 2357 Permitió Dios una noche
224 2357 682 2403 por ser tan largo el viaje,
967 176 1376 215 apenas por el Oriente
974 215 1465 258 del sol que con claridades
967 256 1500 299 se halló en la fértil provincia
995 296 1448 337 estados muy deleitables
967 334 1532 380 de don Clemente, aquel duque
922 375 1460 423 que hemos repetido antes,
971 414 1466 462 el mismo que á la princesa
976 455 1422 499 con maña, cautela y arte,
971 495 1468 539 triunfó de su honor, y luego
972 535 1420 575 veloz dispuso ausentarse.
968 575 1448 615 Al tiempo que á ver pescar
965 614 1328 654 salia por deleitarse:
976 654 1435 693 vieron aquel barquichuelo
972 696 1456 740 que entre las olas combate,
970 735 1386 776 lo trajeron y á la dama
966 777 1369 816 para que se confortase
963 814 1426 858 de su desmayo, le aplican
962 853 1377 898 remedios muy eficaces.
968 892 1491 944 Vuelta en sí le dijo el duque,
966 933 1404 978 por tu vida mme declares
960 973 1392 1017 lo trájico de tu historia,
968 1011 1450 1058 y ella con triste semblante
956 1051 1358 1093 dice, señor, el motivo
963 1092 1470 1135 de hallarme en estos parajes
957 1132 1409 1176 fué, que desde Barcelona
967 1172 1443 1215 yo y mi muy querido padre
961 1212 1488 1256 á Irlanda íbamos, y en medio
964 1251 1549 1306 de aquellos salobres mares
954 1292 1523 1347 se levantó una horrasca
959 1333 1409 1374 y entre furiosos bolcanes
953 1372 1407 1413 todos perdieron las vidas
957 1412 1451 1454 menos yo, que las piedades
953 1452 1384 1493 de los cielos, en el bote
950 1490 1364 1536 yo sola pude librarme.
945 1532 1442 1573 ¿Cómo te llamas? y al punto
948 1573 1474 1617 dice, mi nombre es Violante,
952 1614 1344 1652 ¿sois casada? no señor
950 1650 1488 1693 respondió, que iba á casarme.
948 1693 1403 1732 Pues Violante, desde hoy
948 1733 1472 1775 en mi estado hus de quedarte
943 1774 1392 1813 y porque en ti reconozco
948 1812 1364 1856 deciendes de alto linaje,
948 1853 1368 1893 por mas heróica fineza
940 1891 1380 1933 este anillo quiero darte,
944 1934 1440 1973 ponlo en tu mano y advierte
944 1973 1472 2018 que encierra misterio grande,
938 2011 1408 2054 tanto, que pende mi vida
944 2053 1443 2105 si llegara á declararse.
944 2090 1328 2133 Y Florisela responde,
936 2135 1488 2175 pues gran señor, eso es darme
928 2176 1460 2216 gran rigor sobre mis penas
936 2215 1396 2254 y disgustos á mis pesares
936 2256 1540 2297 y en mí no ha de eesistir prenda
932 2293 1387 2338 que tantos méritos trae;
936 2335 1359 2376 y así es preciso que yo
936 2377 1448 2417 lo sepa, y el cielo os guarde.
