1752 2480
726 0 750 118 8
46 94 436 130 que la vida le quitasen
49 132 495 167 i su hija, y que en la mia
48 173 537 206 sin remedio ha de vengarse.
47 208 526 246 El duque quedó suspenso
48 253 500 286 ludando como escusarse,
43 294 418 329 y ya recobrado, dice,
43 333 449 368 mi parecer y dictámen
49 371 411 407 es asegurar al conde
46 413 502 446 y entregarlo al Almirante,
47 453 558 487 pues que con él comenzaron
41 494 570 527 los hierros que en el acaben.
49 532 476 567 Metieron el pobre conde
48 574 534 606 entre prisiones muy grandes
41 613 465 646 al tiempo que Florisela
43 654 374 688 llegó con feliz viaje
41 693 480 731 y andaba á lo masculino
41 733 501 769 sin comunicar con nadie.
48 773 528 808 Préndenla diciendo que era
42 814 425 848 espia de la otra parte
47 856 494 888 ante el general la ponen,
44 895 560 930 quien vió historia semejante)
44 936 515 968 pues sin que se conocieran
44 975 473 1008 estaban todos neutrales.
43 1014 500 1047 Manda el Almirante hecer
48 1053 456 1088 con rigor incomparable
47 1095 479 1128 un cadalzo, y que en él
48 1134 438 1168 al conde lo degollasen,
49 1175 468 1209 y que á la espia enemiga
50 1214 488 1247 tambien la arcabuseasen.
48 1253 477 1287 Metieron entre prisiones
43 1295 512 1328 á estos dos finos amantes,
48 1333 512 1367 y el conde á su compañero
49 1374 508 1408 con palabras lamentables
45 1413 420 1448 le decia, ciertamente
44 1455 453 1488 amigo que ya me place
52 1494 518 1528 lan solo el veros, pues sois
46 1535 422 1567 viva copia semejante,
48 1573 603 1608 de un bien que perdí, y ahora
50 1615 533 1648 miro en tu vista su imágen,
41 1654 449 1687 y quisiera con mi vida
43 1694 435 1728 la tuya poder librarte,
49 1735 451 1768 solo porque os pareceis
50 1775 479 1808 á la inocente inculpable
45 1814 505 1848 de Florisela, aquí el alma
42 1854 460 1888 solo en decirlo se parte.
45 1895 431 1928 Esta sentida querella
49 1935 444 1969 decia con pena grave.
41 1974 465 2008 Su misma esposa desea
49 2015 475 2048 trocar en placer pesares
49 2055 437 2089 en regocijo las penas
47 2094 476 2130 y poner fin á los males
49 2134 444 2168 aguardando la ocasion
52 2175 454 2208 de llegar á declararse.
50 2215 528 2251 Llegando por fin la hora
742 83 1234 117 sacan los dos de la cárcel,
747 122 1150 159 pónenlos en el suplicio
737 165 1197 199 y estando ya en el paraje,
746 202 1176 240 llegó el confesor piadoso
739 245 1085 280 para reconciliarles,
735 284 1146 318 á quien Florisela dijo,
741 323 1179 359 todo por puntos cabales.
747 363 1140 399 Con esta fausta noticia
735 402 1218 438 al rey se le ha dado parte.
742 441 1209 481 Que suspendan la justicia
739 479 1169 524 y que pase el Almirante
748 519 1229 558 con su séquito y sus tropas
748 560 1243 598 dice el rey, allí en presencia
742 600 1206 640 de todos los circunstantes
736 643 1189 678 se hizo notorio el suceso:
744 685 1188 718 bien puede considerarse,
745 726 1181 758 los júbilos, los estremos,
747 765 1137 798 de caricias paternales,
749 804 1292 841 que mas se esplica en silencio
747 845 1223 879 que la pluma que lo trace.
745 885 1145 918 Todos juntos á palacio
740 924 1218 960 al rey fueron á informarle
746 965 1084 998 del referido suceso,
738 1002 1173 1038 fin de tantas novedades.
735 1043 1219 1078 Estando presente el duque,
735 1083 1179 1118 no pudiendo ya librarse
741 1124 1155 1159 le fué preciso el decir,
751 1165 1221 1201 aunque con recelo grande,
751 1204 1247 1241 toda la historia, y la infanta
751 1244 1239 1281 quiso en la ocasion negarse
752 1282 1265 1319 por no descubrir su engaño.
745 1323 1189 1359 Mas Florisela al instante
751 1364 1149 1399 sacó el anillo, que fué,
751 1403 1169 1439 el testigo, juez y parte,
755 1441 1227 1479 viendo la verdad la infanta
741 1482 1304 1519 se humilló á los pies del padre,
744 1521 1243 1560 lo mismo el duque, y el rey
751 1564 1217 1598 viendo historia semejante,
748 1604 1228 1639 al duque ofreció su hija .
751 1644 1115 1681 para lazo maridable,
755 1680 1279 1720 y al conde con nuevo empleo
749 1722 1285 1760 quiso en la ocasion honrarle,
750 1761 1209 1800 siendo infinitas las fiestas
756 1801 1275 1838 que hicieron para alegrarles.
745 1841 1250 1878 Finalmente, desde entonces
754 1881 1245 1918 quedaron hechas las paces.
746 1916 1428 1958 No hay mal que por bien no venga.
755 1959 1305 1998 Ni bien que no espere males
756 1998 1214 2040 este es el fin del suceso
760 2037 1286 2080 de esta historia, y lo restante
756 2082 1261 2120 dirá el discurso del tiempo
759 2121 1129 2159 siendo su panejirista
747 2163 1201 2200 Alonso de Pablo Morales.
1195 2198 1277 2232 FIN.
212 2203 1278 2369 Carmona;—Imp. de D, José Maria Moreno, Madre de Dios, 1.
