1600 2448
830 0 872 144 5
131 126 589 164 que si lo puede se oculta.
137 164 569 205 La leyó y quedó confuso
131 204 665 246 pensando en alguna industria
131 242 539 283 como castigar al conde
136 284 588 325 sin que persona ninguna
136 323 558 362 sintiese motivo ó causa,
138 365 692 400 pues luego el pueblo murmura.
139 405 639 438 Mandó que el conde viniera
128 445 628 479 allí: y con pocas preguntas,
139 485 596 517 dice, sabrás conde amigo
140 525 672 562 que hoy mi afecto te procura,
133 565 623 597 porque de tu buen discurso
140 605 636 641 y por ser tu ciencia mucha,
134 644 598 676 me des amigo un consejo,
136 683 710 717 y es bien que á tí me descubra.
135 724 581 755 El rey de Albania mi tio
134 765 696 798 tiene una hija, en quien funda
131 804 498 836 todo su ser y cariño,
127 845 608 882 ésta como criatura, herró,
133 885 505 916 porque un caballero
132 925 576 963 de su crédito hizo burla,
127 967 640 1001 temiendo fuesen en su busca
131 1007 563 1042 se aseguró con casarse;
136 1047 546 1081 y para pena mas dura
140 1087 623 1122 por la puerta de la infanta
132 1126 621 1161 se entra con esposa é hijos.
134 1164 612 1201 La infanta de celos muere,
127 1205 664 1236 su padre aunque sabio duda
133 1245 540 1277 como atajar este daño
140 1285 540 1319 y conmigo lo consulta;
133 1324 589 1361 yo solo no doy sentencia,
133 1365 585 1398 por eso busco tu ayuda.
133 1406 616 1439 Respondió el conde, señor,
133 1446 715 1479 pues no hay mejor compustura,
141 1485 628 1517 que estando con vuestro tio
138 1525 656 1559 la guerra en su mayor lucha,
131 1565 562 1598 haga lo que hizo David
139 1605 639 1638 que entre la enemiga turba
131 1645 535 1678 puso al capitan Hurias
138 1685 677 1716 y murió á manos de la furia.
135 1722 611 1757 No, conde, respondió el rey
136 1765 650 1797 que esa fué sentencia injusta,
137 1804 572 1837 y luego fué él castigado
138 1845 546 1876 del cielo por esa culpa.
133 1885 676 1916 Pues señor que valla el mismo
131 1923 642 1956 por fuerza poder ó industria
140 1963 588 1997 quite la vida á su esposa,
131 2003 589 2042 y que si la infanta gusta
135 2043 583 2075 se case con ese hombre.
133 2084 678 2118 ¿No habrá mayor compostura?
139 2124 568 2156 replicole el rey que nó.
139 2163 585 2195 Esa es clamar las alturas
136 2204 576 2235 como la sangre de Abel
131 2244 606 2275 si tal muerte se ejecuta.
133 2283 695 2316 Y pues no hayas otro remedio
139 2326 602 2358 toma lee y luego escucha.
877 113 1318 148 Sacó la carta que oculta
843 152 1237 189 traia, y le dice, conde
836 190 1307 228 ahi verás como te acusan:
848 231 1336 268 tu te has dado la sentencia
849 271 1349 309 y antes que la oriental cuna
851 311 1253 349 del mayorazgo del dia
856 352 1297 388 peine sus madejas rubias
852 392 1249 430 ha de estar ejecutado
847 433 1193 467 y sinó será la tuya.
888 471 1436 509 Fuese y quedó el conde hecho
847 512 1324 549 de piedra inmóvil columna
838 552 1331 589 sin poder huir, que el mar
840 590 1284 628 aquellas olas circundan.
844 631 1294 669 Fuese y cuando Florisela
854 672 1340 708 vió que el color se le muda,
838 714 1272 747 le dice, esposo del alma,
835 753 1295 793 ¿que pesaresite atribulan?
843 790 1414 833 ¿Que confusion te suspende
846 833 1335 868 cuando tu vista fué mustia?
845 873 1348 907 Y formando en sí un suspiro
845 912 1325 947 dijo con ancias profundas:
839 952 1308 991 ¡Ay de tí, esposa del alma!
841 994 1309 1029 desdichada y sin ventura,
835 1034 1341 1070 mas hay de mi que el dolor
836 1074 1332 1109 alma y corazon me asusta,
850 1113 1320 1150 y pues de pena no muero
843 1152 1340 1188 parece que no son muchas.
839 1192 1333 1228 Mas bien lo dicen mis ojos
840 1232 1349 1268 hechos dos copiosas lluvias.
843 1274 1393 1307 Sabrás como el rey me manda,
847 1314 1352 1348 de que hoy sin falta alguna,
839 1354 1343 1391 yo mismo te dé la muerte:
851 1395 1329 1428 quien vió cosa mas injusta
843 1434 1255 1469 ni una ley tan rigorosa
852 1474 1380 1508 como la que el rey promulga,
839 1514 1365 1551 pues aquel que mas te adora
839 1552 1436 1591 y aquel que tu bien procura
839 1594 1349 1628 tiene que ser tu homicida,
843 1634 1348 1668 que ni las fieras mas brutas
845 1676 1171 1708 tal rigor ejecutara,
843 1713 1267 1750 y para que no me huya
841 1752 1436 1788 ha mandado que el palacio
843 1793 1384 1828 de dobles guardias circundan.
847 1834 1341 1868 Y esto es porque la infanta
836 1873 1267 1908 con diabólicas astucias
848 1914 1344 1948 ha engañado al rey diciendo,
844 1955 1338 1989 que con cautela y segunda
859 1995 1262 2027 yo la gocé y es incierto
847 2035 1198 2067 bien lo sabe Dios....
844 2073 1260 2108 Primero caiga del cielo
854 2116 1312 2148 un rayo que me confunda,
856 2155 1276 2188 que tal barbarie ejecute
843 2195 1328 2228 aunque mi cuello desuna.
843 2235 1273 2269 Mas fácil serà el tomar
856 2276 1315 2310 cun las manos, sol y luna.
881 2317 1249 2350 Jesus, dijo Florísela,
