1737 2508
896 41 930 193 7
203 161 708 202 Dice el duque, pues atiende
207 206 662 242 yo te juro por mi parte
214 243 695 279 que eres la primer persona
204 283 706 319 que en este mundo lo sabe.
209 324 681 358 Ya te he dicho como soy
215 363 694 402 duque de aquestos lugares,
215 404 678 439 y por ciertos infortunios
211 444 701 479 que tuve en mis mocedades
207 483 714 522 de aquí fuí á parar á Irlanda
209 522 657 558 donde tuve mi hospedaje
203 560 594 596 en el palacio del rey,
211 600 733 640 en donde asistia un grande
215 640 731 680 que era conde de Barcelona,
214 679 658 720 tan discreto como afable;
215 720 597 754 tenia el rey una hija
214 759 804 801 que del conde dió en prendarse,
218 798 595 834 y yo que la pretendia
208 838 724 879 viendo tan grande el desaire,
214 878 614 917 una noche que tenian
213 920 689 957 dispuestos los dos amantes
209 960 675 998 en el cuarto de la infanta
199 1000 633 1040 á solas verse y hablarse,
209 1039 700 1079 yo arrastrado de la envidia
208 1081 692 1120 hice que al conde llevasen
211 1122 606 1161 á una prision, y yo fuí,
203 1162 672 1199 finguiendo con tanto arte
199 1202 631 1237 ser el conde, que logré
211 1243 652 1276 de amor los lazos suaves
208 1281 586 1316 y por fineza me diò
212 1323 651 1360 este anillo de diamantes,
203 1358 601 1397 y al otro siguiente dia
207 1402 562 1438 dispuse yo mi viaje;
212 1443 697 1476 yo me vine, y no he sabido
200 1482 682 1517 si hay algunas novedades.
212 1523 691 1558 Quedóse muda y suspensa
205 1560 617 1598 con historia semejante
208 1601 613 1637 Florisela, pues le halló
204 1639 609 1678 á tal enredo el desate.
203 1679 612 1717 Pidióle al siguiente dia
207 1720 618 1756 licencia que la llevasen
209 1758 627 1796 á su patria, pues queria
211 1797 609 1838 visitar á sus parciales,
202 1838 643 1878 se la concedio y al punto
206 1879 588 1915 se le dispuso el viaje
207 1916 688 1957 y en tanto que á Barcelona
208 1959 648 1993 llega surcando los mares
202 1998 612 2033 referiremos la historia
211 2038 708 2073 de su muy querido padre;
208 2079 690 2115 luego que vió à sus nietos,
215 2117 675 2153 y supo de que á su madre
208 2159 694 2195 tan cruel muerte le dieran
214 2199 648 2234 hecho una fiera salvaje,
211 2238 712 2274 manda al instante se armen
216 2279 654 2314 entre todos sus estados
203 2318 600 2355 una tropa numerable,
206 2364 618 2395 y por general de todos
917 170 1459 206 puso al nieto, para darle
917 208 1403 244 por su mano la venganza.
915 248 1381 281 Y el abuelo incontrastable
915 287 1330 322 le decia, hijo querido,
917 327 1422 360 luego que á saber alcances
925 368 1408 401 que tu padre con la infanta
924 408 1360 440 se desposare, no repares
912 448 1346 482 sino la ley de la justicia
923 489 1424 523 es que manda que le mates;
921 528 1311 561 para lo cual dibujado
923 568 1345 603 en maguífico estandarte
922 607 1282 640 esa en ataud metida
924 646 1330 680 es Florisela tu madre.
915 686 1368 720 Prevenidas las escuadras
914 726 1456 762 les dió licencia que marchen.
929 767 1317 802 Vamos á don Federico
926 806 1500 842 que desde aquel mismo instanfe
919 846 1448 882 que hechó à Florisela al mar
920 887 1404 922 dió una pena en no dejarle
923 927 1389 960 pues melancólico y triste
911 968 1443 1002 muy descompuesto en el traje
915 1008 1298 1040 andaba por la ciudad
911 1049 1342 1083 diciendo mil disparates,
919 1090 1348 1122 tanto que ya como loco
920 1129 1370 1163 lo trataban por las calles,
922 1169 1272 1202 diciendo, si yo gocé
919 1209 1432 1244 á la infanta el cielo me mate,
918 1247 1392 1281 pues ya Flamina ni el rey
920 1287 1341 1321 lo querian de su parte,
912 1328 1404 1363 antes mas bien procuraban
920 1368 1274 1400 alguna bebida darle
915 1409 1400 1441 con que muriese, pues era
915 1449 1432 1485 pregonero por las calles.
917 1489 1337 1520 En este tiempo llegaron
918 1527 1342 1560 con estruendo militares
912 1568 1382 1599 el nieto y suegro pidiendo
915 1608 1444 1641 guerra campal en los parques.
924 1647 1412 1682 Viendo el rey su perdicion
914 1685 1287 1719 alistó sus generales
912 1728 1319 1759 y todos sus consejeros
912 1767 1346 1801 á ver lo mas importante.
923 1808 1360 1840 Todos de comun acuerdo
921 1848 1384 1881 dicen al rey que llamase
920 1887 1330 1920 al gran duque de Milan
914 1926 1347 1960 gran ingeniero que sabe
915 1966 1436 2002 con poca gente hacer mucho,
916 2007 1368 2039 le escribieron al instante
912 2047 1378 2082 el cual vino por la posta;
916 2088 1370 2123 llegó á palacio y le hacen
912 2127 1344 2159 sabedor de aquel suceso
912 2167 1390 2200 habiendo sido él causante.
924 2207 1403 2242 Gran duque, le díce el rey,
915 2246 1402 2282 ya sabrás que el almirante
913 2287 1454 2323 me ha puesto guerra diciendo
923 2326 1427 2360 que èn mí tiene de vengarse
925 2369 1434 2401 porque yo he sido el motivo
