1752 2480
1095 154 1353 311 (Número 220.)
441 990 1017 1149 FLORISELA.
546 1091 892 1245 PRIMERA PARTE.
27 1251 1423 1296 En que se dá cuenta de los amores de la princesa Flamina y el conde de Bar-
28 1291 1421 1338 celona, cón los varios acontecimientos del duque de Milan y el rey de Irlanda.
59 1368 465 1402 Desde el atlántico polo
17 1408 488 1448 cuna y balcon del Oriente,
21 1448 437 1482 donde el emífero carro
28 1490 440 1524 peina el dorado copete,
23 1530 478 1564 mientras sus ondas platas
15 1570 439 1602 el salado mar le ofrece
24 1609 408 1642 por funesto mauseolo
20 1649 464 1685 que sus rayos obscurece.
19 1688 399 1724 Desde la Noruega fria
16 1727 456 1764 hasta la tórrida ardiente,
23 1769 489 1802 publique en mi voz la fa ma
20 1809 412 1843 para que todo viviente
17 1845 493 1881 oiga en mis toscas palabras
14 1888 470 1923 la historia mas eminente,
17 1929 462 1963 que los anales del tiempo
9 1968 474 2003 ha trasmitido al presente.
15 2008 358 2040 Hoy voy á referiros
7 2046 440 2080 con palabras reverentes
9 2088 490 2120 la historia de una princesa
16 2129 498 2164 ignorada hasta el presente,
13 2169 441 2203 y pues debí ya empezar,
8 2207 452 2241 atencion que seré breve.
9 2247 520 2285 En aquel tiempo que España
10 2288 472 2325 fué perseguida de infieles,
16 2328 433 2362 habia un rey en Irlanda
9 2366 431 2401 cuyos hechos eminentes
32 2407 447 2444 ieron crédito á la fama
735 1373 1119 1410 y áila corona laureles,
735 1413 1137 1450 tuvo tan solo una hija
731 1453 1117 1492 espejo de las mujeres,
737 1492 1202 1532 y á su hermosura vinieron
735 1533 1177 1570 de reinos muy diferentes
735 1572 1168 1610 varios príncipes por ver
725 1613 1096 1649 si podian merecerle.
727 1652 1139 1689 Dos ilustres caballeros
728 1691 1098 1729 recidian igualmente
735 1732 1205 1770 en la corte, demás de ricos
733 1772 1226 1813 de noble sangre y progenie,
727 1813 1117 1848 y con el rey á palacio
720 1851 1085 1889 asistian juntamente.
731 1892 1142 1929 El uno es don Federico
725 1932 1210 1973 y es el otro don Clemente,
720 1973 1209 2009 aunque en calidad iguales
727 2012 1112 2050 en estados diferentes,
724 2053 1135 2088 pues era don Federico
722 2089 1145 2129 español, y demás tiene
719 2133 1150 2171 ser conde de Barcelona,
721 2174 1233 2211 mas don Clemente le escede
724 2213 1164 2251 pues es duque de Milan,
720 2253 1158 2290 y por cosa muy urgente
722 2293 1159 2330 en aquel pais se hallaba
715 2334 1165 2369 entre colmados placeres
719 2374 1158 2409 gozando del libre estado
711 2415 1209 2451 siguiendo de amor las leyes.
