1765 2512
994 73 1037 223 4
311 201 773 237 su bella garganta anuda,
316 240 806 277 que tal vez un sentimiento
313 280 861 315 siendo impensado no hay duda
323 320 746 357 cause repentina muerte
316 359 904 396 como se ha visto otras muchas.
323 399 790 435 Todos de ver la princesa
323 439 808 476 llena de peuas y angustias,
315 479 723 517 gran lástima la tenian
320 520 800 555 sin saber en que se funda,
321 561 792 597 y mas cuando del letargo
319 601 703 634 se levantó moribunda
321 638 753 674 diciéndole á la condesa:
328 676 766 714 traidora,tu eres la culpa
316 716 779 754 de mi deshonra, y por eso
315 758 857 793 lie de hacer que te confundan
315 798 793 835 y al traidor de tu marido,
325 839 748 874 por falsedad fan injusta
321 879 689 914 en una pública plaza
322 919 795 955 haré que pague la injuria.
327 959 789 996 Quedó Florisela entonces,
316 999 784 1034 asombrada, yerta y muda,
323 1038 726 1075 porque tales amenazas
319 1077 808 1113 no sabe en que se fundan.
319 1118 732 1153 Pero arrestada le dijo:
318 1158 763 1193 si vuestra alteza procura
319 1199 802 1235 que nos volvamos á España,
319 1239 749 1279 presto lo verá sin duda,
318 1279 786 1319 y eso de matar al conde,
319 1319 695 1353 detenga su loca furia
320 1358 762 1400 y ponga mas peso al paso
321 1398 715 1436 y á tanta locura cura,
318 1438 845 1474 que el conde, yo, ni mis hijos,
319 1479 743 1513 tenemos culpa ninguna.
326 1518 738 1554 Y el rey dijo caballeros
320 1558 801 1594 no le hableis por vida suya
327 1598 788 1633 que mi hija hay siete años
319 1638 800 1673 que una pena la conturba,
329 1678 839 1713 los médicos no la entienden,
330 1718 905 1755 aun que ha habido varias juntas,
324 1757 673 1794 irse todos y dejarla
327 1797 769 1835 pues la soledad le gusta.
330 1837 794 1874 Quedó el rey solo con ella
325 1877 744 1917 y con alagos y astucias
331 1917 701 1953 y paternales cariños,
326 1958 803 1992 le dice, hija mia, escucha.
323 1998 712 2032 Esa causa de tu pena
328 2037 762 2072 tanta es mia como tuya,
327 2078 774 2112 y para vengar tu agravio
323 2117 794 2152 no ocultes tus travesuras,
331 2158 836 2193 pues das á entender con eso
325 2198 840 2233 segun por lo que pronuncias
330 2238 754 2273 que alguno triunfó de ti
332 2279 814 2313 haciendo afrentosa injuria,
327 2319 771 2356 y así en decirmelo ganas
331 2360 799 2397 y pierdes si me lo ocultas.
332 2402 816 2434 La infanta respondió, padre
1038 198 1588 230 pues que usted me lo pregunta
1038 235 1512 271 diré mi mal aunque tárde,
1032 276 1490 312 puesto que no tiene cura,
1037 315 1482 352 mi estrella y mi desdicha
1038 354 1514 394 hoy contra mi se conjuran,
1033 394 1489 431 y pues que yo fui la causa
1037 433 1505 473 tambien es sentencia justa
1036 473 1458 510 que pague la dura pena
1037 514 1512 551 aquel que su mal procura;
1035 556 1513 588 y asi, padre, para hablaros
1036 596 1526 629 quiero papel, tinta y pluma,
1035 634 1547 672 que quien con letras se queja
1038 675 1496 709 fiado que no le escuchaa,
1036 715 1496 749 habla ó dice cuanto siente
1040 755 1488 792 pues nadie se lo repugna.
1040 793 1425 830 Diéronle todo aparato
1031 831 1440 870 y en una sala se oculta
1029 874 1529 910 haciendo allá en su eleccion
1029 914 1468 950 esta siguiente escritura.
1073 951 1532 989 «Padre y señor, si el amor
1038 993 1530 1030 halla en tu piedad disculpa
1040 1033 1522 1070 de amor procede mi daño,
1030 1070 1499 1108 y en vos el remedio busca.
1033 1112 1463 1145 Siete años ha que estoy
1035 1153 1454 1190 en una contínua lucha,
1033 1193 1564 1228 sin saber del mal que muero
1031 1232 1482 1270 pero ya venganza busca.
1032 1273 1434 1309 El conde de Barcelona
1033 1311 1459 1348 vino por sus travesuras
1036 1353 1486 1391 como sabeis à esta corte,
1030 1393 1504 1432 me agradó su compostura,
1040 1433 1448 1467 tanto, que vino á parar
1032 1471 1510 1510 mi amor en desemboltura,
1033 1511 1421 1546 dándole libre licencia
1039 1552 1643 1586 que entrase una noche á oscuras
1040 1591 1576 1627 en el jardin y en mi cuarto,
1035 1632 1556 1668 llevada de amor, pues nunca
1035 1673 1396 1707 el hidrópico repara
1040 1711 1466 1747 beber con la calentura;
1035 1752 1466 1787 allí con mano y palabra
1039 1792 1464 1827 una y mil veces me jura
1039 1831 1508 1867 ser mi esposo, y yo creilo;
1036 1871 1502 1909 mas con cautela segunda,
1047 1912 1429 1946 viendo la desigualdad
1036 1951 1500 1987 de su bajeza y mi altura,
1032 1991 1532 2028 aquel dia se fué á España,
1040 2032 1438 2064 y para seguridad suya
1040 2073 1432 2106 allá se casó, y ahora
1043 2113 1468 2147 sin reparar cosa alguna,
1033 2152 1483 2186 como veis, viene casado.
1035 2193 1576 2227 Esta es mi pena, mi angustia,
1036 2231 1450 2266 vos como padre podeis
1047 2273 1481 2305 poner medicina alguna »
1080 2312 1600 2345 Con esto dió al rey la carta
1039 2352 1542 2386 y se fué por que no escucha
1043 2395 1416 2427 ningun reo su delito
