1765 2512
210 215 780 264 esta noche aguardo á usted,
216 272 798 318 que está fuera el dueño mio.
211 327 746 373 Por abreviar fui á su casa,
208 384 728 424 y cuando dentro me miro
204 438 764 483 llamó el marido á la puerta,
210 495 720 535 yo dije: cuerpo de Cristo,
208 546 754 591 buenos princípios tenemos.
209 600 711 646 Es por suerte tu marído?
204 655 676 704 Si: pero no te menees,
198 713 735 761 seguro estas pues lo digo:
200 770 710 814 Bajó, y abriole la puerta,
200 826 758 871 yo temblando, y no de frio,
210 882 774 927 cuando discurrí ser hombre,
200 937 722 976 me vi hecho un canastíllo
200 992 723 1035 con sus asas, y su forma,
211 1046 682 1088 como si fuera su oficio.
198 1102 846 1148 Entró el hombre dado al diablo,
204 1157 680 1200 ó con un trago de vino,
200 1213 722 1258 y á la muger le pregunta,
201 1268 702 1311 cuyo es aqueste cestillo?
205 1324 649 1367 Aqui lo trajo Juaníca:
202 1380 712 1422 y el dijo: pleguete Cristo,
207 1434 767 1475 quitar estorvos de en medio;
197 1489 783 1532 y con buen aire, y Buen brio
206 1544 622 1586 dos patadas me tiró,
196 1599 734 1645 y una me dió en el hocico,
209 1655 747 1700 que en mas de catorce dias
194 1711 704 1755 no comi pan bien cocido.
199 1767 770 1813 Aguardó á que se durmiera,
192 1821 852 1872 me hechó por la puerta, amigos,
197 1879 754 1920 yo díje, estas son mugeres?
192 1932 778 1979 En estos lances me he visto.
928 223 1396 270 Reniego de todas ellas,
928 277 1425 327 como el moro del tocino.
927 332 1400 383 Pregunto señoras mias,
928 389 1368 436 no me dirán el alivio,
927 444 1606 493 que hacen muchas á los hombres.
925 499 1366 546 Eso bien está sabido.
928 553 1502 602 Por ellas tienen los hombres
924 608 1408 659 almorranas, tabardillos,
927 664 1467 717 sarampion, viruelas, sarna;
920 719 1419 771 muy poco es lo que digo,
930 775 1418 822 tumores; y purgaciones,
924 829 1414 881 caballas y potros lindos,
928 891 1512 935 y por fin los pobres hombres;
931 944 1398 989 si llega el invierno frio,
926 1001 1476 1046 ya se quejan de las piernas,
925 1052 1472 1102 de los pies, de los tobillos;
927 1108 1497 1159 ay que me duelen los brazos,
923 1166 1423 1207 y en fin el pobre afligido
923 1219 1376 1263 padece penas, dolores,
918 1272 1414 1322 ansias, fatigas, suspiros;
924 1328 1504 1382 hasta que se llega el tiempo,
928 1387 1522 1439 que va á un Hospital, amigos,
925 1442 1444 1489 y al rigor de las unciones
922 1497 1396 1545 paga todos sus delitos.
923 1550 1374 1598 O mugeres engañosas!
911 1607 1441 1655 Las que con falsos cariños
916 1663 1472 1714 asi engañais á los hombres,
912 1720 1494 1772 y andan los pobres perdidos,
922 1776 1374 1821 yo reniego de vosotras
917 1829 1383 1881 vámonos Marcos amigo,
912 1887 1424 1936 que voy á atar tagardinas,
909 1944 1433 1992 por ser mañana Domingo.
823 2007 960 2161 FIN.
698 2221 1084 2261 CARMONA:—1857.
220 2264 1558 2320 Imprenta de D. José M. Moreno, calle Juan de la Cabra número 4,
