1765 2512
264 233 720 277 cogi tantas tagardinas,
258 289 784 332 espárragos largos, lindos,
254 345 852 388 gordos de aquellos trigueros,
251 402 729 442 y cargué mi jumentillo,
256 454 766 498 yo tambien vine cargado.
252 509 750 555 ola; que no fué de vino,
261 562 769 609 Vine á mi casa, al entrar
252 621 822 664 me encontró un vecino mio,
253 678 932 720 qué hai Francisco que haihermano?
252 732 789 775 Yo le dije; qué hay amigo?
250 791 784 830 Que hay una gran noveda,
253 845 691 883 sabes, se casa Perico
252 899 790 941 con Dionisia, buena moza,
244 955 868 998 que te juro á un cardo, amigo,
252 1011 811 1053 que no hay en todo el lugar
248 1065 794 1108 garvo, ni rostro mas lindo.
253 1121 800 1163 Bien la conoces. Si, y bien.
244 1175 804 1219 No fué aquella, que se dijo,
239 1231 841 1275 que tenia un cuando, y como?
243 1287 759 1327 Calla todo has de decirlo.
239 1341 764 1383 Pues hombre vamos allá?
243 1397 760 1439 Lo primero es mi borrico
239 1454 807 1497 descargarlo y luego iremos,
240 1509 780 1551 aguarda que en un proviso
235 1565 653 1605 irémos allá, y verás
237 1619 861 1663 quizas, lo que nunca has visto.
236 1673 782 1717 A questa noche es la boda?
237 1729 840 1771 Si, oyes á que somos venidos?
241 1784 790 1828 Valientemente hay tajadas,
234 1840 672 1881 sopaipas, y rico vino.
242 1895 852 1938 Buen vino hay? Adonde viven?
237 1953 752 1992 En la calle nueva, amigo.
244 2002 832 2044 Ea pues bamos cuanto antes;
241 2054 746 2097 Voto á tal que al borrico
233 2110 806 2153 no le he quitado la albarda.
240 2166 768 2212 Aguarda, esperate, amigo,
244 2221 756 2263 la quitaré en un instante.
240 2279 753 2321 Pues quitasela al proviso,
978 231 1413 277 le dije, vamos ahora.
975 287 1576 332 Llegué á la casa, ay Dios mio!
982 341 1560 392 Entré dentro quedé absorto,
980 397 1476 445 viendo tapises tan ricos,
975 450 1510 502 láminas, cuadros, espejos.
977 503 1501 556 Válgame el Divino Cristo!
975 564 1540 612 Amigo Marcos, qué es esto?
974 620 1476 664 es por suerte el Paraiso?
974 673 1472 719 Esta es la boda, la boda?
972 729 1528 776 La novia cual es, he dicho?
969 787 1351 826 Aquella me señalo
974 838 1432 886 Jesus tal bellesa miro;
972 893 1469 941 tal deidad tengo delante.
967 948 1503 999 Cuerpo de Cristo conmigo.
972 1003 1464 1051 Suplicáronme las damas
988 1062 1640 1108 queentre, y me siente un poquito
980 1117 1456 1163 que paresco aficionado,
970 1171 1478 1219 que diga unos versecitos.
972 1224 1476 1274 Yo les dije: Reinas mias,
970 1280 1528 1328 cuando un pobre campusino
972 1335 1430 1381 ha merecido tal dicha?
954 1392 1424 1438 Amígo Marcos, amigo,
968 1445 1520 1497 toma esta llave, y ve ácasa,
970 1504 1460 1550 y mirame aquel borrico,
961 1556 1608 1611 y ven presto, que aquí aguardo,
968 1611 1509 1661 tengo un cuidado excesivo
968 1669 1462 1716 con esta bestia, señoras,
972 1725 1516 1774 que como es el caudal mio,
965 1781 1350 1822 y si lo dejo perder,
958 1835 1568 1881 me hallaré un pobre mendigo.
965 1889 1439 1935 Hace bien mirar por él;
959 1946 1484 1990 mas vaya lo que pedimos.
956 2001 1444 2048 Ea, pues, vaya señoras,
966 2056 1576 2106 ya que el lance me es preciso,
960 2111 1472 2157 y á vista de tantas flores,
970 2168 1494 2210 que prorumpa el labio mio
968 2223 1510 2269 alabanzas, no hago mucho,
960 2280 1456 2321 quisiera aqui ser Ovidio:
