<?xml version="1.0" encoding="UTF-8" standalone="yes"?>
<PcGts xmlns="http://schema.primaresearch.org/PAGE/gts/pagecontent/2013-07-15" xmlns:xsi="http://www.w3.org/2001/XMLSchema-instance" xsi:schemaLocation="http://schema.primaresearch.org/PAGE/gts/pagecontent/2013-07-15 http://schema.primaresearch.org/PAGE/gts/pagecontent/2013-07-15/pagecontent.xsd">
    <Metadata>
        <Creator>prov=University of Rostock/Institute of Mathematics/CITlab|PLANET AI GmbH/Gundram Leifert/gundram.leifert@planet-ai.de:name=Pliegos de Cordel (XIXe) - v4(htr_id=27283)::::v=2.6.7
prov=University of Rostock/Institute of Mathematics/CITlab|PLANET AI GmbH/Tobias Gruening/tobias.gruening@planet-ai.de:name=de.uros.citlab.module.baseline2polygon.B2PSeamMultiOriented:v=2.6.7
prov=University of Rostock/Institute of Mathematics/CITlab|PLANET AI GmbH/Tobias Gruening/tobias.gruening@planet-ai.de:name=/net_tf/LA73_249_0mod360.pb:de.uros.citlab.segmentation.CITlab_LA_ML:v=2.6.7
Transkribus</Creator>
        <Created>2020-12-04T09:32:43.768+01:00</Created>
        <LastChange>2020-12-18T13:41:54.036+01:00</LastChange>
        <Comments>
                Measurement unit: pixel
                PrimaryLanguage: 
                Producer: Transkribus
            </Comments>
        <TranskribusMetadata docId="525391" pageId="22319274" pageNr="119" tsid="50430104" status="DONE" userId="66244" imgUrl="https://files.transkribus.eu/Get?id=FMQCBRDOJZBGAUJFSZEEXXYN&amp;fileType=view" xmlUrl="https://files.transkribus.eu/Get?id=LKLINRKHHSOPXOKVAYKCPXMR" imageId="17388789"/>
    </Metadata>
    <Page imageFilename="Moreno_266_3.jpg" imageWidth="1737" imageHeight="2508">
        <PrintSpace>
            <Coords points="314,242 1720,242 1720,2508 314,2508"/>
        </PrintSpace>
        <ReadingOrder>
            <OrderedGroup id="ro_1608295544593" caption="Regions reading order">
                <RegionRefIndexed index="0" regionRef="r_1_1"/>
                <RegionRefIndexed index="1" regionRef="r_2_1"/>
            </OrderedGroup>
        </ReadingOrder>
        <TextRegion orientation="0.0" type="paragraph" id="r_1_1" custom="readingOrder {index:0;}">
            <Coords points="314,242 1065,242 1065,2292 314,2292"/>
            <TextLine id="r_1_1l1" custom="readingOrder {index:0;}">
                <Coords points="376,303 402,304 428,304 454,305 481,305 507,306 533,307 560,308 586,308 612,309 639,310 665,311 691,312 717,313 744,314 770,315 796,316 823,317 849,317 875,318 902,318 902,275 875,275 849,274 823,274 796,273 770,272 744,271 717,270 691,269 665,268 639,267 612,266 586,265 560,265 533,264 507,263 481,262 454,262 428,261 402,261 376,260"/>
                <Baseline points="376,289 402,290 428,290 454,291 481,291 507,292 533,293 560,294 586,294 612,295 639,296 665,297 691,298 717,299 744,300 770,301 796,302 823,303 849,303 875,304 902,304"/>
                <TextEquiv>
                    <Unicode>Yo soy Curro Boleones, </Unicode>
                </TextEquiv>
            </TextLine>
            <TextLine id="r_1_1l2" custom="readingOrder {index:1;}">
                <Coords points="384,367 410,367 436,367 462,368 488,368 515,369 541,369 567,370 593,371 620,372 646,372 672,373 698,374 724,375 751,375 777,376 803,376 829,377 856,377 856,334 829,334 803,333 777,333 751,332 724,332 698,331 672,330 646,329 620,329 593,328 567,327 541,326 515,326 488,325 462,325 436,324 410,324 384,324"/>
                <Baseline points="384,353 410,353 436,353 462,354 488,354 515,355 541,355 567,356 593,357 620,358 646,358 672,359 698,360 724,361 751,361 777,362 803,362 829,363 856,363"/>
                <TextEquiv>
                    <Unicode>hijo de Coní, estasté?. </Unicode>
                </TextEquiv>
            </TextLine>
            <TextLine id="r_1_1l3" custom="readingOrder {index:2;}">
                <Coords points="374,431 404,430 435,430 466,429 497,429 527,429 558,430 589,431 620,431 650,432 681,433 712,434 743,435 773,436 804,437 835,438 866,438 896,438 927,438 958,438 989,437 989,395 958,396 927,396 896,396 866,396 835,396 804,395 773,394 743,393 712,392 681,391 650,390 620,389 589,389 558,388 527,387 497,387 466,387 435,388 404,388 374,389"/>
                <Baseline points="374,417 404,416 435,416 466,415 497,415 527,415 558,416 589,417 620,417 650,418 681,419 712,420 743,421 773,422 804,423 835,424 866,424 896,424 927,424 958,424 989,423"/>
                <TextEquiv>
                    <Unicode>y en la playa me espeché</Unicode>
                </TextEquiv>
            </TextLine>
            <TextLine id="r_1_1l4" custom="readingOrder {index:3;}">
                <Coords points="372,487 399,488 426,489 453,490 480,491 507,492 534,492 562,493 589,493 616,494 643,494 670,495 697,495 724,495 752,496 779,497 806,497 833,499 860,500 887,501 915,502 915,460 887,459 860,458 833,457 806,455 779,455 752,454 724,453 697,453 670,453 643,452 616,452 589,451 562,451 534,450 507,450 480,449 453,448 426,447 399,446 372,445"/>
                <Baseline points="372,473 399,474 426,475 453,476 480,477 507,478 534,478 562,479 589,479 616,480 643,480 670,481 697,481 724,481 752,482 779,483 806,483 833,485 860,486 887,487 915,488"/>
                <TextEquiv>
                    <Unicode>con lapas y camarones.</Unicode>
                </TextEquiv>
            </TextLine>
            <TextLine id="r_1_1l5" custom="readingOrder {index:4;}">
                <Coords points="419,594 446,595 473,595 500,596 527,596 554,597 581,597 608,598 635,598 662,598 689,599 716,600 743,600 770,601 797,602 824,603 851,604 878,605 905,607 932,608 960,609 960,566 932,565 905,564 878,562 851,561 824,560 797,559 770,558 743,557 716,557 689,556 662,555 635,555 608,555 581,554 554,554 527,553 500,553 473,552 446,552 419,551"/>
                <Baseline points="419,580 446,581 473,581 500,582 527,582 554,583 581,583 608,584 635,584 662,584 689,585 716,586 743,586 770,587 797,588 824,589 851,590 878,591 905,593 932,594 960,595"/>
                <TextEquiv>
                    <Unicode>Y me bautizé en la má, </Unicode>
                </TextEquiv>
            </TextLine>
            <TextLine id="r_1_1l6" custom="readingOrder {index:5;}">
                <Coords points="365,653 390,654 415,655 441,656 466,657 492,657 517,658 542,658 568,658 593,659 619,659 644,660 669,660 695,661 720,661 746,662 771,663 796,664 822,665 847,667 873,669 873,626 847,624 822,622 796,621 771,620 746,619 720,618 695,618 669,617 644,617 619,616 593,616 568,615 542,615 517,615 492,614 466,614 441,613 415,612 390,611 365,610"/>
                <Baseline points="365,639 390,640 415,641 441,642 466,643 492,643 517,644 542,644 568,644 593,645 619,645 644,646 669,646 695,647 720,647 746,648 771,649 796,650 822,651 847,653 873,655"/>
                <TextEquiv>
                    <Unicode>pescaó he sio é caña, </Unicode>
                </TextEquiv>
            </TextLine>
            <TextLine id="r_1_1l7" custom="readingOrder {index:6;}">
                <Coords points="367,717 392,717 417,718 442,718 468,718 493,719 518,719 544,720 569,720 594,721 620,722 645,722 670,723 696,723 721,724 746,724 772,725 797,725 822,726 848,726 848,683 822,683 797,682 772,682 746,681 721,681 696,680 670,680 645,679 620,679 594,678 569,677 544,677 518,676 493,676 468,675 442,675 417,675 392,674 367,674"/>
                <Baseline points="367,703 392,703 417,704 442,704 468,704 493,705 518,705 544,706 569,706 594,707 620,708 645,708 670,709 696,709 721,710 746,710 772,711 797,711 822,712 848,712"/>
                <TextEquiv>
                    <Unicode>cara bonita está esté?</Unicode>
                </TextEquiv>
            </TextLine>
            <TextLine id="r_1_1l8" custom="readingOrder {index:7;}">
                <Coords points="362,779 387,778 412,778 437,778 462,778 487,779 512,779 537,780 562,781 587,782 612,783 637,784 662,785 687,786 712,786 737,787 762,787 787,787 812,787 838,786 838,743 812,744 787,744 762,744 737,744 712,743 687,743 662,742 637,741 612,740 587,739 562,738 537,737 512,736 487,736 462,735 437,735 412,735 387,735 362,736"/>
                <Baseline points="362,765 387,764 412,764 437,764 462,764 487,765 512,765 537,766 562,767 587,768 612,769 637,770 662,771 687,772 712,772 737,773 762,773 787,773 812,773 838,772"/>
                <TextEquiv>
                    <Unicode>tendré yo para queré</Unicode>
                </TextEquiv>
            </TextLine>
            <TextLine id="r_1_1l9" custom="readingOrder {index:8;}">
                <Coords points="359,847 388,846 417,846 446,846 476,845 505,845 534,846 563,846 593,847 622,847 651,848 680,849 710,849 739,850 768,851 797,852 827,852 856,853 885,853 914,854 944,854 944,811 914,811 885,810 856,810 827,809 797,809 768,808 739,807 710,806 680,806 651,805 622,804 593,804 563,803 534,803 505,802 476,802 446,803 417,803 388,803 359,804"/>
                <Baseline points="359,833 388,832 417,832 446,832 476,831 505,831 534,832 563,832 593,833 622,833 651,834 680,835 710,835 739,836 768,837 797,838 827,838 856,839 885,839 914,840 944,840"/>
                <TextEquiv>
                    <Unicode>pacencia en estas entrañas?</Unicode>
                </TextEquiv>
            </TextLine>
            <TextLine id="r_1_1l10" custom="readingOrder {index:9;}">
                <Coords points="397,954 423,954 449,955 475,956 501,956 527,957 553,957 579,958 605,958 631,959 658,959 684,960 710,960 736,961 762,961 788,962 814,962 840,963 866,963 892,964 919,965 919,922 892,921 866,920 840,920 814,919 788,919 762,918 736,918 710,917 684,917 658,916 631,916 605,915 579,915 553,914 527,914 501,913 475,913 449,912 423,911 397,911"/>
                <Baseline points="397,940 423,940 449,941 475,942 501,942 527,943 553,943 579,944 605,944 631,945 658,945 684,946 710,946 736,947 762,947 788,948 814,948 840,949 866,949 892,950 919,951"/>
                <TextEquiv>
                    <Unicode>Si osté quié á esa mujé </Unicode>
                </TextEquiv>
            </TextLine>
            <TextLine id="r_1_1l11" custom="readingOrder {index:10;}">
                <Coords points="348,1017 375,1017 402,1017 429,1018 456,1018 483,1018 510,1019 538,1020 565,1020 592,1021 619,1022 646,1022 673,1023 700,1024 728,1025 755,1025 782,1026 809,1027 836,1027 863,1028 891,1029 891,986 863,985 836,984 809,984 782,983 755,982 728,982 700,981 673,980 646,979 619,979 592,978 565,977 538,977 510,976 483,975 456,975 429,975 402,974 375,974 348,974"/>
                <Baseline points="348,1003 375,1003 402,1003 429,1004 456,1004 483,1004 510,1005 538,1006 565,1006 592,1007 619,1008 646,1008 673,1009 700,1010 728,1011 755,1011 782,1012 809,1013 836,1013 863,1014 891,1015"/>
                <TextEquiv>
                    <Unicode>le esago á osté la jeta </Unicode>
                </TextEquiv>
            </TextLine>
            <TextLine id="r_1_1l12" custom="readingOrder {index:11;}">
                <Coords points="357,1078 382,1079 408,1079 434,1079 459,1079 485,1080 511,1080 536,1080 562,1081 588,1081 613,1082 639,1083 665,1083 690,1084 716,1085 742,1086 742,1043 716,1042 690,1041 665,1040 639,1040 613,1039 588,1038 562,1038 536,1037 511,1037 485,1037 459,1036 434,1036 408,1036 382,1036 357,1035"/>
                <Baseline points="357,1064 382,1065 408,1065 434,1065 459,1065 485,1066 511,1066 536,1066 562,1067 588,1067 613,1068 639,1069 665,1069 690,1070 716,1071 742,1072"/>
                <TextEquiv>
                    <Unicode>echese osté fuera</Unicode>
                </TextEquiv>
            </TextLine>
            <TextLine id="r_1_1l13" custom="readingOrder {index:12;}">
                <Coords points="345,1134 370,1136 396,1137 421,1138 447,1139 472,1140 498,1140 523,1140 549,1140 574,1140 600,1140 625,1141 651,1141 676,1142 702,1143 727,1144 753,1145 778,1148 804,1151 804,1108 778,1105 753,1102 727,1101 702,1100 676,1099 651,1098 625,1098 600,1097 574,1097 549,1097 523,1097 498,1097 472,1097 447,1096 421,1095 396,1094 370,1093 345,1091"/>
                <Baseline points="345,1120 370,1122 396,1123 421,1124 447,1125 472,1126 498,1126 523,1126 549,1126 574,1126 600,1126 625,1127 651,1127 676,1128 702,1129 727,1130 753,1131 778,1134 804,1137"/>
                <TextEquiv>
                    <Unicode>y le arrojo á osté...</Unicode>
                </TextEquiv>
            </TextLine>
            <TextLine id="r_1_1l14" custom="readingOrder {index:13;}">
                <Coords points="346,1197 380,1198 414,1199 449,1199 483,1200 518,1201 552,1202 586,1203 621,1204 655,1205 690,1206 724,1207 758,1209 793,1210 827,1211 862,1212 896,1213 930,1214 965,1215 999,1216 1034,1217 1034,1174 999,1173 965,1172 930,1171 896,1170 862,1169 827,1168 793,1167 758,1166 724,1164 690,1163 655,1162 621,1161 586,1160 552,1159 518,1158 483,1157 449,1156 414,1156 380,1155 346,1154"/>
                <Baseline points="346,1183 380,1184 414,1185 449,1185 483,1186 518,1187 552,1188 586,1189 621,1190 655,1191 690,1192 724,1193 758,1195 793,1196 827,1197 862,1198 896,1199 930,1200 965,1201 999,1202 1034,1203"/>
                <TextEquiv>
                    <Unicode>Dios mio como un pliego de papel.</Unicode>
                </TextEquiv>
            </TextLine>
            <TextLine id="r_1_1l15" custom="readingOrder {index:14;}">
                <Coords points="393,1304 418,1304 443,1305 468,1306 493,1306 518,1307 543,1308 568,1309 593,1310 618,1311 643,1312 668,1312 693,1313 718,1313 743,1314 768,1314 794,1313 794,1270 768,1271 743,1271 718,1270 693,1270 668,1269 643,1269 618,1268 593,1267 568,1266 543,1265 518,1264 493,1263 468,1263 443,1262 418,1261 393,1261"/>
                <Baseline points="393,1290 418,1290 443,1291 468,1292 493,1292 518,1293 543,1294 568,1295 593,1296 618,1297 643,1298 668,1298 693,1299 718,1299 743,1300 768,1300 794,1299"/>
                <TextEquiv>
                    <Unicode>Esta es otra velá</Unicode>
                </TextEquiv>
            </TextLine>
            <TextLine id="r_1_1l16" custom="readingOrder {index:15;}">
                <Coords points="348,1365 374,1367 400,1368 426,1369 453,1370 479,1370 505,1371 531,1371 558,1372 584,1372 610,1373 636,1373 663,1374 689,1374 715,1375 741,1376 768,1377 768,1335 741,1334 715,1333 689,1332 663,1332 636,1331 610,1331 584,1330 558,1330 531,1329 505,1329 479,1328 453,1328 426,1327 400,1326 374,1325 348,1323"/>
                <Baseline points="348,1351 374,1353 400,1354 426,1355 453,1356 479,1356 505,1357 531,1357 558,1358 584,1358 610,1359 636,1359 663,1360 689,1360 715,1361 741,1362 768,1363"/>
                <TextEquiv>
                    <Unicode>y daré una puñalá, </Unicode>
                </TextEquiv>
            </TextLine>
            <TextLine id="r_1_1l17" custom="readingOrder {index:16;}">
                <Coords points="352,1432 378,1431 404,1430 430,1429 456,1429 482,1429 508,1429 534,1429 560,1430 586,1430 613,1431 639,1432 665,1433 691,1434 717,1434 743,1435 769,1436 795,1437 821,1437 847,1437 874,1437 874,1395 847,1395 821,1395 795,1395 769,1394 743,1393 717,1392 691,1392 665,1391 639,1390 613,1389 586,1388 560,1388 534,1387 508,1387 482,1387 456,1387 430,1387 404,1388 378,1389 352,1390"/>
                <Baseline points="352,1418 378,1417 404,1416 430,1415 456,1415 482,1415 508,1415 534,1415 560,1416 586,1416 613,1417 639,1418 665,1419 691,1420 717,1420 743,1421 769,1422 795,1423 821,1423 847,1423 874,1423"/>
                <TextEquiv>
                    <Unicode>y se acabó la funcion:</Unicode>
                </TextEquiv>
            </TextLine>
            <TextLine id="line_1608295202034_30" custom="readingOrder {index:17;}">
                <Coords points="347,1481 1049,1481 1049,1450 347,1450"/>
                <TextEquiv>
                    <Unicode>que me cuesta á mi so moso?</Unicode>
                </TextEquiv>
            </TextLine>
            <TextLine id="r_1_1l19" custom="readingOrder {index:18;}">
                <Coords points="342,1548 367,1549 393,1550 419,1550 445,1551 471,1552 496,1552 522,1552 548,1553 574,1553 600,1554 625,1554 651,1555 677,1556 703,1556 729,1557 754,1558 780,1559 806,1560 832,1562 858,1563 858,1523 832,1522 806,1520 780,1519 754,1518 729,1517 703,1516 677,1516 651,1515 625,1514 600,1514 574,1513 548,1513 522,1512 496,1512 471,1512 445,1511 419,1510 393,1510 367,1509 342,1508"/>
                <Baseline points="342,1535 367,1536 393,1537 419,1537 445,1538 471,1539 496,1539 522,1539 548,1540 574,1540 600,1541 625,1541 651,1542 677,1543 703,1543 729,1544 754,1545 780,1546 806,1547 832,1549 858,1550"/>
                <TextEquiv>
                    <Unicode>Está te loco ó soñando?</Unicode>
                </TextEquiv>
            </TextLine>
            <TextLine id="r_1_1l20" custom="readingOrder {index:19;}">
                <Coords points="336,1611 364,1612 392,1612 420,1613 449,1614 477,1614 505,1615 533,1615 562,1616 590,1617 618,1618 646,1618 675,1619 703,1620 731,1621 759,1622 788,1623 816,1624 844,1625 872,1626 901,1628 901,1585 872,1583 844,1582 816,1581 788,1580 759,1579 731,1578 703,1577 675,1576 646,1575 618,1575 590,1574 562,1573 533,1572 505,1572 477,1571 449,1571 420,1570 392,1569 364,1569 336,1568"/>
                <Baseline points="336,1597 364,1598 392,1598 420,1599 449,1600 477,1600 505,1601 533,1601 562,1602 590,1603 618,1604 646,1604 675,1605 703,1606 731,1607 759,1608 788,1609 816,1610 844,1611 872,1612 901,1614"/>
                <TextEquiv>
                    <Unicode>De risa estoy reventando,</Unicode>
                </TextEquiv>
            </TextLine>
            <TextLine id="r_1_1l21" custom="readingOrder {index:20;}">
                <Coords points="339,1674 368,1675 398,1676 428,1677 458,1678 487,1678 517,1679 547,1680 577,1680 606,1681 636,1681 666,1682 696,1682 725,1683 755,1684 785,1685 815,1686 844,1687 874,1688 904,1690 934,1692 934,1649 904,1647 874,1645 844,1644 815,1643 785,1642 755,1641 725,1640 696,1639 666,1639 636,1638 606,1638 577,1637 547,1637 517,1636 487,1635 458,1635 428,1634 398,1633 368,1632 339,1631"/>
                <Baseline points="339,1660 368,1661 398,1662 428,1663 458,1664 487,1664 517,1665 547,1666 577,1666 606,1667 636,1667 666,1668 696,1668 725,1669 755,1670 785,1671 815,1672 844,1673 874,1674 904,1676 934,1678"/>
                <TextEquiv>
                    <Unicode>al verlo á osté tan furioso.</Unicode>
                </TextEquiv>
            </TextLine>
            <TextLine id="r_1_1l22" custom="readingOrder {index:21;}">
                <Coords points="381,1790 407,1790 433,1791 459,1791 485,1792 511,1792 537,1792 563,1793 589,1793 615,1794 641,1795 667,1795 693,1796 719,1796 745,1797 771,1798 797,1798 823,1799 849,1799 875,1800 875,1758 849,1757 823,1757 797,1756 771,1756 745,1755 719,1754 693,1754 667,1753 641,1753 615,1752 589,1751 563,1751 537,1750 511,1750 485,1750 459,1749 433,1749 407,1748 381,1748"/>
                <Baseline points="381,1776 407,1776 433,1777 459,1777 485,1778 511,1778 537,1778 563,1779 589,1779 615,1780 641,1781 667,1781 693,1782 719,1782 745,1783 771,1784 797,1784 823,1785 849,1785 875,1786"/>
                <TextEquiv>
                    <Unicode>Esa mugé me camela </Unicode>
                </TextEquiv>
            </TextLine>
            <TextLine id="line_1608295234729_41" custom="readingOrder {index:22;}">
                <Coords points="326,1850 934,1850 934,1819 326,1819"/>
                <TextEquiv>
                    <Unicode>porque no hay otro camino</Unicode>
                </TextEquiv>
            </TextLine>
            <TextLine id="line_1608295264038_52" custom="readingOrder {index:23;}">
                <Coords points="336,1908 971,1908 971,1866 336,1866"/>
                <TextEquiv>
                    <Unicode>si á la fuerza soy mas fino,</Unicode>
                </TextEquiv>
            </TextLine>
            <TextLine id="r_1_1l25" custom="readingOrder {index:24;}">
                <Coords points="323,1971 350,1972 378,1974 405,1975 433,1976 460,1977 488,1977 515,1978 543,1978 570,1979 598,1979 626,1980 653,1980 681,1980 708,1981 736,1981 763,1981 791,1982 818,1983 846,1984 874,1985 874,1943 846,1942 818,1941 791,1940 763,1939 736,1939 708,1939 681,1938 653,1938 626,1938 598,1937 570,1937 543,1936 515,1936 488,1935 460,1935 433,1934 405,1933 378,1932 350,1930 323,1929"/>
                <Baseline points="323,1957 350,1958 378,1960 405,1961 433,1962 460,1963 488,1963 515,1964 543,1964 570,1965 598,1965 626,1966 653,1966 681,1966 708,1967 736,1967 763,1967 791,1968 818,1969 846,1970 874,1971"/>
                <TextEquiv>
                    <Unicode>que la asuca y la canela </Unicode>
                </TextEquiv>
            </TextLine>
            <TextLine id="r_1_1l26" custom="readingOrder {index:25;}">
                <Coords points="379,2075 405,2076 431,2078 457,2078 483,2079 509,2080 535,2081 561,2082 587,2083 613,2083 639,2084 665,2084 691,2085 717,2085 743,2086 769,2086 795,2087 821,2087 847,2088 847,2045 821,2044 795,2044 769,2043 743,2043 717,2042 691,2042 665,2041 639,2041 613,2040 587,2040 561,2039 535,2038 509,2037 483,2036 457,2035 431,2035 405,2033 379,2032"/>
                <Baseline points="379,2061 405,2062 431,2064 457,2064 483,2065 509,2066 535,2067 561,2068 587,2069 613,2069 639,2070 665,2070 691,2071 717,2071 743,2072 769,2072 795,2073 821,2073 847,2074"/>
                <TextEquiv>
                    <Unicode>Una ves fuí à Manila </Unicode>
                </TextEquiv>
            </TextLine>
            <TextLine id="r_1_1l27" custom="readingOrder {index:26;}">
                <Coords points="329,2138 358,2139 387,2140 417,2141 446,2141 476,2142 505,2143 535,2144 564,2145 594,2145 623,2146 652,2147 682,2148 711,2148 741,2149 770,2150 800,2150 829,2151 859,2152 888,2152 918,2153 918,2110 888,2109 859,2109 829,2108 800,2107 770,2107 741,2106 711,2105 682,2105 652,2104 623,2103 594,2102 564,2102 535,2101 505,2100 476,2099 446,2098 417,2098 387,2097 358,2096 329,2095"/>
                <Baseline points="329,2124 358,2125 387,2126 417,2127 446,2127 476,2128 505,2129 535,2130 564,2131 594,2131 623,2132 652,2133 682,2134 711,2134 741,2135 770,2136 800,2136 829,2137 859,2138 888,2138 918,2139"/>
                <TextEquiv>
                    <Unicode>en dos horas y un minuto.</Unicode>
                </TextEquiv>
            </TextLine>
            <TextLine id="line_1608295297486_64" custom="readingOrder {index:27;}">
                <Coords points="326,2199 939,2199 939,2157 326,2157"/>
                <TextEquiv>
                    <Unicode>Hombre! no sea osté bruto,</Unicode>
                </TextEquiv>
            </TextLine>
            <TextLine id="r_1_1l29" custom="readingOrder {index:28;}">
                <Coords points="324,2262 351,2264 379,2266 407,2268 435,2269 463,2270 491,2271 519,2272 547,2272 575,2273 603,2274 630,2274 658,2274 686,2275 714,2275 742,2275 770,2276 798,2276 826,2276 854,2277 882,2277 882,2234 854,2234 826,2233 798,2233 770,2233 742,2232 714,2232 686,2232 658,2231 630,2231 603,2231 575,2230 547,2229 519,2229 491,2228 463,2227 435,2226 407,2225 379,2223 351,2221 324,2219"/>
                <Baseline points="324,2248 351,2250 379,2252 407,2254 435,2255 463,2256 491,2257 519,2258 547,2258 575,2259 603,2260 630,2260 658,2260 686,2261 714,2261 742,2261 770,2262 798,2262 826,2262 854,2263 882,2263"/>
                <TextEquiv>
                    <Unicode>no me jaga osté tan lila.</Unicode>
                </TextEquiv>
            </TextLine>
            <TextEquiv>
                <Unicode>Yo soy Curro Boleones, 
hijo de Coní, estasté?. 
y en la playa me espeché
con lapas y camarones.
Y me bautizé en la má, 
pescaó he sio é caña, 
cara bonita está esté?
tendré yo para queré
pacencia en estas entrañas?
Si osté quié á esa mujé 
le esago á osté la jeta 
echese osté fuera
y le arrojo á osté...
Dios mio como un pliego de papel.
Esta es otra velá
y daré una puñalá, 
y se acabó la funcion:
que me cuesta á mi so moso?
Está te loco ó soñando?
De risa estoy reventando,
al verlo á osté tan furioso.
Esa mugé me camela 
porque no hay otro camino
si á la fuerza soy mas fino,
que la asuca y la canela 
Una ves fuí à Manila 
en dos horas y un minuto.
Hombre! no sea osté bruto,
no me jaga osté tan lila.</Unicode>
            </TextEquiv>
        </TextRegion>
        <TextRegion orientation="0.0" type="paragraph" id="r_2_1" custom="readingOrder {index:1;}">
            <Coords points="1008,257 1720,257 1720,2296 1008,2296"/>
            <TextLine id="r_2_1l1" custom="readingOrder {index:0;}">
                <Coords points="1156,320 1181,321 1207,321 1232,321 1258,322 1284,322 1309,323 1335,323 1360,324 1386,325 1412,325 1437,326 1463,326 1488,326 1514,327 1540,327 1565,328 1591,328 1617,329 1617,284 1591,283 1565,283 1540,282 1514,282 1488,281 1463,281 1437,281 1412,280 1386,280 1360,279 1335,278 1309,278 1284,277 1258,277 1232,276 1207,276 1181,276 1156,275"/>
                <Baseline points="1156,305 1181,306 1207,306 1232,306 1258,307 1284,307 1309,308 1335,308 1360,309 1386,310 1412,310 1437,311 1463,311 1488,311 1514,312 1540,312 1565,313 1591,313 1617,314"/>
                <TextEquiv>
                    <Unicode>Mentiroso, fanfarron,</Unicode>
                </TextEquiv>
            </TextLine>
            <TextLine id="r_2_1l2" custom="readingOrder {index:1;}">
                <Coords points="1099,382 1129,382 1159,383 1189,383 1220,384 1250,384 1280,385 1311,385 1341,386 1371,386 1402,387 1432,388 1462,389 1492,389 1523,390 1553,391 1583,391 1614,392 1644,393 1674,394 1705,395 1705,350 1674,349 1644,348 1614,347 1583,346 1553,346 1523,345 1492,344 1462,344 1432,343 1402,342 1371,341 1341,341 1311,340 1280,340 1250,339 1220,339 1189,338 1159,338 1129,337 1099,337"/>
                <Baseline points="1099,367 1129,367 1159,368 1189,368 1220,369 1250,369 1280,370 1311,370 1341,371 1371,371 1402,372 1432,373 1462,374 1492,374 1523,375 1553,376 1583,376 1614,377 1644,378 1674,379 1705,380"/>
                <TextEquiv>
                    <Unicode>le voy á dá á osté una moj</Unicode>
                </TextEquiv>
            </TextLine>
            <TextLine id="r_2_1l3" custom="readingOrder {index:2;}">
                <Coords points="1092,442 1120,443 1149,444 1178,445 1207,445 1236,446 1265,447 1294,448 1323,448 1352,449 1381,450 1409,450 1438,451 1467,451 1496,452 1525,453 1554,453 1583,454 1612,455 1641,455 1670,456 1670,411 1641,410 1612,410 1583,409 1554,408 1525,408 1496,407 1467,406 1438,406 1409,405 1381,405 1352,404 1323,403 1294,403 1265,402 1236,401 1207,400 1178,400 1149,399 1120,398 1092,397"/>
                <Baseline points="1092,427 1120,428 1149,429 1178,430 1207,430 1236,431 1265,432 1294,433 1323,433 1352,434 1381,435 1409,435 1438,436 1467,436 1496,437 1525,438 1554,438 1583,439 1612,440 1641,440 1670,441"/>
                <TextEquiv>
                    <Unicode>que pa encontrá la quija </Unicode>
                </TextEquiv>
            </TextLine>
            <TextLine id="r_2_1l4" custom="readingOrder {index:3;}">
                <Coords points="1091,505 1121,506 1152,507 1183,508 1214,508 1245,509 1276,510 1307,510 1338,511 1369,512 1400,512 1430,513 1461,514 1492,514 1523,515 1554,516 1585,517 1616,518 1647,518 1678,519 1709,520 1709,474 1678,473 1647,472 1616,472 1585,471 1554,470 1523,469 1492,468 1461,468 1430,467 1400,466 1369,466 1338,465 1307,464 1276,464 1245,463 1214,462 1183,462 1152,461 1121,460 1091,459"/>
                <Baseline points="1091,490 1121,491 1152,492 1183,493 1214,493 1245,494 1276,495 1307,495 1338,496 1369,497 1400,497 1430,498 1461,499 1492,499 1523,500 1554,501 1585,502 1616,503 1647,503 1678,504 1709,505"/>
                <TextEquiv>
                    <Unicode>va á ser meneste un pregon, </Unicode>
                </TextEquiv>
            </TextLine>
            <TextLine id="r_2_1l5" custom="readingOrder {index:4;}">
                <Coords points="1134,624 1159,625 1185,627 1210,628 1236,629 1261,630 1287,631 1312,631 1338,632 1363,632 1389,633 1414,633 1440,634 1465,635 1491,635 1516,636 1542,637 1567,638 1593,639 1618,640 1644,642 1644,597 1618,595 1593,594 1567,593 1542,592 1516,591 1491,590 1465,590 1440,589 1414,588 1389,588 1363,587 1338,587 1312,586 1287,586 1261,585 1236,584 1210,583 1185,582 1159,580 1134,579"/>
                <Baseline points="1134,609 1159,610 1185,612 1210,613 1236,614 1261,615 1287,616 1312,616 1338,617 1363,617 1389,618 1414,618 1440,619 1465,620 1491,620 1516,621 1542,622 1567,623 1593,624 1618,625 1644,627"/>
                <TextEquiv>
                    <Unicode>No jaga osté diabluras; </Unicode>
                </TextEquiv>
            </TextLine>
            <TextLine id="r_2_1l6" custom="readingOrder {index:5;}">
                <Coords points="1091,686 1119,687 1148,688 1177,688 1206,689 1234,690 1263,691 1292,692 1321,692 1349,693 1378,694 1407,695 1436,696 1464,697 1493,698 1522,699 1551,700 1579,701 1608,702 1637,703 1666,704 1666,662 1637,661 1608,660 1579,659 1551,658 1522,657 1493,656 1464,655 1436,654 1407,653 1378,652 1349,651 1321,650 1292,650 1263,649 1234,648 1206,647 1177,646 1148,646 1119,645 1091,644"/>
                <Baseline points="1091,672 1119,673 1148,674 1177,674 1206,675 1234,676 1263,677 1292,678 1321,678 1349,679 1378,680 1407,681 1436,682 1464,683 1493,684 1522,685 1551,686 1579,687 1608,688 1637,689 1666,690"/>
                <TextEquiv>
                    <Unicode>sino es porquetú jo dices,</Unicode>
                </TextEquiv>
            </TextLine>
            <TextLine id="r_2_1l7" custom="readingOrder {index:6;}">
                <Coords points="1084,743 1113,744 1143,745 1173,746 1203,747 1233,748 1262,749 1292,751 1322,752 1352,753 1382,754 1411,755 1441,756 1471,757 1501,758 1531,759 1560,760 1590,761 1620,762 1650,762 1680,763 1680,721 1650,720 1620,720 1590,719 1560,718 1531,717 1501,716 1471,715 1441,714 1411,713 1382,712 1352,711 1322,710 1292,709 1262,707 1233,706 1203,705 1173,704 1143,703 1113,702 1084,701"/>
                <Baseline points="1084,729 1113,730 1143,731 1173,732 1203,733 1233,734 1262,735 1292,737 1322,738 1352,739 1382,740 1411,741 1441,742 1471,743 1501,744 1531,745 1560,746 1590,747 1620,748 1650,748 1680,749"/>
                <TextEquiv>
                    <Unicode>iba á echar por las narices </Unicode>
                </TextEquiv>
            </TextLine>
            <TextLine id="r_2_1l8" custom="readingOrder {index:7;}">
                <Coords points="1086,806 1111,807 1137,808 1163,809 1189,810 1215,811 1241,812 1267,813 1293,814 1318,815 1344,815 1370,816 1396,817 1422,818 1448,819 1474,820 1500,821 1526,822 1526,777 1500,776 1474,775 1448,774 1422,773 1396,772 1370,771 1344,770 1318,770 1293,769 1267,768 1241,767 1215,766 1189,765 1163,764 1137,763 1111,762 1086,761"/>
                <Baseline points="1086,791 1111,792 1137,793 1163,794 1189,795 1215,796 1241,797 1267,798 1293,799 1318,800 1344,800 1370,801 1396,802 1422,803 1448,804 1474,805 1500,806 1526,807"/>
                <TextEquiv>
                    <Unicode>un peaso de asaura.</Unicode>
                </TextEquiv>
            </TextLine>
            <TextLine id="r_2_1l9" custom="readingOrder {index:8;}">
                <Coords points="1138,925 1166,926 1195,927 1223,927 1252,928 1280,929 1309,930 1337,931 1366,932 1394,933 1423,934 1451,935 1480,936 1508,937 1537,938 1565,939 1594,940 1622,940 1651,941 1679,942 1708,942 1708,897 1679,897 1651,896 1622,895 1594,895 1565,894 1537,893 1508,892 1480,891 1451,890 1423,889 1394,888 1366,887 1337,886 1309,885 1280,884 1252,883 1223,882 1195,882 1166,881 1138,880"/>
                <Baseline points="1138,910 1166,911 1195,912 1223,912 1252,913 1280,914 1309,915 1337,916 1366,917 1394,918 1423,919 1451,920 1480,921 1508,922 1537,923 1565,924 1594,925 1622,925 1651,926 1679,927 1708,927"/>
                <TextEquiv>
                    <Unicode>Quie osté irse ya tio Cosca? </Unicode>
                </TextEquiv>
            </TextLine>
            <TextLine id="r_2_1l10" custom="readingOrder {index:9;}">
                <Coords points="1076,983 1106,984 1137,986 1168,987 1198,988 1229,989 1260,990 1290,991 1321,992 1352,993 1383,994 1413,995 1444,996 1475,997 1505,998 1536,1000 1567,1001 1597,1002 1628,1004 1659,1005 1690,1006 1690,961 1659,960 1628,959 1597,957 1567,956 1536,955 1505,953 1475,952 1444,951 1413,950 1383,949 1352,948 1321,947 1290,946 1260,945 1229,944 1198,943 1168,942 1137,941 1106,939 1076,938"/>
                <Baseline points="1076,968 1106,969 1137,971 1168,972 1198,973 1229,974 1260,975 1290,976 1321,977 1352,978 1383,979 1413,980 1444,981 1475,982 1505,983 1536,985 1567,986 1597,987 1628,989 1659,990 1690,991"/>
                <TextEquiv>
                    <Unicode>Si es que tengo yo que icir..</Unicode>
                </TextEquiv>
            </TextLine>
            <TextLine id="r_2_1l11" custom="readingOrder {index:10;}">
                <Coords points="1081,1047 1111,1048 1141,1048 1172,1049 1202,1050 1233,1051 1263,1052 1294,1054 1324,1055 1355,1056 1385,1057 1416,1059 1446,1060 1477,1061 1507,1063 1538,1064 1568,1065 1599,1066 1629,1067 1660,1068 1660,1023 1629,1022 1599,1021 1568,1020 1538,1019 1507,1018 1477,1016 1446,1015 1416,1014 1385,1012 1355,1011 1324,1010 1294,1009 1263,1007 1233,1006 1202,1005 1172,1004 1141,1003 1111,1003 1081,1002"/>
                <Baseline points="1081,1032 1111,1033 1141,1033 1172,1034 1202,1035 1233,1036 1263,1037 1294,1039 1324,1040 1355,1041 1385,1042 1416,1044 1446,1045 1477,1046 1507,1048 1538,1049 1568,1050 1599,1051 1629,1052 1660,1053"/>
                <TextEquiv>
                    <Unicode>po venga osté luego aquí, </Unicode>
                </TextEquiv>
            </TextLine>
            <TextLine id="r_2_1l12" custom="readingOrder {index:11;}">
                <Coords points="1078,1112 1106,1113 1135,1114 1163,1114 1192,1115 1220,1116 1249,1117 1277,1118 1306,1119 1334,1120 1363,1121 1391,1122 1420,1122 1448,1123 1477,1124 1505,1125 1534,1126 1562,1127 1591,1128 1619,1129 1648,1130 1648,1084 1619,1083 1591,1082 1562,1081 1534,1080 1505,1079 1477,1078 1448,1077 1420,1076 1391,1076 1363,1075 1334,1074 1306,1073 1277,1072 1249,1071 1220,1070 1192,1069 1163,1068 1135,1068 1106,1067 1078,1066"/>
                <Baseline points="1078,1097 1106,1098 1135,1099 1163,1099 1192,1100 1220,1101 1249,1102 1277,1103 1306,1104 1334,1105 1363,1106 1391,1107 1420,1107 1448,1108 1477,1109 1505,1110 1534,1111 1562,1112 1591,1113 1619,1114 1648,1115"/>
                <TextEquiv>
                    <Unicode>que paese osté una mosca. </Unicode>
                </TextEquiv>
            </TextLine>
            <TextLine id="r_2_1l13" custom="readingOrder {index:12;}">
                <Coords points="1125,1227 1151,1228 1177,1230 1203,1231 1229,1231 1255,1232 1281,1233 1307,1234 1333,1234 1359,1235 1385,1236 1411,1236 1437,1237 1463,1238 1489,1240 1515,1241 1515,1196 1489,1195 1463,1193 1437,1192 1411,1191 1385,1191 1359,1190 1333,1189 1307,1189 1281,1188 1255,1187 1229,1186 1203,1186 1177,1185 1151,1183 1125,1182"/>
                <Baseline points="1125,1212 1151,1213 1177,1215 1203,1216 1229,1216 1255,1217 1281,1218 1307,1219 1333,1219 1359,1220 1385,1221 1411,1221 1437,1222 1463,1223 1489,1225 1515,1226"/>
                <TextEquiv>
                    <Unicode>Estaria yo enfao </Unicode>
                </TextEquiv>
            </TextLine>
            <TextLine id="r_2_1l14" custom="readingOrder {index:13;}">
                <Coords points="1073,1287 1101,1288 1129,1289 1157,1291 1185,1291 1213,1293 1241,1294 1269,1295 1297,1296 1325,1297 1353,1298 1381,1299 1409,1300 1437,1301 1465,1302 1493,1303 1521,1304 1549,1305 1577,1305 1605,1306 1634,1307 1634,1262 1605,1261 1577,1260 1549,1260 1521,1259 1493,1258 1465,1257 1437,1256 1409,1255 1381,1254 1353,1253 1325,1252 1297,1251 1269,1250 1241,1249 1213,1248 1185,1246 1157,1246 1129,1244 1101,1243 1073,1242"/>
                <Baseline points="1073,1272 1101,1273 1129,1274 1157,1276 1185,1276 1213,1278 1241,1279 1269,1280 1297,1281 1325,1282 1353,1283 1381,1284 1409,1285 1437,1286 1465,1287 1493,1288 1521,1289 1549,1290 1577,1290 1605,1291 1634,1292"/>
                <TextEquiv>
                    <Unicode>cuando me tiré un bocao</Unicode>
                </TextEquiv>
            </TextLine>
            <TextLine id="r_2_1l15" custom="readingOrder {index:14;}">
                <Coords points="1075,1353 1105,1354 1136,1355 1167,1355 1198,1357 1229,1358 1260,1358 1290,1360 1321,1361 1352,1362 1383,1363 1414,1364 1445,1365 1476,1367 1506,1368 1537,1369 1568,1370 1599,1371 1630,1372 1661,1373 1692,1374 1692,1328 1661,1327 1630,1326 1599,1325 1568,1324 1537,1323 1506,1322 1476,1321 1445,1319 1414,1318 1383,1317 1352,1316 1321,1315 1290,1314 1260,1312 1229,1312 1198,1311 1167,1309 1136,1309 1105,1308 1075,1307"/>
                <Baseline points="1075,1338 1105,1339 1136,1340 1167,1340 1198,1342 1229,1343 1260,1343 1290,1345 1321,1346 1352,1347 1383,1348 1414,1349 1445,1350 1476,1352 1506,1353 1537,1354 1568,1355 1599,1356 1630,1357 1661,1358 1692,1359"/>
                <TextEquiv>
                    <Unicode>yo mesmo en mitá é la frente,</Unicode>
                </TextEquiv>
            </TextLine>
            <TextLine id="r_2_1l16" custom="readingOrder {index:15;}">
                <Coords points="1111,1475 1136,1476 1162,1478 1187,1479 1213,1480 1238,1481 1264,1482 1289,1483 1315,1484 1340,1486 1366,1487 1391,1488 1417,1489 1442,1490 1468,1491 1493,1492 1519,1492 1544,1493 1570,1493 1595,1494 1621,1495 1621,1443 1595,1442 1570,1441 1544,1441 1519,1440 1493,1440 1468,1439 1442,1438 1417,1437 1391,1436 1366,1435 1340,1434 1315,1432 1289,1431 1264,1430 1238,1429 1213,1428 1187,1427 1162,1426 1136,1424 1111,1423"/>
                <Baseline points="1111,1458 1136,1459 1162,1461 1187,1462 1213,1463 1238,1464 1264,1465 1289,1466 1315,1467 1340,1469 1366,1470 1391,1471 1417,1472 1442,1473 1468,1474 1493,1475 1519,1475 1544,1476 1570,1476 1595,1477 1621,1478"/>
                <TextEquiv>
                    <Unicode>Me convia oste patron?</Unicode>
                </TextEquiv>
            </TextLine>
            <TextLine id="line_1608295212956_34" custom="readingOrder {index:16;}">
                <Coords points="1059,1528 1714,1528 1714,1497 1059,1497"/>
                <TextEquiv>
                    <Unicode>Porque no, sol de los soles,</Unicode>
                </TextEquiv>
            </TextLine>
            <TextLine id="r_2_1l17" custom="readingOrder {index:17;}">
                <Coords points="1064,1595 1093,1597 1122,1599 1151,1600 1180,1602 1209,1603 1238,1605 1267,1606 1296,1608 1325,1609 1355,1611 1384,1612 1413,1613 1442,1615 1471,1616 1500,1617 1529,1618 1558,1620 1587,1621 1616,1622 1646,1624 1646,1578 1616,1576 1587,1575 1558,1574 1529,1572 1500,1571 1471,1570 1442,1569 1413,1567 1384,1566 1355,1565 1325,1563 1296,1562 1267,1560 1238,1559 1209,1557 1180,1556 1151,1554 1122,1553 1093,1551 1064,1549"/>
                <Baseline points="1064,1580 1093,1582 1122,1584 1151,1585 1180,1587 1209,1588 1238,1590 1267,1591 1296,1593 1325,1594 1355,1596 1384,1597 1413,1598 1442,1600 1471,1601 1500,1602 1529,1603 1558,1605 1587,1606 1616,1607 1646,1609"/>
                <TextEquiv>
                    <Unicode>me se dan tres caracoles, </Unicode>
                </TextEquiv>
            </TextLine>
            <TextLine id="r_2_1l18" custom="readingOrder {index:18;}">
                <Coords points="1061,1658 1089,1659 1117,1661 1145,1663 1173,1664 1201,1666 1229,1668 1258,1669 1286,1671 1314,1672 1342,1674 1370,1675 1398,1676 1426,1678 1455,1679 1483,1680 1511,1681 1539,1682 1567,1682 1595,1683 1624,1684 1624,1638 1595,1637 1567,1636 1539,1636 1511,1635 1483,1634 1455,1633 1426,1632 1398,1630 1370,1629 1342,1628 1314,1626 1286,1625 1258,1623 1229,1622 1201,1620 1173,1618 1145,1617 1117,1615 1089,1613 1061,1612"/>
                <Baseline points="1061,1643 1089,1644 1117,1646 1145,1648 1173,1649 1201,1651 1229,1653 1258,1654 1286,1656 1314,1657 1342,1659 1370,1660 1398,1661 1426,1663 1455,1664 1483,1665 1511,1666 1539,1667 1567,1667 1595,1668 1624,1669"/>
                <TextEquiv>
                    <Unicode>er dar por tí er corazon.</Unicode>
                </TextEquiv>
            </TextLine>
            <TextLine id="r_2_1l19" custom="readingOrder {index:19;}">
                <Coords points="1106,1774 1131,1776 1156,1777 1182,1779 1207,1781 1232,1782 1258,1784 1283,1785 1308,1786 1334,1786 1359,1786 1385,1786 1385,1740 1359,1740 1334,1740 1308,1740 1283,1739 1258,1738 1232,1736 1207,1735 1182,1733 1156,1731 1131,1730 1106,1728"/>
                <Baseline points="1106,1759 1131,1761 1156,1762 1182,1764 1207,1766 1232,1767 1258,1769 1283,1770 1308,1771 1334,1771 1359,1771 1385,1771"/>
                <TextEquiv>
                    <Unicode>Bien jablao </Unicode>
                </TextEquiv>
            </TextLine>
            <TextLine id="r_2_1l20" custom="readingOrder {index:20;}">
                <Coords points="1059,1835 1084,1836 1110,1838 1136,1839 1162,1841 1188,1842 1214,1844 1240,1845 1266,1847 1292,1849 1318,1850 1344,1852 1344,1806 1318,1804 1292,1803 1266,1801 1240,1799 1214,1798 1188,1796 1162,1795 1136,1793 1110,1792 1084,1790 1059,1789"/>
                <Baseline points="1059,1820 1084,1821 1110,1823 1136,1824 1162,1826 1188,1827 1214,1829 1240,1830 1266,1832 1292,1834 1318,1835 1344,1837"/>
                <TextEquiv>
                    <Unicode>cara é rosa, </Unicode>
                </TextEquiv>
            </TextLine>
            <TextLine id="line_1608295245687_45" custom="readingOrder {index:21;}">
                <Coords points="1054,1892 1371,1892 1371,1861 1054,1861"/>
                <TextEquiv>
                    <Unicode>quiere turron</Unicode>
                </TextEquiv>
            </TextLine>
            <TextLine id="line_1608295266696_56" custom="readingOrder {index:22;}">
                <Coords points="1049,1949 1382,1949 1382,1913 1049,1913"/>
                <TextEquiv>
                    <Unicode>ó quié mistela</Unicode>
                </TextEquiv>
            </TextLine>
            <TextLine id="r_2_1l21" custom="readingOrder {index:23;}">
                <Coords points="1046,2027 1075,2028 1105,2029 1134,2030 1164,2032 1193,2033 1223,2034 1252,2036 1282,2036 1311,2038 1341,2040 1370,2041 1400,2042 1429,2043 1459,2045 1488,2046 1518,2048 1547,2050 1577,2051 1606,2052 1636,2054 1636,2002 1606,2000 1577,1999 1547,1998 1518,1996 1488,1994 1459,1993 1429,1991 1400,1990 1370,1989 1341,1988 1311,1986 1282,1984 1252,1984 1223,1982 1193,1981 1164,1980 1134,1978 1105,1977 1075,1976 1046,1975"/>
                <Baseline points="1046,2010 1075,2011 1105,2012 1134,2013 1164,2015 1193,2016 1223,2017 1252,2019 1282,2019 1311,2021 1341,2023 1370,2024 1400,2025 1429,2026 1459,2028 1488,2029 1518,2031 1547,2033 1577,2034 1606,2035 1636,2037"/>
                <TextEquiv>
                    <Unicode>ó quie arfajó ó viscotela.</Unicode>
                </TextEquiv>
            </TextLine>
            <TextLine id="r_2_1l22" custom="readingOrder {index:24;}">
                <Coords points="1097,2157 1127,2158 1157,2158 1187,2160 1217,2161 1247,2162 1277,2162 1308,2164 1338,2165 1368,2166 1398,2167 1428,2169 1458,2170 1488,2171 1519,2173 1549,2174 1579,2175 1609,2176 1639,2178 1669,2179 1700,2180 1700,2128 1669,2127 1639,2126 1609,2124 1579,2123 1549,2122 1519,2121 1488,2119 1458,2118 1428,2117 1398,2115 1368,2114 1338,2113 1308,2112 1277,2110 1247,2110 1217,2109 1187,2108 1157,2106 1127,2106 1097,2105"/>
                <Baseline points="1097,2140 1127,2141 1157,2141 1187,2143 1217,2144 1247,2145 1277,2145 1308,2147 1338,2148 1368,2149 1398,2150 1428,2152 1458,2153 1488,2154 1519,2156 1549,2157 1579,2158 1609,2159 1639,2161 1669,2162 1700,2163"/>
                <TextEquiv>
                    <Unicode>Que te pie el cuerpo jermosa</Unicode>
                </TextEquiv>
            </TextLine>
            <TextLine id="line_1608295308075_68" custom="readingOrder {index:25;}">
                <Coords points="1054,2204 1506,2204 1506,2173 1054,2173"/>
                <TextEquiv>
                    <Unicode>me pie cosa picante</Unicode>
                </TextEquiv>
            </TextLine>
            <TextLine id="r_2_1l23" custom="readingOrder {index:26;}">
                <Coords points="1047,2277 1073,2279 1099,2280 1125,2282 1151,2283 1177,2284 1203,2286 1229,2286 1255,2288 1281,2288 1308,2289 1334,2290 1360,2291 1386,2292 1412,2293 1438,2293 1464,2294 1490,2296 1516,2297 1542,2298 1569,2299 1569,2247 1542,2246 1516,2245 1490,2244 1464,2242 1438,2241 1412,2241 1386,2240 1360,2239 1334,2238 1308,2237 1281,2236 1255,2236 1229,2234 1203,2234 1177,2232 1151,2231 1125,2230 1099,2228 1073,2227 1047,2225"/>
                <Baseline points="1047,2260 1073,2262 1099,2263 1125,2265 1151,2266 1177,2267 1203,2269 1229,2269 1255,2271 1281,2271 1308,2272 1334,2273 1360,2274 1386,2275 1412,2276 1438,2276 1464,2277 1490,2279 1516,2280 1542,2281 1569,2282"/>
                <TextEquiv>
                    <Unicode>lo entendiste chabosillo! </Unicode>
                </TextEquiv>
            </TextLine>
            <TextEquiv>
                <Unicode>Mentiroso, fanfarron,
le voy á dá á osté una moj
que pa encontrá la quija 
va á ser meneste un pregon, 
No jaga osté diabluras; 
sino es porquetú jo dices,
iba á echar por las narices 
un peaso de asaura.
Quie osté irse ya tio Cosca? 
Si es que tengo yo que icir..
po venga osté luego aquí, 
que paese osté una mosca. 
Estaria yo enfao 
cuando me tiré un bocao
yo mesmo en mitá é la frente,
Me convia oste patron?
Porque no, sol de los soles,
me se dan tres caracoles, 
er dar por tí er corazon.
Bien jablao 
cara é rosa, 
quiere turron
ó quié mistela
ó quie arfajó ó viscotela.
Que te pie el cuerpo jermosa
me pie cosa picante
lo entendiste chabosillo! </Unicode>
            </TextEquiv>
        </TextRegion>
    </Page>
</PcGts>
