1765 2512
278 223 694 280 con la cabeza sacá
272 292 828 347 pa que se rian de osté.
320 397 930 453 Quien es osté? se pue isí?
279 459 776 514 yo soy Pepe Tremenda
264 516 712 577 aqui y en Vallaslí,
268 579 867 645 un mozo como un palmito,
268 646 906 708 que con el mejo me apuesto,
264 710 850 768 y templao, y por supuesto,
266 766 768 825 á ver un cuerpo bonito,
260 826 782 891 fortunita me jago tiesto.
286 935 1516 1014 Quemoma que el jierro ardiendo destas jago muchas yo.
260 998 832 1062 hecho ma fuego que er só,
260 1066 858 1120 y siempre estoy yo quiriedo
252 1122 760 1180 largá puñalá en viendo
250 1182 684 1244 otro moso como yo.
290 1287 1548 1378 Me está osté metiendo un mieo en el contrabando un dia,
252 1351 768 1418 que ya... Que si, candí,
246 1412 752 1479 te apagaste, te encedí:
242 1475 881 1545 sabes que estoy mas quemao
244 1544 825 1607 que lo jierro de un fogon.
290 1647 808 1710 Compare, aquello pasó:
244 1708 808 1773 es una cosa más grande
238 1775 810 1836 que la pagará al chavó:
248 1839 804 1898 yo me fi, con una moza
226 1900 761 1955 á la tienda del Ostion.
274 2007 868 2070 Escuche osté Juan Ramon,
233 2070 838 2130 el montañés la otra noche
226 2131 690 2190 el gallo me levantó,
230 2197 794 2260 porque le colé una mota,
996 237 1390 296 de papalina señó.
1046 343 1540 403 Y le arrié una moscá
998 414 1656 466 y le entró al probe un dolor
992 472 1620 532 de un colmillo, que al golpe
994 530 1420 586 de la boca le salió.
1014 637 1671 701 Como el muchacho es mu ganzo
983 698 1478 756 sacó ebajo er mostraó
983 759 1628 826 un trabuco y prum! un tiro
985 822 1412 883 en la jeta me arrió:
986 886 1516 952 por la boca comí anises,
1028 1063 1340 1123 Don futraque,
974 1129 1670 1194 si lo cojo á esté po er fraque
976 1192 1474 1252 cojo anguilas con osté;
966 1255 1560 1318 cuando yo andabá fortuna,
972 1377 1528 1439 vino á mi una escampabia.
1014 1487 1380 1539 No era de dia
966 1551 1330 1606 que jacía luna;
970 1612 1472 1671 pues señó, la ejé venir,
961 1678 1369 1725 y lejise así riendo
960 1739 1414 1789 otabia está coriendo
956 1801 1462 1855 del dentaso que le dí.
998 1917 1506 1972 Le dí á Curro Rejones
952 1981 1525 2037 en la chirola con esta.....
949 2044 1421 2096 y le salió la cabeza,
945 2107 1531 2161 por la cruz de los calzones.
1001 2208 1370 2261 Y quien es osté?
