1737 2508
1189 149 1426 302 (Núm, 279.)
347 1169 1238 1324 RELACION ANDALUZA.
397 1485 1223 1644 EL TREMENDO.
151 1765 783 1813 Quièn va á Cai? que me guillo!
99 1827 563 1872 Piñone como melone!
99 1889 692 1937 Camarones, quien quie má:
100 1950 722 2000 salero se quie osté embaicá?
96 2012 618 2062 Me mareo é la cabesa.
106 2075 748 2125 Quie osté quizá una caleza?
97 2137 714 2189 No que la va osté á voicá.
158 2244 780 2294 Que jase osté so mostrenco?
821 1767 1314 1818 Sino estuviera opcuao,
813 1831 1363 1880 ahora en la embaicacion,
819 1893 1341 1940 subia y de un gofeton
823 1955 1416 2004 lo dejaba á osté estripao,
811 2018 1457 2068 lo mesmito que un pichon.
868 2122 1500 2173 Si le doy á osté una moscá,
816 2185 1445 2237 lo embuto á osté en la paré
823 2250 1255 2301 y lo ejo po un divé,
