1765 2512
94 278 452 327 eso es Currillo,
110 342 564 389 es osté mu tunante.
84 449 466 496 eñora sin corteá,
86 512 594 559 nteme osté sus pesares,
88 573 585 622 la gloria de mi mare
83 637 522 683 la tengo é consolá.
68 742 534 789 i señó, estoy perdía
75 805 545 852 e va á costar la via.
71 866 528 914 fia en San Antonio.
66 928 597 978 ero no hay que aflijirse
79 991 479 1043 too se compondrá.
71 1101 650 1148 Vaya, acabe osté é grasná,
93 1163 587 1211 e no es eso pa morise,
67 1224 676 1273 le ha najao á osté el amante?
73 1286 671 1337 señor, pero lo encuentro...
60 1349 613 1401 nos, estraio, no es cierto?
57 1415 510 1465 se jará que arreate.
55 1520 535 1571 Viva el gusto, puñala!
66 1585 518 1633 anta el mislo lebré,
52 1647 546 1695 da vete, te veas frito,
65 1710 467 1757 oria de los jitanos
710 277 1380 326 si lo que pilla en tus manos
712 340 1336 389 los espilfarra en ca Albarito:
758 445 1316 494 Po señó, lachó va el dia
715 508 1343 557 hoy han trincao estas manos
716 569 1284 620 veinte y ocho mejicanos.
724 630 1329 683 ¡Valiente gracia es la mía!
754 737 1310 787 Se han creio los gaché
721 803 1409 852 que el mengue es algun profeta
712 868 1278 914 y le ha afanao el parné;
718 929 1168 973 es la fija, chachipé:
717 989 1248 1040 con mis polvos y receta.
763 1108 1190 1154 Salero, mosa cosia,
717 1169 1253 1217 que me tiene osté partío
719 1232 1323 1282 por mitá é la mesma nué.
772 1348 1324 1396 Que me espaturra judio.
713 1410 1235 1456 te beas de lobos comlo
717 1473 1287 1525 que me va á robar lebre.
755 1577 1218 1623 Po la cooa va junca
715 1639 1359 1690 con mas años que un parmá
707 1703 1247 1761 y me camela er franse,
573 1902 821 2056 FIN.
260 2145 1154 2215 REIMPRESO EN CARMONA.
57 2233 1360 2307 Imprenta. de D. J. M. Moreno, calle Juan de la Cabra, núm.4
