1752 2480
1154 255 1464 407 (Número 217)
313 1228 1442 1271 CELINDA Y D ANTONIO MORENO.
224 1307 1583 1344 Refiórese el cautiverio de este y las amorosas ternezas de esta Argelina, y como
169 1349 1496 1382 la radujo á nuestra santa Fé, declarándole el nacimiento y muerte de Mahoma.
710 1347 1038 1500 PRIMERA PARTE.
216 1510 668 1546 Ayudado de Dios Padre,
174 1555 568 1590 Criador del Universo,
172 1599 540 1635 y su Hijo Soberano,
170 1643 612 1676 y del Espiritu Inmenso,
172 1687 708 1722 que en tres Divinas Personas
172 1732 696 1766 hay solo un Dios verdadero,
172 1776 632 1810 pues con este patrocinio
174 1819 656 1859 fijo tendré el desempeño,
170 1865 656 1902 para que mi tosca pluma
168 1909 638 1946 escriba un nuevo suceso,
176 1953 714 1993 que otro como él no se halla
168 1997 646 2036 en los Anales del tiempo.
170 2043 654 2081 Año de cuarenta y nueve,
166 2085 620 2125 sobre mil y setecientos,
171 2132 729 2169 de Enero á los veinte y cuatro
166 2175 620 2212 cautivaron un Mancebo,
168 2219 670 2259 hijo de muy nobles padres
166 2265 604 2302 de la Ciudad de Toledo,
172 2309 594 2345 y su nombre y apellido
166 2350 620 2391 es Don Antonio Moreno.
171 2396 604 2435 Este por cierta ocasion
166 2436 650 2474 salió de su patria huyendo,
893 1510 1376 1545 en un barquillo pequeño.
895 1556 1375 1588 Por las cristalinas aguas
896 1597 1424 1633 se entraron el mar adentro
891 1643 1362 1678 descubrieron que venia,
896 1688 1386 1724 navegando á vela y remo,
896 1732 1326 1767 de moros una fragata,
893 1777 1333 1813 y los cautívaron luego,
895 1822 1335 1857 y los conducen á Argél,
895 1867 1433 1900 y en su Plaza los vendieron.
889 1911 1486 1944 Lo compró por suerte un Moro
893 1955 1374 1990 á el Toledano Mancebo,
889 2000 1312 2032 que le llaman Audalá
895 2044 1399 2077 hombre de mucho respeto
897 2089 1315 2121 el cual tenia una hija
896 2132 1518 2169 discreta y hermosa á un tiempo,
887 2178 1352 2210 la que llamaban Celinda
887 2223 1417 2256 y andan muchos Caballeros
894 2267 1371 2302 Moros por casar con ella;
896 2312 1336 2344 mas hacia menosprecio
893 2357 1332 2391 de todos, porque tenia
885 2402 1409 2436 la volúntad y amor puesto
889 2440 1336 2476 en el cautivo cristiano,
