1765 2512
83 270 512 309 le dice: Cristiano mio,
79 313 552 353 escuchame que pretendo,
77 357 550 395 que me digas la verdad
80 405 581 438 (la que de tí saber quiero,
77 446 616 485 si eres casado en tu tierra;
76 489 574 529 ó tienes allá algun dueño,
76 535 513 570 que te lleve la pasion?
72 578 598 617 Por qué me preguntas eso?
75 622 562 663 El Cristiano le responde.
72 666 580 709 Y ella dice: Porque quiero,
76 712 544 750 que tú te cases conmigo:
76 757 619 794 que es el empeño que tengo.
72 799 540 839 No soy casado responde,
64 846 622 883 ní tengo en mi tierra dueño
63 891 532 930 que me lleve la pasion,
62 934 591 972 aunque tengo impedimento
63 981 523 1015 para no poder casarme
72 1025 492 1060 contigo segun derecho
62 1069 584 1110 de mi Ley que no permite,
67 1114 616 1155 que un Cristiano verdadero,
66 1158 558 1197 que profesa la Ley santa,
67 1203 502 1239 cometa tal desacierto.
63 1249 551 1284 Aquestos son los motivos
56 1292 560 1331 muy suficientes que tengo.
56 1339 552 1374 ¿Pues no puedes renegar?
52 1382 562 1422 No señora que no quiero;
60 1426 488 1463 que si yo dejo mi ley,
52 1471 444 1509 por gozar ese trofeo,
59 1516 459 1550 despues iré á padecer
59 1559 558 1598 eternamente á el infierno;
56 1602 517 1640 si te volvieras Cristiana
57 1647 479 1685 casára contigo luego.
54 1690 580 1733 Yo no quiero ser cristiana,
56 1736 538 1775 dice la Mora, que tengo
48 1780 507 1818 hecho el gusto de morir
43 1826 512 1863 en esta ley que profeso,
52 1871 644 1910 que estimo mucho á Mahoma,
50 1917 590 1954 y es un señor tan supremo,
51 1960 654 2000 que en saliendo de este mundo,
47 2001 566 2041 a todos nos lleva al Cielo.
36 2046 532 2088 Eso si, dice el cristiano,
36 2090 512 2133 sin que lo jures lo creo,
50 2138 532 2176 que le irán á acompañar,
43 2181 554 2218 pero no será á tal puesto.
38 2224 538 2262 Pues adonde? Y él la dice:
36 2268 540 2308 á los profundos Infiernos.
34 2313 567 2352 Calla, Cristiano, estás loco?
38 2360 616 2401 Que Mahoma está en el cielo,
40 2406 502 2444 y es Señor de lo criado,
33 2447 483 2484 y te juro por él mesmo,
808 279 1324 313 el castigo mas tremendo,
803 325 1328 360 que se haya visto en Argél.
812 365 1309 404 Mas la respondió Moreno:
809 408 1334 449 Pues yo no dejo á mi Dios
812 454 1335 494 por seguir á ese embustero:
807 494 1237 532 y sino escucha y diré
812 540 1280 579 de su fin y nacimiento.
797 584 1367 626 Mahoma, cuando su madre
799 630 1378 673 le parió estando en el lecho,
798 673 1312 711 de un letargo que le dió
804 717 1371 761 Padre y Madre se muriéron.
801 764 1226 802 Un tio suyo buscóle
796 811 1345 848 un Ama y dándole el pecho
803 855 1386 896 veia un Demonio que estaba
799 900 1298 940 consigo á su lado puesto;
800 945 1266 981 Viendo el tío que salia
796 989 1266 1026 tan Pertinaz y soberbio,
799 1033 1385 1072 le echó al campo, y el oficio
790 1077 1302 1118 que tuvo fué de Baquero,
795 1122 1355 1160 y se amistó con un Monge
792 1165 1202 1203 idolatra y hechicero,
781 1212 1300 1253 creyendo en sus heregias;
784 1258 1262 1298 y viéndole tan esperto,
776 1303 1340 1342 le habló con dulces palabras,
784 1347 1257 1388 dándole malos consejos,
783 1392 1286 1428 y en breve tiempo salió
780 1435 1350 1474 mas que el Maestro, Maestro,
784 1480 1262 1516 y escribió su mala secta
783 1524 1303 1562 con tan viles documentos.
785 1566 1216 1606 Era muy enamorado.
781 1612 1240 1653 y un dia salió á paseo,
783 1656 1200 1694 donde vido una Judia
782 1703 1323 1740 primorosa y con requiebros
776 1745 1208 1786 solicitó su hermosura,
780 1789 1320 1830 con caricias y con ruegos.
776 1834 1334 1876 Ella dió cuenta á los suyos,
776 1879 1300 1918 y entre todos dispusieron
771 1924 1321 1964 darle la muerte á Mahoma:
772 1968 1240 2007 despues á ella dijeron,
777 2012 1276 2053 que lo llevase á su casa
774 2056 1249 2095 y escondidos estuvieron
777 2101 1359 2141 en un cuarto y de que en tró
772 2145 1274 2187 salen y muerte le dieron,
770 2193 1290 2230 y cortándole una pierna,
778 2235 1304 2275 con mil olores la ungieron,
771 2278 1361 2320 y á unos cerdos luego echaron
771 2324 1320 2368 la demás parte del cuerpo,
770 2371 1248 2410 y se lo comieron todo,
772 2413 1320 2459 hasta los mismos cábellos;
769 2451 1178 2482 y viendo no parecia
