1752 2480
98 261 476 294 Pues de ese modo pasó
97 302 458 336 aquel superior reflejo,
100 342 484 378 por don de su utilidad,
103 382 511 417 y don de poder inmenso:
96 419 504 454 como la nave que corre
99 462 414 494 ese cristalino velo,
107 499 517 534 quedando las aguas todas
95 539 536 574 sin señal de rompimiento,
95 579 444 614 asi este Misterio fué.
102 622 504 654 Ahora digo que lo creo;
99 662 507 694 pues si como dices, fué,
104 697 631 734 tengo en mi cuarto, me acuerdo
100 742 500 773 un vidrio en la celosia,
104 780 450 814 sin rotura ni agugero
114 821 491 856 y por él se entra la luz,
112 860 590 893 quedándose el vidrio entero;
114 901 572 934 dame el agua del Bautismo,
109 941 509 974 que ser Cristiana deseo.
107 980 496 1014 Y un Sacerdote cautivo
105 1020 581 1055 la administró el Sa cramento.
103 1059 564 1095 Fuente, que lava la mancha
115 1101 532 1135 de aquel pecado primero,
109 1141 428 1175 y en Maria de Jesús
113 1181 569 1215 le echó de Cristina el sello,
110 1221 464 1255 y este secreto quedó
116 1261 532 1295 entre los tres encubierto,
116 1302 500 1337 y desposados quedaron
112 1342 534 1375 por la voluntad del cielo.
116 1380 527 1416 Sintiendose ella preñada
114 1421 609 1456 llamó á su esposo en secreto,
116 1462 400 1496 y dijo queria irse
111 1501 487 1536 á la ciudad de Toledo,
116 1541 526 1576 porque resibiese el fruto
114 1581 560 1615 de su vientre, el estupendo
111 1623 491 1656 lavatorio en Sacra pila,
120 1661 549 1696 con sus cristianos deseos.
111 1702 513 1737 En esto ya convenidos,
122 1742 546 1776 una industria dispusieron,
125 1783 509 1817 para egañar á su Padre;
111 1823 571 1859 metióse en la cama, y luego
124 1862 552 1897 que su Padre vino á verla,
119 1901 501 1938 algo penado, diciendo:
122 1942 535 1982 ¿Qué tienes, hija querida
126 1983 550 2018 Yo, Padre mio, me siento
116 2024 524 2058 sumamente accidentada,
119 2061 505 2103 y por mi divertimiento
127 2103 519 2138 quisiera que me lleváras
124 2144 510 2178 á la quinta que con eso
124 2184 492 2217 discurro tendría alivio
127 2224 591 2258 de estas tristezas que tengo.
127 2265 534 2298 Se lo concedió su Padre,
127 2305 495 2340 y el viage dispusieron;
123 2346 635 2382 y un dia estando en la Quinta,
827 254 1195 286 á Maria le dió el Cielo
834 294 1208 326 los dolores de su parto
833 332 1232 369 y parió un Infante bello,
828 373 1242 405 hermoso á las maravillas,
827 413 1275 445 y estáúdole dando el pecho
831 452 1248 485 entró su Padre, y lo vido,
831 491 1263 526 y dice lnfame, qué es eso?
837 531 1223 566 Y le responde animosa:
837 571 1249 605 Padre mio este es tu nieto
828 613 1252 646 Sabete que soy Cristiana,
837 654 1206 686 y soy gustosa en serlo.
830 693 1339 726 Cristiana? Que es lo que díces?
839 733 1262 765 Y has tenido atrevimiento
838 773 1202 805 para dejar á Mahoma?
837 813 1247 844 Cómo á mi me dices eso?
836 852 1236 886 Pues qué se dirá de mí
835 892 1232 926 entre Moros Caballeros?
831 934 1200 968 He de quitarte la vida,
831 974 1335 1014 y á ese niño que estoy viendo:
841 1012 1349 1050 que mas quiero que tú mueras,
837 1052 1313 1091 que vivir con tal desprecio:
838 1093 1300 1127 y echando mano á unpuñal,
839 1132 1277 1169 levantó el brazo soberbio,
841 1172 1299 1209 fue á dar un golpe á su hija,
835 1213 1274 1250 solto de la Madre el pecho
844 1254 1189 1290 el niño, y asi le dice:
839 1293 1269 1330 Detente, querido Abuelo,
839 1333 1275 1371 no me mates á mi Madre,
843 1373 1377 1411 que es quien me dá el alimentó;
847 1414 1223 1451 mira que te mira Dios,
840 1453 1288 1490 y el castigo tendrás cierto.
851 1493 1259 1534 Quedóse el Moro confuso
845 1534 1251 1572 de oir al Infante tierno,
850 1573 1273 1610 de unos tres dias nacido:
844 1614 1264 1648 y viendo aqueste portento
843 1654 1244 1689 abrazó tierno á su hija;
844 1694 1292 1732 y despues besó á su nieto.
847 1734 1281 1773 Recogió toda su hacienda
851 1774 1307 1813 con gran cuidado y silencio,
852 1813 1284 1853 en una Nave se embarcan
847 1854 1333 1892 Padre, Madre; Hijo y Abuelo,
847 1895 1275 1933 á Valencia arriban todos,
848 1935 1266 1973 y desembarcados fueron,
853 1974 1241 2009 se vinieron transitando
852 2016 1204 2051 hasta llegar á Toledo;
850 2054 1255 2092 hallando á su Padre vivo
855 2095 1227 2131 los recibio placentero.
847 2136 1241 2173 Al Moro lo bautizaron,
851 2175 1304 2213 y Juan de Dios le pusieron
846 2215 1284 2251 á el nieto Manuel de Dios,
855 2255 1306 2291 y quedaron muy contentos,
854 2296 1223 2332 Y la pluma ya rendida
845 2335 1291 2379 pide perdon de sus yerros.
612 2419 1022 2466 CARMONA:—1857.
