1737 2508
163 298 637 331 y procurando buscarle,
170 340 591 374 casa la Judia fueron,
164 380 580 421 y preguntando por él,
161 428 739 468 les dice, que se fué al Cielo,
172 471 842 513 y estando aquí en mi presencia,
161 515 606 555 unos Angeles vinieron,
170 555 625 598 y arrebatado lo llevan;
163 600 662 643 mas yo que miraba esto,
164 643 709 688 me arrojé, y asi una pierna
161 688 796 734 muy fuertemente, y con recios
161 734 559 776 tirones se la saqué,
154 779 732 825 y ellos llevaronse el cuerpo,
155 822 666 865 y cuando ya iba volando,
151 868 678 912 me habló él, así diciendo,
162 915 782 957 que en la gloria me aguardaba,
156 960 671 999 y para prueba de aquesto,
152 1003 704 1045 a qui está su misma pierna
160 1047 692 1090 se la miró; y la creyeron:
151 1093 620 1135 y la pierna que decia,
153 1142 612 1179 la llevaron y pusieron
157 1184 660 1225 allá en la casa de Meca,
158 1227 667 1266 donde ignorantes y ciegos
152 1273 586 1310 adorais un zancarron,
153 1316 761 1360 pues él está en los Infiernos.
159 1360 630 1400 Y esto lo podré probar
156 1405 780 1449 con un Autor docto y bueno;
157 1450 694 1492 este es san Pedro Pascual,
152 1492 701 1536 y en sus escritos discretos
158 1539 670 1581 se hallará aquesta noticia,
152 1583 675 1626 escrita del Santo mesmo.
155 1628 670 1669 La Mora que aquesto oyó,
158 1671 690 1715 le ha respondido: Reniego
154 1717 646 1757 de ese maldito Mahoma,
155 1760 689 1806 que ya seguirle no quiero.
158 1805 638 1847 Dime, dime de tu Dios,
149 1850 676 1893 que saber quien es deseo.
151 1894 654 1937 Y en otra segunda parte
159 1940 647 1979 daré fin á este suceso.
288 2006 660 2045 SEGUNDA PARTE.
183 2056 616 2095 Ya dije en la primer parte
152 2097 586 2134 como se quedó en silencio,
154 2137 559 2174 la respuesta del Cristiano
157 2176 493 2211 y la Mora con deseos
154 2217 546 2254 desaber quien era Dios,
156 2257 517 2292 buscaba lugar y tiempo
149 2297 560 2337 para hablar á su querido;
154 2337 548 2377 un dia logró su intento,
156 2377 514 2413 le llama, y asi le dice:
158 2418 644 2457 ¿Quién es tu Dios? Y contento
157 2445 217 2479 le respondió Don Antonio
895 300 1405 341 Es mi Dios un Dios tan grande
897 340 1327 376 que no conoce otro dueño
893 381 1270 415 una subtancia increada
892 419 1277 457 y para dejar conceptos
897 460 1253 496 Teológico solo basten
891 501 1283 541 los materiales ejemplos.
883 541 1326 583 Búscame el poder mayor,
891 577 1283 620 y es de su poder diseño.
884 619 1201 656 Busca la sabiduria,
879 657 1347 701 y en él la encontrarás luego,
887 702 1287 736 De todas las hermosuras
893 741 1271 780 es el hacedor y dueño.
891 783 1316 822 Es la causa de las causas,
887 822 1285 858 y esos once pavimentos
885 864 1312 899 los mueve por su bondad
887 906 1346 941 con tan bellos movimientos,
883 944 1224 976 De toda la tierra es
887 985 1307 1022 Hacedor el mas supremo,
880 1026 1364 1063 no hay Planta, Flor, Animal,
879 1067 1302 1100 Astros, Casas, Elementos
887 1107 1304 1142 que no dependan, unidos,
885 1148 1293 1181 de su mandato supremo.
888 1187 1328 1225 Es el premio de los justos,
879 1226 1290 1263 castigo de los soberbios.
885 1268 1340 1304 Padre, que nunca se acaba,
876 1308 1348 1343 Deidad, que no tiene miedo
873 1348 1313 1382 imcomprehensible infinito
875 1388 1398 1425 y aquesto es ser Dios perfecto,
879 1428 1303 1462 Tomó nuestra humanidad
875 1468 1315 1502 por grandísimos misterios
875 1504 1293 1544 que le declararé, cuando
871 1548 1330 1585 conozcas ya los propuestos.
880 1589 1314 1625 Encarnó en Virgen divina,
882 1629 1306 1665 tan pura como los Cielos,
877 1668 1355 1704 y mas que los Cielos mismos,
879 1706 1356 1746 pues quedó Virgen pariendo.
880 1747 1222 1782 Eso no, dijo la Mora,
879 1786 1224 1821 eso no puedo creerlo.
868 1827 1374 1864 Cuanto hasta aquí has referido,
876 1867 1258 1901 al punto te lo concedo;
869 1907 1352 1942 pero eso que ahora me dices
872 1947 1319 1982 nunca lo tendré por cierto:
870 1987 1255 2022 parir y quedar Doncella
871 2028 1244 2061 una muger, no lo créo.
871 2068 1314 2105 Pues bien lo puedes creer,
875 2107 1249 2141 y nunca dudes en ello
875 2148 1296 2183 ó puede Dios ó no puede,
874 2185 1288 2223 el poder claro lo vemos;
868 2227 1291 2261 el no poder, no es posible
867 2267 1350 2303 porque puede como inmenso.
875 2308 1321 2343 Mas para que no lo ignores
872 2347 1328 2383 escucha este bello ejemplo.
868 2389 1340 2422 ¿No has visto por un cristal,
867 2428 1248 2466 sin lastimarse lo terso,
