1737 2508
1160 147 1414 298 Número 283.
446 1060 1350 1214 EL PRINCIPE DE LOS MONTES.
235 1275 864 1317 Mi hermano, y yo, Rey invicto
199 1322 605 1363 y bellisima princesa,
199 1372 779 1412 que como el Ave de Arabia
193 1418 636 1459 vivais edades eternas.
187 1467 845 1505 Mi hermano, y yo somos hijos
191 1515 792 1553 de Segismundo que en Grecia
192 1562 814 1603 fué el octavo de este nombre,
191 1612 787 1651 sin que de los dos se pueda
192 1659 756 1700 saber cual nació primero,
203 1709 743 1747 porque saliendo la Reina,
195 1757 873 1795 que estaba en cinta de entrambos
204 1806 730 1844 una tarde á las florestas,
193 1853 739 1891 que con racimos de aljofar
208 1901 778 1944 l is salpica el Euro, ó riega,
194 1949 691 1987 le dió el parto, sin tener
199 1998 750 2038 mas tes igos que la yerba,
201 2047 878 2086 mas arrimo que el de un árbol,
201 2095 804 2134 ni mas favor qne sus quejas.
205 2142 855 2181 Vino á dar en sangre envueltos
197 2191 681 2228 dos Infantes á la arena,
208 2238 727 2277 que somos los dos: aqui
202 2288 780 2328 nuestras emulacion empieza.
917 1280 1541 1319 Dividióse el Reino en vandos,
914 1330 1372 1364 y viendo la diferencia
919 1375 1380 1411 de pareceres, por ser
912 1423 1444 1460 uso antiguo de la tierra,
925 1472 1471 1506 que se llame Segismundo
915 1519 1499 1557 el Principe que lo hereda,
920 1566 1596 1609 á entrambos un mismo nombre,
919 1615 1596 1657 aunque no una misma estrella,
915 1664 1531 1702 nos dieron hasta que el Cielo
923 1711 1388 1747 el secreto descubriera.
925 1758 1472 1796 Viéndonos pues el Senado
923 1808 1531 1847 ya con brios, que cualquiera
920 1855 1334 1893 lo pudiera gobernar
925 1905 1570 1944 en guerra, ó en paz, ordena,
921 1954 1574 1994 que se dé el Cetro por votos;
924 2002 1554 2040 y en fin, porque mi modestia
920 2051 1299 2086 solicitó con callar
916 2099 1570 2138 ó su agrado, ó su conciencia,
919 2148 1493 2184 me dieron el Cetro á mi;
922 2195 1560 2235 mas mi hermano con cautela,
919 2244 1490 2280 que ya empezaba soberbio
918 2292 1574 2333 á dar de su envidia muestras,
