1765 2512
148 236 686 270 convocó algunos rebeldes,
141 284 613 325 y anulando la primera
142 333 654 366 eleccion, al Pueblo dice,
148 379 691 417 que para quitar sospechas
137 426 671 464 de intereses, y pasiones,
143 475 673 511 traten que la suerte sea
141 523 809 560 quien de el Reino al mas dichoso,
148 572 684 607 ó al que mejor le merezca.
136 620 644 655 Dejemos en este estado
144 668 672 703 del Reino la competencia,
135 713 685 759 y vamos á Nise, á quien
139 764 711 803 por influencia de estrellas,
140 813 622 848 como los peces el agua,
139 861 658 897 como las flores la tierra,
142 909 701 946 y como el viento las aves,
140 957 638 992 adoraban mis potencias,
144 1004 732 1041 porque era Nise su centro,
139 1054 777 1089 su luz, su gloria, y su esfera.
131 1102 683 1137 Supo mi hermano que yo
136 1149 646 1186 solicitaba esta empresa,
143 1199 623 1235 y solo por molestarme,
135 1246 628 1280 con fingidas apariencias
135 1293 611 1330 comenzó á galantearla
145 1342 727 1378 publicamente, á quien ella
140 1389 682 1426 viendose amar (ay de mi!)
140 1437 768 1474 de dos que cualquiera espera
134 1486 706 1522 ser su Principe, responde,
146 1533 791 1571 que de quien la hiciere Reina,
141 1582 729 1619 será esposa sea quien fuere
143 1631 805 1667 (quien tan de su amor creyera!
143 1677 641 1715 Sin duda que se enojó
142 1726 724 1764 el amor de aquesta ofensa,
135 1776 641 1812 si es ofensa, aventurar
137 1824 691 1861 el gusto por la grandeza;
143 1871 717 1910 pues dentro de pocos dias
137 1920 727 1956 se sintió tan mal dispuesta,
146 1967 793 2004 que puso en cuidado á cuantos
140 2018 662 2052 adorabamos sus prendas.
144 2061 776 2100 Fuese aumentando el achaque
138 2114 636 2150 con porfia tan grosera,
145 2162 711 2198 que convirtió poco á poco
137 2209 628 2245 los claveles en violetas.
141 2255 749 2293 Y en efecto de un desmayo
141 2307 652 2345 vasalla, pues no le deja
860 231 1333 265 ni sentir, ni respirar,
860 278 1448 312 muda, torpe, elada y yerta,
869 324 1443 362 pidió sepulcro á sus deudos,
867 372 1397 413 y lágrimas á las piedras.
864 419 1515 456 Pensando pues, que habia dado
859 467 1360 505 la respiracion postrera,
865 514 1533 554 la enterraron (qué ingnorancia!
855 564 1407 601 sabiendo por cosa cierta,
863 611 1402 650 que era mi vida su vida,
860 659 1343 699 ó por menos la media:
861 710 1435 752 y que pues yo estaba vivo,
859 759 1381 793 no debía de ser muerta.
860 804 1408 841 Es costumbre introducida
855 854 1513 890 en Grecia, que á las doncellas
863 900 1372 938 en el dia de su muerte
864 949 1416 985 las vistan, como si fueran
855 997 1427 1033 á una fiesta, ó á una boda
872 1046 1502 1083 (quien vió galas en tragedias?)
873 1094 1401 1129 Y asi los padres de Nise
859 1142 1425 1178 de joyas, piedras, y telas
859 1189 1384 1226 de manera la adornaron,
855 1238 1540 1276 que un hombre, por cuya cuenta
864 1285 1319 1324 acaso entonces corria
859 1334 1390 1372 el cuidado de la Iglesia,
867 1382 1364 1421 puso ambiciosa codicia,
867 1431 1442 1466 de quitarla parte de ellas.
869 1478 1468 1515 Y asi en mitad de la noche
868 1525 1423 1565 con una luz baja, y entra
867 1575 1427 1616 por la Iglesia á la Capilla,
857 1623 1391 1661 á tiempo que mi terneza
862 1671 1293 1709 me traia como loco,
858 1717 1504 1756 dando á la Iglesia mil vueltas;
861 1766 1458 1805 que quien la perla no logra,
863 1814 1386 1853 con la caja se contenta.
868 1862 1443 1901 Lleguéme al templo lloroso;
867 1914 1379 1955 y el postigo toco apenas,
860 1961 1332 1996 cuando para recibirme,
856 2006 1390 2046 se aparta sin resistencia
863 2054 1359 2095 que la prisa del ladron
861 2104 1329 2142 le divirtió de manera,
859 2151 1387 2191 que se olvidó de cerrale,
867 2200 1439 2238 mas viendo alzada la piedra
870 2246 1349 2287 de la bobeda, confuso
865 2295 1403 2337 por una angosta escalera
