1737 2508
226 212 807 251 hasta el centro bajo, donde
224 262 817 299 la misma muerte se ospeda,
225 309 861 347 y en el nicho miro (ay Cielos!)
232 359 738 396 á Nise, y junto con ella
239 407 818 444 al hombre que he referido,
225 455 757 491 á quien yo de la primera
234 501 702 539 estocada dí la muerte
237 550 886 588 por la injuria, ó por la ofensa,
227 598 804 636 que á Nise, y al cielo hacia,
228 648 844 683 á sus padres, y á la Iglesia,
237 695 771 731 ó lo que mas cierto fué,
233 743 842 780 si á buena luz se contempla,
229 790 769 830 porque vi, que la tocaba
239 840 840 878 que era mi amor de manera,
234 887 788 923 que pienso que tuve zelos,
231 934 835 972 aun con tenerla por muerta.
231 983 694 1021 Admirado del fracaso,
235 1030 838 1069 con vida, y con alma atenta
235 1081 797 1116 la miro despues, á tiempo,
231 1127 760 1166 que del parasismo vuelta
225 1175 839 1213 Nise, empieza á estremecerse,
225 1224 825 1262 cosa, con que ahora tiembla
235 1273 710 1310 el alma de imaginarlo,
242 1319 855 1357 viendo en un palmo de tierra
225 1367 901 1405 muerto á un hombre que está vivo,
234 1414 767 1452 viva la que yace muerta:
228 1463 840 1501 con ansias de muerte aqueste,
225 1511 756 1548 con rayos de vida aquella,
225 1559 778 1596 él revolcado en su sangre,
235 1607 716 1646 ella articulando quejas.
238 1656 796 1693 Y en efecto en un instante
236 1704 717 1743 la fortuna tan revuelta,
235 1754 846 1790 que quien no lo espera, vive,
241 1801 837 1840 y muere quien no lo espera.
231 1849 781 1887 Dudo al principio, confuso;
235 1897 843 1936 pero el amor que me alienta,
237 1944 707 1982 en lugar de retirarme,
235 1992 801 2031 mas á su bulto me acerca;
233 2042 729 2079 y tomándola las manos,
241 2089 877 2128 viendo, que entre sí se queja,
229 2139 734 2176 apelo al pulso, del cual,
233 2186 828 2224 aunque debil, y sin fuerzas,
236 2233 790 2273 me informo que tiene vida,
235 2281 875 2327 y luego en mis brazos puesta
946 203 1382 245 hasta su casa la llevo,
947 253 1467 292 sobre su hermosa azucena
959 302 1443 339 tantas lagrimas llorando,
955 350 1449 388 de placer, y gusto llenas
951 396 1560 438 que la excuso, que en su casa
951 446 1397 484 hiciesen la diligencia
957 493 1535 533 comun de rosiarle el rostro;
961 542 1477 579 porque á mis ojos atenta
958 587 1455 628 bebió el agua, que bastó
957 637 1514 675 para que en su ser volviera.
952 685 1449 724 Con lágrimas finalmente,
960 734 1473 773 con amores, con ternezas
954 781 1409 820 pudo decir, que la dí
955 831 1497 869 nuevo ser, y vida nueva,
960 879 1564 918 que aunque estaba al parecer
947 927 1459 965 muerta la cándida vela,
954 974 1432 1013 como la luz de mi vida
956 1022 1500 1060 llegó á la suya tan cerca,
947 1071 1479 1109 con el humo, que quedó,
955 1120 1483 1157 pudo volver á encenderla.
955 1167 1401 1204 Mejoró Nise, y vivio:
953 1216 1450 1252 vivió Nise: quien dijera,
958 1264 1529 1302 que no me hiciera su esposo
962 1312 1400 1350 por satisfacer siquiera
951 1362 1446 1397 con una mano, y un si,
955 1408 1441 1446 tanto linage de deudas.
949 1456 1482 1493 Pero mintió mi esperanza,
953 1503 1455 1540 y mintieron sus finezas;
957 1551 1561 1588 porque aunque salió la suerte
952 1600 1460 1638 en mi favor, la soberbia
954 1647 1563 1685 de mi hermano el Reino todo
953 1696 1498 1735 con sangre, y armas altera,
959 1745 1393 1782 y á pesar de la razon
965 1793 1395 1830 pone sobre su cabeza
958 1842 1454 1879 la Corona, que era mia;
953 1889 1513 1928 y porque el vulgo no oyera
955 1936 1583 1975 mis quejas, mandó prenderme:
956 1984 1509 2023 triste del Reino, y la tierra,
958 2032 1548 2071 donde el que se queja quieren
960 2080 1467 2121 castigar porque se queja!
955 2130 1483 2167 lloró Nise á los principios
959 2178 1502 2216 de agradecida, ó de tierna;
947 2226 1508 2264 mas oyó al Rey, y cansose,
950 2276 1431 2315 porque como las orejas,
