<?xml version="1.0" encoding="UTF-8" standalone="yes"?>
<PcGts xmlns="http://schema.primaresearch.org/PAGE/gts/pagecontent/2013-07-15" xmlns:xsi="http://www.w3.org/2001/XMLSchema-instance" xsi:schemaLocation="http://schema.primaresearch.org/PAGE/gts/pagecontent/2013-07-15 http://schema.primaresearch.org/PAGE/gts/pagecontent/2013-07-15/pagecontent.xsd">
    <Metadata>
        <Creator>prov=University of Rostock/Institute of Mathematics/CITlab|PLANET AI GmbH/Gundram Leifert/gundram.leifert@planet-ai.de:name=Pliegos de Cordel (XIXe) - v4(htr_id=27283)::::v=2.6.7
prov=University of Rostock/Institute of Mathematics/CITlab|PLANET AI GmbH/Tobias Gruening/tobias.gruening@planet-ai.de:name=de.uros.citlab.module.baseline2polygon.B2PSeamMultiOriented:v=2.6.7
prov=University of Rostock/Institute of Mathematics/CITlab|PLANET AI GmbH/Tobias Gruening/tobias.gruening@planet-ai.de:name=/net_tf/LA73_249_0mod360.pb:de.uros.citlab.segmentation.CITlab_LA_ML:v=2.6.7
Transkribus</Creator>
        <Created>2020-12-04T14:17:03.797+01:00</Created>
        <LastChange>2020-12-18T14:25:37.337+01:00</LastChange>
        <Comments>
                Measurement unit: pixel
                PrimaryLanguage: 
                Producer: Transkribus
            </Comments>
        <TranskribusMetadata docId="525392" pageId="22319313" pageNr="20" tsid="50431113" status="DONE" userId="66244" imgUrl="https://files.transkribus.eu/Get?id=JVSJYALTKQFJGGXWEWZKPOTW&amp;fileType=view" xmlUrl="https://files.transkribus.eu/Get?id=HPDJXUKEFELELEYSWPQUDMBR" imageId="17388828"/>
    </Metadata>
    <Page imageFilename="Moreno_272_4.jpg" imageWidth="1765" imageHeight="2512">
        <PrintSpace>
            <Coords points="0,0 1764,0 1764,2512 0,2512"/>
        </PrintSpace>
        <ReadingOrder>
            <OrderedGroup id="ro_1608304701010" caption="Regions reading order">
                <RegionRefIndexed index="0" regionRef="r_1_1"/>
                <RegionRefIndexed index="1" regionRef="r_2_1"/>
                <RegionRefIndexed index="2" regionRef="region_1607088444922_3036"/>
                <RegionRefIndexed index="3" regionRef="r_4_1"/>
            </OrderedGroup>
        </ReadingOrder>
        <TextRegion orientation="0.0" type="paragraph" id="r_1_1" custom="readingOrder {index:0;}">
            <Coords points="54,215 712,215 712,1671 54,1671"/>
            <TextLine id="r_1_1l1" custom="readingOrder {index:0;}">
                <Coords points="74,270 99,269 125,269 151,269 177,269 203,269 228,269 254,269 280,269 306,269 332,269 357,270 383,270 409,270 435,270 461,271 486,271 512,272 538,272 564,273 590,274 590,240 564,239 538,238 512,238 486,237 461,237 435,236 409,236 383,236 357,236 332,235 306,235 280,235 254,235 228,235 203,235 177,235 151,235 125,235 99,235 74,236"/>
                <Baseline points="74,259 99,258 125,258 151,258 177,258 203,258 228,258 254,258 280,258 306,258 332,258 357,259 383,259 409,259 435,259 461,260 486,260 512,261 538,261 564,262 590,263"/>
                <TextEquiv>
                    <Unicode>que son los ojos del alma:</Unicode>
                </TextEquiv>
            </TextLine>
            <TextLine id="r_1_1l2" custom="readingOrder {index:1;}">
                <Coords points="76,317 101,317 126,317 151,317 176,317 201,317 226,317 251,317 276,317 301,317 326,317 351,317 376,317 401,318 426,318 451,319 476,319 501,320 526,321 551,322 576,323 576,289 551,288 526,287 501,286 476,285 451,285 426,284 401,284 376,283 351,283 326,283 301,283 276,283 251,283 226,283 201,283 176,283 151,283 126,283 101,283 76,283"/>
                <Baseline points="76,306 101,306 126,306 151,306 176,306 201,306 226,306 251,306 276,306 301,306 326,306 351,306 376,306 401,307 426,307 451,308 476,308 501,309 526,310 551,311 576,312"/>
                <TextEquiv>
                    <Unicode>tienen la puerta de cera,</Unicode>
                </TextEquiv>
            </TextLine>
            <TextLine id="r_1_1l3" custom="readingOrder {index:2;}">
                <Coords points="68,366 94,366 120,366 146,365 172,365 198,365 224,365 250,365 276,365 302,366 328,366 354,366 380,366 406,366 432,367 458,367 484,367 510,367 536,368 562,368 562,335 536,335 510,334 484,334 458,334 432,334 406,333 380,333 354,333 328,333 302,333 276,332 250,332 224,332 198,332 172,332 146,332 120,333 94,333 68,333"/>
                <Baseline points="68,355 94,355 120,355 146,354 172,354 198,354 224,354 250,354 276,354 302,355 328,355 354,355 380,355 406,355 432,356 458,356 484,356 510,356 536,357 562,357"/>
                <TextEquiv>
                    <Unicode>y son fuego las palabras</Unicode>
                </TextEquiv>
            </TextLine>
            <TextLine id="r_1_1l4" custom="readingOrder {index:3;}">
                <Coords points="69,411 99,411 129,412 159,413 189,413 219,413 249,414 279,414 309,414 339,414 370,414 400,415 430,415 460,415 490,415 520,415 550,416 580,416 610,416 640,417 671,417 671,384 640,384 610,383 580,383 550,383 520,382 490,382 460,382 430,382 400,382 370,381 339,381 309,381 279,381 249,381 219,380 189,380 159,380 129,379 99,378 69,378"/>
                <Baseline points="69,400 99,400 129,401 159,402 189,402 219,402 249,403 279,403 309,403 339,403 370,403 400,404 430,404 460,404 490,404 520,404 550,405 580,405 610,405 640,406 671,406"/>
                <TextEquiv>
                    <Unicode>de un Rey, á pocas respuestas</Unicode>
                </TextEquiv>
            </TextLine>
            <TextLine id="r_1_1l5" custom="readingOrder {index:4;}">
                <Coords points="72,460 98,460 124,461 150,461 176,461 202,461 228,461 254,461 280,461 306,461 332,461 358,461 384,461 410,461 436,461 462,462 488,463 514,463 540,465 566,466 592,467 592,434 566,433 540,432 514,430 488,430 462,429 436,428 410,428 384,428 358,428 332,428 306,428 280,428 254,428 228,428 202,428 176,428 150,428 124,428 98,427 72,427"/>
                <Baseline points="72,449 98,449 124,450 150,450 176,450 202,450 228,450 254,450 280,450 306,450 332,450 358,450 384,450 410,450 436,450 462,451 488,452 514,452 540,454 566,455 592,456"/>
                <TextEquiv>
                    <Unicode>ablandó la cera el fuego,</Unicode>
                </TextEquiv>
            </TextLine>
            <TextLine id="r_1_1l6" custom="readingOrder {index:5;}">
                <Coords points="70,513 97,512 124,511 151,510 178,509 206,508 233,508 260,508 287,508 314,508 342,508 369,509 396,509 423,510 450,510 478,511 505,511 532,512 559,512 586,513 614,513 614,483 586,483 559,482 532,482 505,481 478,481 450,480 423,480 396,479 369,479 342,478 314,478 287,478 260,478 233,478 206,478 178,479 151,480 124,481 97,482 70,483"/>
                <Baseline points="70,503 97,502 124,501 151,500 178,499 206,498 233,498 260,498 287,498 314,498 342,498 369,499 396,499 423,500 450,500 478,501 505,501 532,502 559,502 586,503 614,503"/>
                <TextEquiv>
                    <Unicode>y el alma rindió la puerta.</Unicode>
                </TextEquiv>
            </TextLine>
            <TextLine id="r_1_1l7" custom="readingOrder {index:6;}">
                <Coords points="72,555 98,555 125,556 151,556 178,556 205,557 231,557 258,557 284,556 311,556 338,556 364,556 391,556 417,556 444,556 471,556 471,526 444,526 417,526 391,526 364,526 338,526 311,526 284,526 258,527 231,527 205,527 178,526 151,526 125,526 98,525 72,525"/>
                <Baseline points="72,545 98,545 125,546 151,546 178,546 205,547 231,547 258,547 284,546 311,546 338,546 364,546 391,546 417,546 444,546 471,546"/>
                <TextEquiv>
                    <Unicode>Casose, casose Nise</Unicode>
                </TextEquiv>
            </TextLine>
            <TextLine id="r_1_1l8" custom="readingOrder {index:7;}">
                <Coords points="69,603 99,604 129,604 159,604 189,605 219,605 249,605 279,605 309,605 339,605 369,605 399,605 429,605 459,606 489,606 519,606 549,606 579,607 609,607 639,608 670,609 670,575 639,574 609,573 579,573 549,572 519,572 489,572 459,572 429,571 399,571 369,571 339,571 309,571 279,571 249,571 219,571 189,571 159,570 129,570 99,570 69,569"/>
                <Baseline points="69,592 99,593 129,593 159,593 189,594 219,594 249,594 279,594 309,594 339,594 369,594 399,594 429,594 459,595 489,595 519,595 549,595 579,596 609,596 639,597 670,598"/>
                <TextEquiv>
                    <Unicode>con condicion, que me dieran</Unicode>
                </TextEquiv>
            </TextLine>
            <TextLine id="r_1_1l9" custom="readingOrder {index:8;}">
                <Coords points="65,652 92,652 119,652 146,653 173,653 200,653 227,653 254,653 281,654 308,654 336,654 363,654 390,654 417,654 444,654 471,654 498,654 525,654 552,654 579,655 607,655 607,621 579,621 552,620 525,620 498,620 471,620 444,620 417,620 390,620 363,620 336,620 308,620 281,620 254,619 227,619 200,619 173,619 146,619 119,618 92,618 65,618"/>
                <Baseline points="65,641 92,641 119,641 146,642 173,642 200,642 227,642 254,642 281,643 308,643 336,643 363,643 390,643 417,643 444,643 471,643 498,643 525,643 552,643 579,644 607,644"/>
                <TextEquiv>
                    <Unicode>libertad, como si el daño</Unicode>
                </TextEquiv>
            </TextLine>
            <TextLine id="r_1_1l10" custom="readingOrder {index:9;}">
                <Coords points="76,699 101,700 127,702 152,702 178,702 203,702 229,702 254,702 280,702 306,701 331,701 357,701 382,701 408,701 433,701 459,702 484,702 510,704 536,705 536,671 510,670 484,668 459,668 433,667 408,667 382,667 357,667 331,667 306,667 280,668 254,668 229,668 203,668 178,668 152,668 127,668 101,666 76,665"/>
                <Baseline points="76,688 101,689 127,691 152,691 178,691 203,691 229,691 254,691 280,691 306,690 331,690 357,690 382,690 408,690 433,690 459,691 484,691 510,693 536,694"/>
                <TextEquiv>
                    <Unicode>en la prision estuviera.</Unicode>
                </TextEquiv>
            </TextLine>
            <TextLine id="r_1_1l11" custom="readingOrder {index:10;}">
                <Coords points="75,747 101,748 128,749 155,749 181,750 208,750 235,750 261,751 288,751 315,750 342,750 368,750 395,750 422,750 448,750 475,750 502,751 528,751 555,752 582,752 609,753 609,719 582,718 555,718 528,717 502,717 475,716 448,716 422,716 395,716 368,716 342,716 315,716 288,717 261,717 235,716 208,716 181,716 155,715 128,715 101,714 75,713"/>
                <Baseline points="75,736 101,737 128,738 155,738 181,739 208,739 235,739 261,740 288,740 315,739 342,739 368,739 395,739 422,739 448,739 475,739 502,740 528,740 555,741 582,741 609,742"/>
                <TextEquiv>
                    <Unicode>Casose en fin, si bien supe</Unicode>
                </TextEquiv>
            </TextLine>
            <TextLine id="r_1_1l12" custom="readingOrder {index:11;}">
                <Coords points="77,799 106,799 136,799 166,799 196,799 225,799 255,798 285,798 315,798 344,798 374,798 404,798 434,798 463,798 493,799 523,799 553,800 582,800 612,801 642,802 672,803 672,769 642,768 612,767 582,766 553,766 523,765 493,765 463,764 434,764 404,764 374,764 344,764 315,764 285,764 255,764 225,765 196,765 166,765 136,765 106,765 77,765"/>
                <Baseline points="77,788 106,788 136,788 166,788 196,788 225,788 255,787 285,787 315,787 344,787 374,787 404,787 434,787 463,787 493,788 523,788 553,789 582,789 612,790 642,791 672,792"/>
                <TextEquiv>
                    <Unicode>despues por cosa muy cierta,</Unicode>
                </TextEquiv>
            </TextLine>
            <TextLine id="r_1_1l13" custom="readingOrder {index:12;}">
                <Coords points="82,846 109,846 137,846 165,846 193,846 221,846 248,846 276,846 304,846 332,846 360,846 387,846 415,846 443,846 471,846 499,847 526,848 554,849 582,850 610,851 638,853 638,819 610,817 582,816 554,815 526,814 499,813 471,812 443,812 415,812 387,812 360,812 332,812 304,812 276,812 248,812 221,812 193,812 165,812 137,812 109,812 82,812"/>
                <Baseline points="82,835 109,835 137,835 165,835 193,835 221,835 248,835 276,835 304,835 332,835 360,835 387,835 415,835 443,835 471,835 499,836 526,837 554,838 582,839 610,840 638,842"/>
                <TextEquiv>
                    <Unicode>que la repudió mi hermano,</Unicode>
                </TextEquiv>
            </TextLine>
            <TextLine id="r_1_1l14" custom="readingOrder {index:13;}">
                <Coords points="75,893 101,894 127,894 153,894 179,894 205,894 231,894 257,894 283,894 309,893 335,893 361,893 387,894 413,894 439,895 465,896 491,897 518,899 518,866 491,864 465,863 439,862 413,861 387,861 361,860 335,860 309,860 283,861 257,861 231,861 205,861 179,861 153,861 127,861 101,861 75,860"/>
                <Baseline points="75,882 101,883 127,883 153,883 179,883 205,883 231,883 257,883 283,883 309,882 335,882 361,882 387,883 413,883 439,884 465,885 491,886 518,888"/>
                <TextEquiv>
                    <Unicode>cansado de su belleza,</Unicode>
                </TextEquiv>
            </TextLine>
            <TextLine id="r_1_1l15" custom="readingOrder {index:14;}">
                <Coords points="79,942 104,942 130,942 155,942 181,942 206,942 232,942 257,942 283,942 308,942 334,942 359,942 385,942 410,942 436,943 461,943 487,943 512,944 538,944 564,945 564,912 538,911 512,911 487,910 461,910 436,910 410,909 385,909 359,909 334,909 308,909 283,909 257,909 232,909 206,909 181,909 155,909 130,909 104,909 79,909"/>
                <Baseline points="79,931 104,931 130,931 155,931 181,931 206,931 232,931 257,931 283,931 308,931 334,931 359,931 385,931 410,931 436,932 461,932 487,932 512,933 538,933 564,934"/>
                <TextEquiv>
                    <Unicode>porque nunca dura mas</Unicode>
                </TextEquiv>
            </TextLine>
            <TextLine id="r_1_1l16" custom="readingOrder {index:15;}">
                <Coords points="82,990 107,991 132,991 157,991 183,992 208,992 233,992 258,991 284,991 309,991 334,991 359,991 385,991 410,991 435,991 460,991 486,991 511,991 536,992 561,993 587,994 587,961 561,960 536,959 511,958 486,958 460,958 435,958 410,958 385,958 359,958 334,958 309,958 284,958 258,958 233,959 208,959 183,959 157,958 132,958 107,958 82,957"/>
                <Baseline points="82,979 107,980 132,980 157,980 183,981 208,981 233,981 258,980 284,980 309,980 334,980 359,980 385,980 410,980 435,980 460,980 486,980 511,980 536,981 561,982 587,983"/>
                <TextEquiv>
                    <Unicode>lo que se goza por tema.</Unicode>
                </TextEquiv>
            </TextLine>
            <TextLine id="r_1_1l17" custom="readingOrder {index:16;}">
                <Coords points="75,1037 103,1038 131,1038 159,1038 188,1038 216,1038 244,1038 272,1038 301,1038 329,1038 357,1038 385,1038 414,1038 442,1038 470,1038 498,1038 527,1039 555,1040 583,1041 611,1042 640,1043 640,1010 611,1009 583,1008 555,1007 527,1006 498,1005 470,1005 442,1005 414,1005 385,1005 357,1005 329,1005 301,1005 272,1005 244,1005 216,1005 188,1005 159,1005 131,1005 103,1005 75,1004"/>
                <Baseline points="75,1026 103,1027 131,1027 159,1027 188,1027 216,1027 244,1027 272,1027 301,1027 329,1027 357,1027 385,1027 414,1027 442,1027 470,1027 498,1027 527,1028 555,1029 583,1030 611,1031 640,1032"/>
                <TextEquiv>
                    <Unicode>Salí al campo, di mil voces,</Unicode>
                </TextEquiv>
            </TextLine>
            <TextLine id="r_1_1l18" custom="readingOrder {index:17;}">
                <Coords points="84,1088 111,1088 138,1088 165,1087 193,1087 220,1087 247,1086 275,1086 302,1086 329,1086 357,1086 384,1086 411,1086 438,1086 466,1086 493,1086 520,1087 548,1087 575,1088 602,1089 630,1090 630,1056 602,1055 575,1054 548,1053 520,1053 493,1052 466,1052 438,1052 411,1052 384,1052 357,1052 329,1052 302,1052 275,1052 247,1052 220,1053 193,1053 165,1053 138,1054 111,1054 84,1054"/>
                <Baseline points="84,1077 111,1077 138,1077 165,1076 193,1076 220,1076 247,1075 275,1075 302,1075 329,1075 357,1075 384,1075 411,1075 438,1075 466,1075 493,1075 520,1076 548,1076 575,1077 602,1078 630,1079"/>
                <TextEquiv>
                    <Unicode>y aunque senti mis ofensas,</Unicode>
                </TextEquiv>
            </TextLine>
            <TextLine id="r_1_1l19" custom="readingOrder {index:18;}">
                <Coords points="78,1134 106,1134 135,1135 164,1135 192,1135 221,1135 250,1135 278,1135 307,1135 336,1135 365,1135 393,1134 422,1134 451,1134 479,1134 508,1134 537,1135 565,1135 594,1136 623,1136 652,1137 652,1103 623,1102 594,1102 565,1101 537,1101 508,1100 479,1100 451,1100 422,1100 393,1100 365,1101 336,1101 307,1101 278,1101 250,1101 221,1101 192,1101 164,1101 135,1101 106,1100 78,1100"/>
                <Baseline points="78,1123 106,1123 135,1124 164,1124 192,1124 221,1124 250,1124 278,1124 307,1124 336,1124 365,1124 393,1123 422,1123 451,1123 479,1123 508,1123 537,1124 565,1124 594,1125 623,1125 652,1126"/>
                <TextEquiv>
                    <Unicode>mas cuerdo, que vengativo,</Unicode>
                </TextEquiv>
            </TextLine>
            <TextLine id="r_1_1l20" custom="readingOrder {index:19;}">
                <Coords points="80,1182 109,1183 138,1183 167,1183 196,1184 226,1184 255,1184 284,1184 313,1184 342,1184 372,1184 401,1184 430,1184 459,1184 488,1184 518,1184 547,1184 576,1184 605,1184 634,1184 664,1185 664,1152 634,1151 605,1151 576,1151 547,1151 518,1151 488,1151 459,1151 430,1151 401,1151 372,1151 342,1151 313,1151 284,1151 255,1151 226,1151 196,1151 167,1150 138,1150 109,1150 80,1149"/>
                <Baseline points="80,1171 109,1172 138,1172 167,1172 196,1173 226,1173 255,1173 284,1173 313,1173 342,1173 372,1173 401,1173 430,1173 459,1173 488,1173 518,1173 547,1173 576,1173 605,1173 634,1173 664,1174"/>
                <TextEquiv>
                    <Unicode>por no verle, y por no verla,</Unicode>
                </TextEquiv>
            </TextLine>
            <TextLine id="r_1_1l21" custom="readingOrder {index:20;}">
                <Coords points="84,1230 109,1230 134,1231 159,1231 184,1231 210,1231 235,1231 260,1231 285,1231 310,1231 336,1230 361,1230 386,1230 411,1230 436,1230 462,1231 487,1231 512,1231 537,1232 562,1233 588,1234 588,1201 562,1200 537,1199 512,1198 487,1198 462,1198 436,1197 411,1197 386,1197 361,1197 336,1197 310,1198 285,1198 260,1198 235,1198 210,1198 184,1198 159,1198 134,1198 109,1197 84,1197"/>
                <Baseline points="84,1219 109,1219 134,1220 159,1220 184,1220 210,1220 235,1220 260,1220 285,1220 310,1220 336,1219 361,1219 386,1219 411,1219 436,1219 462,1220 487,1220 512,1220 537,1221 562,1222 588,1223"/>
                <TextEquiv>
                    <Unicode>á los montes, á los valles,</Unicode>
                </TextEquiv>
            </TextLine>
            <TextLine id="r_1_1l22" custom="readingOrder {index:21;}">
                <Coords points="78,1278 103,1278 128,1278 153,1278 178,1278 203,1278 228,1279 253,1278 278,1278 303,1278 328,1278 353,1278 378,1278 403,1278 428,1278 453,1278 478,1279 503,1279 528,1280 553,1280 579,1281 579,1247 553,1246 528,1246 503,1245 478,1245 453,1244 428,1244 403,1244 378,1244 353,1244 328,1244 303,1244 278,1244 253,1244 228,1245 203,1244 178,1244 153,1244 128,1244 103,1244 78,1244"/>
                <Baseline points="78,1267 103,1267 128,1267 153,1267 178,1267 203,1267 228,1268 253,1267 278,1267 303,1267 328,1267 353,1267 378,1267 403,1267 428,1267 453,1267 478,1268 503,1268 528,1269 553,1269 579,1270"/>
                <TextEquiv>
                    <Unicode>á los riscos, á las peñas,</Unicode>
                </TextEquiv>
            </TextLine>
            <TextLine id="r_1_1l23" custom="readingOrder {index:22;}">
                <Coords points="76,1325 103,1325 131,1326 159,1327 187,1327 215,1327 242,1327 270,1327 298,1327 326,1327 354,1326 381,1326 409,1326 437,1326 465,1326 493,1326 520,1327 548,1327 576,1328 604,1329 632,1330 632,1297 604,1296 576,1295 548,1294 520,1294 493,1293 465,1293 437,1293 409,1293 381,1293 354,1293 326,1294 298,1294 270,1294 242,1294 215,1294 187,1294 159,1294 131,1293 103,1292 76,1292"/>
                <Baseline points="76,1314 103,1314 131,1315 159,1316 187,1316 215,1316 242,1316 270,1316 298,1316 326,1316 354,1315 381,1315 409,1315 437,1315 465,1315 493,1315 520,1316 548,1316 576,1317 604,1318 632,1319"/>
                <TextEquiv>
                    <Unicode>á los prados, á las fuentes,</Unicode>
                </TextEquiv>
            </TextLine>
            <TextLine id="r_1_1l24" custom="readingOrder {index:23;}">
                <Coords points="81,1374 108,1374 136,1374 164,1374 192,1375 219,1375 247,1375 275,1375 303,1375 330,1375 358,1375 386,1375 414,1375 441,1375 469,1375 497,1375 525,1375 552,1375 580,1375 608,1375 636,1375 636,1342 608,1342 580,1342 552,1342 525,1342 497,1342 469,1342 441,1342 414,1342 386,1342 358,1342 330,1342 303,1342 275,1342 247,1342 219,1342 192,1342 164,1341 136,1341 108,1341 81,1341"/>
                <Baseline points="81,1363 108,1363 136,1363 164,1363 192,1364 219,1364 247,1364 275,1364 303,1364 330,1364 358,1364 386,1364 414,1364 441,1364 469,1364 497,1364 525,1364 552,1364 580,1364 608,1364 636,1364"/>
                <TextEquiv>
                    <Unicode>á los yermos, y á las selvas</Unicode>
                </TextEquiv>
            </TextLine>
            <TextLine id="r_1_1l25" custom="readingOrder {index:24;}">
                <Coords points="88,1422 114,1423 140,1423 166,1423 193,1423 219,1423 245,1423 272,1423 298,1423 324,1423 351,1422 377,1422 403,1422 429,1422 456,1422 482,1422 508,1422 535,1422 561,1423 587,1423 614,1424 614,1390 587,1389 561,1389 535,1388 508,1388 482,1388 456,1388 429,1388 403,1388 377,1388 351,1388 324,1389 298,1389 272,1389 245,1389 219,1389 193,1389 166,1389 140,1389 114,1389 88,1388"/>
                <Baseline points="88,1411 114,1412 140,1412 166,1412 193,1412 219,1412 245,1412 272,1412 298,1412 324,1412 351,1411 377,1411 403,1411 429,1411 456,1411 482,1411 508,1411 535,1411 561,1412 587,1412 614,1413"/>
                <TextEquiv>
                    <Unicode>me voy, de la Corte huyo:</Unicode>
                </TextEquiv>
            </TextLine>
            <TextLine id="r_1_1l26" custom="readingOrder {index:25;}">
                <Coords points="79,1471 108,1471 138,1471 168,1470 198,1470 227,1470 257,1470 287,1470 317,1471 346,1471 376,1471 406,1471 436,1471 465,1471 495,1471 525,1471 555,1471 584,1471 614,1471 644,1471 674,1471 674,1437 644,1437 614,1437 584,1437 555,1437 525,1437 495,1437 465,1437 436,1437 406,1437 376,1437 346,1437 317,1437 287,1436 257,1436 227,1436 198,1436 168,1436 138,1437 108,1437 79,1437"/>
                <Baseline points="79,1460 108,1460 138,1460 168,1459 198,1459 227,1459 257,1459 287,1459 317,1460 346,1460 376,1460 406,1460 436,1460 465,1460 495,1460 525,1460 555,1460 584,1460 614,1460 644,1460 674,1460"/>
                <TextEquiv>
                    <Unicode>llego á Albania, pero en ella</Unicode>
                </TextEquiv>
            </TextLine>
            <TextLine id="r_1_1l27" custom="readingOrder {index:26;}">
                <Coords points="86,1518 116,1518 147,1519 177,1519 208,1519 238,1519 269,1519 299,1519 330,1519 360,1519 391,1519 421,1519 452,1519 482,1519 513,1519 543,1519 574,1519 604,1520 635,1520 665,1521 696,1522 696,1488 665,1487 635,1486 604,1486 574,1485 543,1485 513,1485 482,1485 452,1485 421,1485 391,1485 360,1485 330,1485 299,1485 269,1485 238,1485 208,1485 177,1485 147,1485 116,1484 86,1484"/>
                <Baseline points="86,1507 116,1507 147,1508 177,1508 208,1508 238,1508 269,1508 299,1508 330,1508 360,1508 391,1508 421,1508 452,1508 482,1508 513,1508 543,1508 574,1508 604,1509 635,1509 665,1510 696,1511"/>
                <TextEquiv>
                    <Unicode>subo al monte, vivo en monte,</Unicode>
                </TextEquiv>
            </TextLine>
            <TextLine id="r_1_1l28" custom="readingOrder {index:27;}">
                <Coords points="88,1565 113,1566 139,1567 165,1568 190,1568 216,1568 242,1568 267,1568 293,1568 319,1568 344,1567 370,1567 396,1567 421,1567 447,1567 473,1567 498,1567 524,1568 550,1569 576,1570 576,1536 550,1535 524,1534 498,1533 473,1533 447,1533 421,1533 396,1533 370,1533 344,1533 319,1534 293,1534 267,1534 242,1534 216,1534 190,1534 165,1534 139,1533 113,1532 88,1531"/>
                <Baseline points="88,1554 113,1555 139,1556 165,1557 190,1557 216,1557 242,1557 267,1557 293,1557 319,1557 344,1556 370,1556 396,1556 421,1556 447,1556 473,1556 498,1556 524,1557 550,1558 576,1559"/>
                <TextEquiv>
                    <Unicode>visto pieles, dejo sedas,</Unicode>
                </TextEquiv>
            </TextLine>
            <TextLine id="r_1_1l29" custom="readingOrder {index:28;}">
                <Coords points="90,1614 120,1614 150,1615 180,1615 210,1615 241,1616 271,1616 301,1616 331,1616 361,1616 392,1616 422,1616 452,1616 482,1617 512,1617 543,1617 573,1617 603,1618 633,1618 663,1619 694,1619 694,1585 663,1585 633,1584 603,1584 573,1583 543,1583 512,1583 482,1583 452,1582 422,1582 392,1582 361,1582 331,1582 301,1582 271,1582 241,1582 210,1581 180,1581 150,1581 120,1580 90,1580"/>
                <Baseline points="90,1603 120,1603 150,1604 180,1604 210,1604 241,1605 271,1605 301,1605 331,1605 361,1605 392,1605 422,1605 452,1605 482,1606 512,1606 543,1606 573,1606 603,1607 633,1607 663,1608 694,1608"/>
                <TextEquiv>
                    <Unicode>miento afectos, busco olvidos,</Unicode>
                </TextEquiv>
            </TextLine>
            <TextLine id="r_1_1l30" custom="readingOrder {index:29;}">
                <Coords points="95,1667 121,1666 147,1666 174,1666 200,1666 227,1665 253,1666 280,1666 306,1666 333,1666 359,1666 385,1666 412,1667 438,1667 465,1667 491,1667 518,1668 544,1668 571,1668 597,1668 624,1668 624,1634 597,1634 571,1634 544,1634 518,1634 491,1633 465,1633 438,1633 412,1633 385,1632 359,1632 333,1632 306,1632 280,1632 253,1632 227,1631 200,1632 174,1632 147,1632 121,1632 95,1633"/>
                <Baseline points="95,1656 121,1655 147,1655 174,1655 200,1655 227,1654 253,1655 280,1655 306,1655 333,1655 359,1655 385,1655 412,1656 438,1656 465,1656 491,1656 518,1657 544,1657 571,1657 597,1657 624,1657"/>
                <TextEquiv>
                    <Unicode>calzo abarcas, trato fieras,</Unicode>
                </TextEquiv>
            </TextLine>
            <TextEquiv>
                <Unicode>que son los ojos del alma:
tienen la puerta de cera,
y son fuego las palabras
de un Rey, á pocas respuestas
ablandó la cera el fuego,
y el alma rindió la puerta.
Casose, casose Nise
con condicion, que me dieran
libertad, como si el daño
en la prision estuviera.
Casose en fin, si bien supe
despues por cosa muy cierta,
que la repudió mi hermano,
cansado de su belleza,
porque nunca dura mas
lo que se goza por tema.
Salí al campo, di mil voces,
y aunque senti mis ofensas,
mas cuerdo, que vengativo,
por no verle, y por no verla,
á los montes, á los valles,
á los riscos, á las peñas,
á los prados, á las fuentes,
á los yermos, y á las selvas
me voy, de la Corte huyo:
llego á Albania, pero en ella
subo al monte, vivo en monte,
visto pieles, dejo sedas,
miento afectos, busco olvidos,
calzo abarcas, trato fieras,</Unicode>
            </TextEquiv>
        </TextRegion>
        <TextRegion orientation="0.0" type="paragraph" id="r_2_1" custom="readingOrder {index:1;}">
            <Coords points="777,217 1436,217 1436,1678 777,1678"/>
            <TextLine id="r_2_1l1" custom="readingOrder {index:0;}">
                <Coords points="778,268 807,269 837,270 866,270 896,270 925,270 955,270 984,270 1014,270 1043,270 1073,270 1102,270 1132,270 1161,270 1191,270 1220,271 1250,271 1279,272 1309,273 1338,274 1368,276 1368,243 1338,241 1309,240 1279,239 1250,238 1220,238 1191,237 1161,237 1132,237 1102,237 1073,237 1043,237 1014,237 984,237 955,237 925,237 896,237 866,237 837,237 807,236 778,235"/>
                <Baseline points="778,257 807,258 837,259 866,259 896,259 925,259 955,259 984,259 1014,259 1043,259 1073,259 1102,259 1132,259 1161,259 1191,259 1220,260 1250,260 1279,261 1309,262 1338,263 1368,265"/>
                <TextEquiv>
                    <Unicode>rindo brutos, siembro flores,</Unicode>
                </TextEquiv>
            </TextLine>
            <TextLine id="r_2_1l2" custom="readingOrder {index:1;}">
                <Coords points="792,316 819,317 847,317 875,318 903,318 931,318 958,318 986,318 1014,318 1042,318 1070,318 1097,318 1125,318 1153,318 1181,318 1209,319 1236,319 1264,320 1292,321 1320,322 1348,324 1348,291 1320,289 1292,288 1264,287 1236,286 1209,286 1181,285 1153,285 1125,285 1097,285 1070,285 1042,285 1014,285 986,285 958,285 931,285 903,285 875,285 847,284 819,284 792,283"/>
                <Baseline points="792,305 819,306 847,306 875,307 903,307 931,307 958,307 986,307 1014,307 1042,307 1070,307 1097,307 1125,307 1153,307 1181,307 1209,308 1236,308 1264,309 1292,310 1320,311 1348,313"/>
                <TextEquiv>
                    <Unicode>bebo arroyos, como yerbas,</Unicode>
                </TextEquiv>
            </TextLine>
            <TextLine id="r_2_1l3" custom="readingOrder {index:2;}">
                <Coords points="787,365 812,366 838,366 864,366 890,366 915,366 941,366 967,366 993,366 1018,366 1044,366 1070,366 1096,366 1121,366 1147,366 1173,366 1199,366 1224,367 1250,367 1276,368 1302,369 1302,336 1276,335 1250,334 1224,334 1199,333 1173,333 1147,333 1121,333 1096,333 1070,333 1044,333 1018,333 993,333 967,333 941,333 915,333 890,333 864,333 838,333 812,333 787,332"/>
                <Baseline points="787,354 812,355 838,355 864,355 890,355 915,355 941,355 967,355 993,355 1018,355 1044,355 1070,355 1096,355 1121,355 1147,355 1173,355 1199,355 1224,356 1250,356 1276,357 1302,358"/>
                <TextEquiv>
                    <Unicode>hago versos, miro libros,</Unicode>
                </TextEquiv>
            </TextLine>
            <TextLine id="r_2_1l4" custom="readingOrder {index:3;}">
                <Coords points="799,414 827,414 855,413 883,413 911,413 939,413 967,414 995,414 1023,414 1051,414 1079,414 1107,415 1135,415 1163,415 1191,415 1219,415 1247,415 1275,415 1303,414 1331,414 1360,413 1360,380 1331,381 1303,381 1275,382 1247,382 1219,382 1191,382 1163,382 1135,382 1107,382 1079,381 1051,381 1023,381 995,381 967,381 939,380 911,380 883,380 855,380 827,381 799,381"/>
                <Baseline points="799,403 827,403 855,402 883,402 911,402 939,402 967,403 995,403 1023,403 1051,403 1079,403 1107,404 1135,404 1163,404 1191,404 1219,404 1247,404 1275,404 1303,403 1331,403 1360,402"/>
                <TextEquiv>
                    <Unicode>paso historias, toco ciencias</Unicode>
                </TextEquiv>
            </TextLine>
            <TextLine id="r_2_1l5" custom="readingOrder {index:4;}">
                <Coords points="798,463 827,463 857,462 887,462 917,462 946,462 976,462 1006,462 1036,462 1065,462 1095,462 1125,462 1155,463 1184,463 1214,463 1244,463 1274,463 1303,463 1333,463 1363,463 1393,462 1393,429 1363,430 1333,430 1303,430 1274,430 1244,430 1214,430 1184,430 1155,430 1125,429 1095,429 1065,429 1036,429 1006,429 976,429 946,429 917,429 887,429 857,429 827,430 798,430"/>
                <Baseline points="798,452 827,452 857,451 887,451 917,451 946,451 976,451 1006,451 1036,451 1065,451 1095,451 1125,451 1155,452 1184,452 1214,452 1244,452 1274,452 1303,452 1333,452 1363,452 1393,451"/>
                <TextEquiv>
                    <Unicode>y estando (ay Dios!) una tarde</Unicode>
                </TextEquiv>
            </TextLine>
            <TextLine id="r_2_1l6" custom="readingOrder {index:5;}">
                <Coords points="792,512 817,511 843,510 869,509 894,509 920,508 946,508 971,508 997,508 1023,508 1049,508 1074,508 1100,508 1126,508 1151,509 1177,509 1203,509 1228,510 1254,511 1280,512 1306,513 1306,482 1280,481 1254,480 1228,479 1203,478 1177,478 1151,478 1126,477 1100,477 1074,477 1049,477 1023,477 997,477 971,477 946,477 920,477 894,478 869,478 843,479 817,480 792,481"/>
                <Baseline points="792,502 817,501 843,500 869,499 894,499 920,498 946,498 971,498 997,498 1023,498 1049,498 1074,498 1100,498 1126,498 1151,499 1177,499 1203,499 1228,500 1254,501 1280,502 1306,503"/>
                <TextEquiv>
                    <Unicode>yo recogido en mi cueva,</Unicode>
                </TextEquiv>
            </TextLine>
            <TextLine id="r_2_1l7" custom="readingOrder {index:6;}">
                <Coords points="794,556 820,557 846,557 872,557 898,558 925,558 951,557 977,557 1003,557 1029,557 1056,557 1082,557 1108,557 1134,557 1160,557 1187,557 1213,558 1239,559 1265,559 1291,560 1318,561 1318,530 1291,529 1265,528 1239,528 1213,527 1187,526 1160,526 1134,526 1108,526 1082,526 1056,526 1029,526 1003,526 977,526 951,526 925,527 898,527 872,526 846,526 820,526 794,525"/>
                <Baseline points="794,546 820,547 846,547 872,547 898,548 925,548 951,547 977,547 1003,547 1029,547 1056,547 1082,547 1108,547 1134,547 1160,547 1187,547 1213,548 1239,549 1265,549 1291,550 1318,551"/>
                <TextEquiv>
                    <Unicode>oi una vez, salí al monte,</Unicode>
                </TextEquiv>
            </TextLine>
            <TextLine id="r_2_1l8" custom="readingOrder {index:7;}">
                <Coords points="796,605 824,605 853,605 882,606 910,606 939,606 968,606 996,606 1025,606 1054,606 1083,606 1111,606 1140,606 1169,606 1197,606 1226,606 1255,607 1283,607 1312,608 1341,608 1370,609 1370,576 1341,575 1312,575 1283,574 1255,574 1226,573 1197,573 1169,573 1140,573 1111,573 1083,573 1054,573 1025,573 996,573 968,573 939,573 910,573 882,573 853,572 824,572 796,572"/>
                <Baseline points="796,594 824,594 853,594 882,595 910,595 939,595 968,595 996,595 1025,595 1054,595 1083,595 1111,595 1140,595 1169,595 1197,595 1226,595 1255,596 1283,596 1312,597 1341,597 1370,598"/>
                <TextEquiv>
                    <Unicode>miro el Sol, hallo á Clavela,</Unicode>
                </TextEquiv>
            </TextLine>
            <TextLine id="r_2_1l9" custom="readingOrder {index:8;}">
                <Coords points="802,653 829,654 856,654 883,654 911,655 938,654 965,654 993,654 1020,654 1047,654 1075,653 1102,653 1129,653 1156,653 1184,653 1211,653 1238,654 1266,655 1293,655 1320,656 1348,658 1348,625 1320,623 1293,622 1266,622 1238,621 1211,620 1184,620 1156,620 1129,620 1102,620 1075,620 1047,621 1020,621 993,621 965,621 938,621 911,622 883,621 856,621 829,621 802,620"/>
                <Baseline points="802,642 829,643 856,643 883,643 911,644 938,643 965,643 993,643 1020,643 1047,643 1075,642 1102,642 1129,642 1156,642 1184,642 1211,642 1238,643 1266,644 1293,644 1320,645 1348,647"/>
                <TextEquiv>
                    <Unicode>doila favor, vuelve á verme,</Unicode>
                </TextEquiv>
            </TextLine>
            <TextLine id="r_2_1l10" custom="readingOrder {index:9;}">
                <Coords points="797,701 822,702 847,702 872,703 897,703 923,703 948,703 973,702 998,702 1023,702 1049,702 1074,702 1099,702 1124,702 1149,702 1175,702 1200,703 1225,704 1250,705 1276,706 1276,673 1250,672 1225,671 1200,670 1175,669 1149,669 1124,669 1099,669 1074,669 1049,669 1023,669 998,669 973,669 948,670 923,670 897,670 872,670 847,669 822,669 797,668"/>
                <Baseline points="797,690 822,691 847,691 872,692 897,692 923,692 948,692 973,691 998,691 1023,691 1049,691 1074,691 1099,691 1124,691 1149,691 1175,691 1200,692 1225,693 1250,694 1276,695"/>
                <TextEquiv>
                    <Unicode>entretengome con ella,</Unicode>
                </TextEquiv>
            </TextLine>
            <TextLine id="r_2_1l11" custom="readingOrder {index:10;}">
                <Coords points="799,749 824,749 850,750 876,750 902,751 928,751 954,751 980,751 1006,751 1032,750 1058,750 1084,750 1110,750 1136,750 1162,750 1188,751 1214,751 1240,752 1266,753 1292,754 1292,721 1266,720 1240,719 1214,718 1188,718 1162,717 1136,717 1110,717 1084,717 1058,717 1032,717 1006,718 980,718 954,718 928,718 902,718 876,717 850,717 824,716 799,716"/>
                <Baseline points="799,738 824,738 850,739 876,739 902,740 928,740 954,740 980,740 1006,740 1032,739 1058,739 1084,739 1110,739 1136,739 1162,739 1188,740 1214,740 1240,741 1266,742 1292,743"/>
                <TextEquiv>
                    <Unicode>vino con Celia una tarde,</Unicode>
                </TextEquiv>
            </TextLine>
            <TextLine id="r_2_1l12" custom="readingOrder {index:11;}">
                <Coords points="800,798 825,798 851,799 876,799 902,799 928,798 953,798 979,798 1005,798 1030,798 1056,798 1082,798 1107,798 1133,798 1159,799 1184,800 1210,801 1236,803 1236,770 1210,768 1184,767 1159,766 1133,765 1107,765 1082,765 1056,765 1030,765 1005,765 979,765 953,765 928,765 902,766 876,766 851,766 825,765 800,765"/>
                <Baseline points="800,787 825,787 851,788 876,788 902,788 928,787 953,787 979,787 1005,787 1030,787 1056,787 1082,787 1107,787 1133,787 1159,788 1184,789 1210,790 1236,792"/>
                <TextEquiv>
                    <Unicode>enamoréme de Celia, </Unicode>
                </TextEquiv>
            </TextLine>
            <TextLine id="r_2_1l13" custom="readingOrder {index:12;}">
                <Coords points="802,845 827,845 852,846 878,846 903,846 929,846 954,846 979,846 1005,846 1030,845 1056,845 1081,845 1106,845 1132,845 1157,845 1183,845 1208,845 1233,846 1259,846 1284,846 1310,846 1310,815 1284,815 1259,815 1233,815 1208,814 1183,814 1157,814 1132,814 1106,814 1081,814 1056,814 1030,814 1005,815 979,815 954,815 929,815 903,815 878,815 852,815 827,814 802,814"/>
                <Baseline points="802,835 827,835 852,836 878,836 903,836 929,836 954,836 979,836 1005,836 1030,835 1056,835 1081,835 1106,835 1132,835 1157,835 1183,835 1208,835 1233,836 1259,836 1284,836 1310,836"/>
                <TextEquiv>
                    <Unicode>siendo Celia, y labradora</Unicode>
                </TextEquiv>
            </TextLine>
            <TextLine id="r_2_1l14" custom="readingOrder {index:13;}">
                <Coords points="803,895 832,895 861,895 890,895 919,895 949,895 978,895 1007,895 1036,895 1065,895 1095,895 1124,895 1153,895 1182,894 1211,894 1241,895 1270,895 1299,895 1328,895 1357,895 1387,895 1387,862 1357,862 1328,862 1299,862 1270,862 1241,862 1211,861 1182,861 1153,862 1124,862 1095,862 1065,862 1036,862 1007,862 978,862 949,862 919,862 890,862 861,862 832,862 803,862"/>
                <Baseline points="803,884 832,884 861,884 890,884 919,884 949,884 978,884 1007,884 1036,884 1065,884 1095,884 1124,884 1153,884 1182,883 1211,883 1241,884 1270,884 1299,884 1328,884 1357,884 1387,884"/>
                <TextEquiv>
                    <Unicode>la que es Aurora, y Princisa.</Unicode>
                </TextEquiv>
            </TextLine>
            <TextLine id="r_2_1l15" custom="readingOrder {index:14;}">
                <Coords points="808,942 833,942 859,942 885,942 911,942 937,942 963,942 989,942 1015,942 1041,942 1066,942 1092,942 1118,942 1144,942 1170,942 1196,943 1222,943 1248,944 1274,945 1274,912 1248,911 1222,910 1196,910 1170,909 1144,909 1118,909 1092,909 1066,909 1041,909 1015,909 989,909 963,909 937,909 911,909 885,909 859,909 833,909 808,909"/>
                <Baseline points="808,931 833,931 859,931 885,931 911,931 937,931 963,931 989,931 1015,931 1041,931 1066,931 1092,931 1118,931 1144,931 1170,931 1196,932 1222,932 1248,933 1274,934"/>
                <TextEquiv>
                    <Unicode>Digole mi pensamiento,</Unicode>
                </TextEquiv>
            </TextLine>
            <TextLine id="r_2_1l16" custom="readingOrder {index:15;}">
                <Coords points="808,989 833,990 859,990 885,991 911,991 937,991 962,991 988,991 1014,991 1040,991 1066,991 1091,991 1117,990 1143,990 1169,990 1195,990 1220,990 1246,991 1272,991 1298,991 1324,992 1324,959 1298,958 1272,958 1246,958 1220,957 1195,957 1169,957 1143,957 1117,957 1091,958 1066,958 1040,958 1014,958 988,958 962,958 937,958 911,958 885,958 859,957 833,957 808,956"/>
                <Baseline points="808,978 833,979 859,979 885,980 911,980 937,980 962,980 988,980 1014,980 1040,980 1066,980 1091,980 1117,979 1143,979 1169,979 1195,979 1220,979 1246,980 1272,980 1298,980 1324,981"/>
                <TextEquiv>
                    <Unicode>oyele atenta, y contenta.</Unicode>
                </TextEquiv>
            </TextLine>
            <TextLine id="r_2_1l17" custom="readingOrder {index:16;}">
                <Coords points="800,1037 828,1037 856,1038 884,1038 912,1038 940,1038 968,1038 996,1038 1024,1037 1052,1037 1081,1037 1109,1037 1137,1037 1165,1037 1193,1037 1221,1037 1249,1037 1277,1038 1305,1039 1333,1039 1362,1040 1362,1007 1333,1006 1305,1006 1277,1005 1249,1004 1221,1004 1193,1004 1165,1004 1137,1004 1109,1004 1081,1004 1052,1004 1024,1004 996,1005 968,1005 940,1005 912,1005 884,1005 856,1005 828,1004 800,1004"/>
                <Baseline points="800,1026 828,1026 856,1027 884,1027 912,1027 940,1027 968,1027 996,1027 1024,1026 1052,1026 1081,1026 1109,1026 1137,1026 1165,1026 1193,1026 1221,1026 1249,1026 1277,1027 1305,1028 1333,1028 1362,1029"/>
                <TextEquiv>
                    <Unicode>Hablo à Clavela una noche,</Unicode>
                </TextEquiv>
            </TextLine>
            <TextLine id="r_2_1l18" custom="readingOrder {index:17;}">
                <Coords points="814,1090 839,1090 864,1089 890,1088 915,1088 941,1087 966,1087 991,1086 1017,1086 1042,1085 1068,1085 1093,1085 1118,1085 1144,1085 1169,1085 1195,1086 1220,1086 1245,1087 1271,1088 1296,1089 1322,1090 1322,1057 1296,1056 1271,1055 1245,1054 1220,1053 1195,1053 1169,1052 1144,1052 1118,1052 1093,1052 1068,1052 1042,1052 1017,1053 991,1053 966,1054 941,1054 915,1055 890,1055 864,1056 839,1057 814,1057"/>
                <Baseline points="814,1079 839,1079 864,1078 890,1077 915,1077 941,1076 966,1076 991,1075 1017,1075 1042,1074 1068,1074 1093,1074 1118,1074 1144,1074 1169,1074 1195,1075 1220,1075 1245,1076 1271,1077 1296,1078 1322,1079"/>
                <TextEquiv>
                    <Unicode>y para que me aborrezca,</Unicode>
                </TextEquiv>
            </TextLine>
            <TextLine id="r_2_1l19" custom="readingOrder {index:18;}">
                <Coords points="804,1136 829,1136 854,1136 880,1135 905,1135 931,1134 956,1134 982,1134 1007,1134 1033,1133 1058,1133 1083,1133 1109,1133 1134,1133 1160,1133 1185,1133 1211,1134 1236,1135 1262,1135 1262,1102 1236,1102 1211,1101 1185,1100 1160,1100 1134,1100 1109,1100 1083,1100 1058,1100 1033,1100 1007,1101 982,1101 956,1101 931,1101 905,1102 880,1102 854,1103 829,1103 804,1103"/>
                <Baseline points="804,1125 829,1125 854,1125 880,1124 905,1124 931,1123 956,1123 982,1123 1007,1123 1033,1122 1058,1122 1083,1122 1109,1122 1134,1122 1160,1122 1185,1122 1211,1123 1236,1124 1262,1124"/>
                <TextEquiv>
                    <Unicode>digola que soy villano,</Unicode>
                </TextEquiv>
            </TextLine>
            <TextLine id="r_2_1l20" custom="readingOrder {index:19;}">
                <Coords points="805,1186 830,1185 855,1184 880,1183 905,1182 931,1182 956,1181 981,1181 1006,1180 1031,1180 1057,1180 1082,1180 1107,1180 1132,1180 1157,1181 1183,1181 1208,1181 1233,1181 1258,1182 1283,1182 1309,1182 1309,1151 1283,1151 1258,1151 1233,1150 1208,1150 1183,1150 1157,1150 1132,1149 1107,1149 1082,1149 1057,1149 1031,1149 1006,1149 981,1150 956,1150 931,1151 905,1151 880,1152 855,1153 830,1154 805,1155"/>
                <Baseline points="805,1176 830,1175 855,1174 880,1173 905,1172 931,1172 956,1171 981,1171 1006,1170 1031,1170 1057,1170 1082,1170 1107,1170 1132,1170 1157,1171 1183,1171 1208,1171 1233,1171 1258,1172 1283,1172 1309,1172"/>
                <TextEquiv>
                    <Unicode>y que la Princesa es fea.</Unicode>
                </TextEquiv>
            </TextLine>
            <TextLine id="r_2_1l21" custom="readingOrder {index:20;}">
                <Coords points="808,1229 833,1229 858,1230 884,1229 909,1229 935,1229 960,1229 985,1229 1011,1229 1036,1228 1062,1228 1087,1228 1112,1228 1138,1228 1163,1228 1189,1228 1214,1229 1239,1229 1265,1230 1290,1231 1316,1232 1316,1201 1290,1200 1265,1199 1239,1198 1214,1198 1189,1197 1163,1197 1138,1197 1112,1197 1087,1197 1062,1197 1036,1197 1011,1198 985,1198 960,1198 935,1198 909,1198 884,1198 858,1199 833,1198 808,1198"/>
                <Baseline points="808,1219 833,1219 858,1220 884,1219 909,1219 935,1219 960,1219 985,1219 1011,1219 1036,1218 1062,1218 1087,1218 1112,1218 1138,1218 1163,1218 1189,1218 1214,1219 1239,1219 1265,1220 1290,1221 1316,1222"/>
                <TextEquiv>
                    <Unicode>Hablanse las dos despues,</Unicode>
                </TextEquiv>
            </TextLine>
            <TextLine id="r_2_1l22" custom="readingOrder {index:21;}">
                <Coords points="806,1278 831,1279 857,1279 883,1279 909,1279 934,1279 960,1279 986,1278 1012,1278 1038,1277 1063,1277 1089,1277 1115,1276 1141,1276 1167,1277 1192,1277 1218,1278 1244,1279 1270,1280 1296,1282 1296,1249 1270,1247 1244,1246 1218,1245 1192,1244 1167,1244 1141,1243 1115,1243 1089,1244 1063,1244 1038,1244 1012,1245 986,1245 960,1246 934,1246 909,1246 883,1246 857,1246 831,1246 806,1245"/>
                <Baseline points="806,1267 831,1268 857,1268 883,1268 909,1268 934,1268 960,1268 986,1267 1012,1267 1038,1266 1063,1266 1089,1266 1115,1265 1141,1265 1167,1266 1192,1266 1218,1267 1244,1268 1270,1269 1296,1271"/>
                <TextEquiv>
                    <Unicode>cuentaselo poco cuerda,</Unicode>
                </TextEquiv>
            </TextLine>
            <TextLine id="r_2_1l23" custom="readingOrder {index:22;}">
                <Coords points="808,1327 838,1327 868,1327 898,1326 928,1326 958,1326 988,1325 1018,1325 1048,1325 1078,1325 1108,1325 1138,1325 1168,1325 1198,1325 1228,1325 1258,1325 1288,1326 1318,1326 1348,1327 1378,1327 1408,1328 1408,1295 1378,1294 1348,1294 1318,1293 1288,1293 1258,1292 1228,1292 1198,1292 1168,1292 1138,1292 1108,1292 1078,1292 1048,1292 1018,1292 988,1292 958,1293 928,1293 898,1293 868,1294 838,1294 808,1294"/>
                <Baseline points="808,1316 838,1316 868,1316 898,1315 928,1315 958,1315 988,1314 1018,1314 1048,1314 1078,1314 1108,1314 1138,1314 1168,1314 1198,1314 1228,1314 1258,1314 1288,1315 1318,1315 1348,1316 1378,1316 1408,1317"/>
                <TextEquiv>
                    <Unicode>hallo un hombre en el jardin,</Unicode>
                </TextEquiv>
            </TextLine>
            <TextLine id="r_2_1l24" custom="readingOrder {index:23;}">
                <Coords points="813,1376 838,1375 863,1375 888,1375 913,1375 938,1374 963,1374 988,1374 1013,1374 1038,1374 1064,1373 1089,1373 1114,1373 1139,1373 1164,1373 1189,1373 1214,1373 1239,1373 1264,1373 1289,1374 1315,1374 1315,1341 1289,1341 1264,1340 1239,1340 1214,1340 1189,1340 1164,1340 1139,1340 1114,1340 1089,1340 1064,1340 1038,1341 1013,1341 988,1341 963,1341 938,1341 913,1342 888,1342 863,1342 838,1342 813,1343"/>
                <Baseline points="813,1365 838,1364 863,1364 888,1364 913,1364 938,1363 963,1363 988,1363 1013,1363 1038,1363 1064,1362 1089,1362 1114,1362 1139,1362 1164,1362 1189,1362 1214,1362 1239,1362 1264,1362 1289,1363 1315,1363"/>
                <TextEquiv>
                    <Unicode>que dicen que la festeja. </Unicode>
                </TextEquiv>
            </TextLine>
            <TextLine id="r_2_1l25" custom="readingOrder {index:24;}">
                <Coords points="810,1423 837,1423 865,1423 893,1423 921,1423 949,1423 977,1423 1005,1422 1033,1422 1061,1422 1089,1422 1116,1421 1144,1421 1172,1421 1200,1421 1228,1421 1256,1421 1284,1422 1312,1422 1340,1423 1368,1424 1368,1391 1340,1390 1312,1389 1284,1389 1256,1388 1228,1388 1200,1388 1172,1388 1144,1388 1116,1388 1089,1389 1061,1389 1033,1389 1005,1389 977,1390 949,1390 921,1390 893,1390 865,1390 837,1390 810,1390"/>
                <Baseline points="810,1412 837,1412 865,1412 893,1412 921,1412 949,1412 977,1412 1005,1411 1033,1411 1061,1411 1089,1411 1116,1410 1144,1410 1172,1410 1200,1410 1228,1410 1256,1410 1284,1411 1312,1411 1340,1412 1368,1413"/>
                <TextEquiv>
                    <Unicode>Siento, callo, dudo, muero,</Unicode>
                </TextEquiv>
            </TextLine>
            <TextLine id="r_2_1l26" custom="readingOrder {index:25;}">
                <Coords points="812,1473 842,1472 873,1472 903,1471 934,1471 965,1471 995,1470 1026,1470 1056,1470 1087,1470 1118,1470 1148,1470 1179,1470 1209,1471 1240,1471 1271,1471 1301,1471 1332,1472 1362,1472 1393,1473 1424,1473 1424,1440 1393,1440 1362,1439 1332,1439 1301,1438 1271,1438 1240,1438 1209,1438 1179,1437 1148,1437 1118,1437 1087,1437 1056,1437 1026,1437 995,1437 965,1438 934,1438 903,1438 873,1439 842,1439 812,1440"/>
                <Baseline points="812,1462 842,1461 873,1461 903,1460 934,1460 965,1460 995,1459 1026,1459 1056,1459 1087,1459 1118,1459 1148,1459 1179,1459 1209,1460 1240,1460 1271,1460 1301,1460 1332,1461 1362,1461 1393,1462 1424,1462"/>
                <TextEquiv>
                    <Unicode>y ella sorda, ingrata, y fiera,</Unicode>
                </TextEquiv>
            </TextLine>
            <TextLine id="r_2_1l27" custom="readingOrder {index:26;}">
                <Coords points="816,1518 843,1518 870,1518 897,1519 924,1519 951,1519 978,1519 1005,1519 1032,1518 1059,1518 1086,1518 1113,1518 1140,1518 1167,1517 1194,1517 1221,1517 1248,1517 1275,1517 1302,1517 1329,1518 1356,1518 1356,1485 1329,1485 1302,1484 1275,1484 1248,1484 1221,1484 1194,1484 1167,1484 1140,1485 1113,1485 1086,1485 1059,1485 1032,1485 1005,1486 978,1486 951,1486 924,1486 897,1486 870,1485 843,1485 816,1485"/>
                <Baseline points="816,1507 843,1507 870,1507 897,1508 924,1508 951,1508 978,1508 1005,1508 1032,1507 1059,1507 1086,1507 1113,1507 1140,1507 1167,1506 1194,1506 1221,1506 1248,1506 1275,1506 1302,1506 1329,1507 1356,1507"/>
                <TextEquiv>
                    <Unicode>sin Dios, sin ley, sin razon</Unicode>
                </TextEquiv>
            </TextLine>
            <TextLine id="r_2_1l28" custom="readingOrder {index:27;}">
                <Coords points="820,1566 846,1566 872,1566 898,1567 924,1567 950,1566 976,1566 1002,1566 1028,1566 1054,1565 1080,1565 1106,1565 1132,1564 1158,1564 1184,1564 1210,1564 1236,1564 1262,1565 1288,1565 1314,1566 1340,1567 1340,1534 1314,1533 1288,1532 1262,1532 1236,1531 1210,1531 1184,1531 1158,1531 1132,1531 1106,1532 1080,1532 1054,1532 1028,1533 1002,1533 976,1533 950,1533 924,1534 898,1534 872,1533 846,1533 820,1533"/>
                <Baseline points="820,1555 846,1555 872,1555 898,1556 924,1556 950,1555 976,1555 1002,1555 1028,1555 1054,1554 1080,1554 1106,1554 1132,1553 1158,1553 1184,1553 1210,1553 1236,1553 1262,1554 1288,1554 1314,1555 1340,1556"/>
                <TextEquiv>
                    <Unicode>de su tierra me destierra.</Unicode>
                </TextEquiv>
            </TextLine>
            <TextLine id="r_2_1l29" custom="readingOrder {index:28;}">
                <Coords points="810,1614 837,1614 865,1614 893,1614 920,1614 948,1614 976,1614 1003,1614 1031,1614 1059,1614 1087,1614 1114,1614 1142,1614 1170,1614 1197,1614 1225,1615 1253,1615 1280,1615 1308,1616 1336,1617 1364,1617 1364,1584 1336,1584 1308,1583 1280,1582 1253,1582 1225,1582 1197,1581 1170,1581 1142,1581 1114,1581 1087,1581 1059,1581 1031,1581 1003,1581 976,1581 948,1581 920,1581 893,1581 865,1581 837,1581 810,1581"/>
                <Baseline points="810,1603 837,1603 865,1603 893,1603 920,1603 948,1603 976,1603 1003,1603 1031,1603 1059,1603 1087,1603 1114,1603 1142,1603 1170,1603 1197,1603 1225,1604 1253,1604 1280,1604 1308,1605 1336,1606 1364,1606"/>
                <TextEquiv>
                    <Unicode>Esto es lo menos que paso,</Unicode>
                </TextEquiv>
            </TextLine>
            <TextLine id="r_2_1l30" custom="readingOrder {index:29;}">
                <Coords points="818,1665 844,1665 870,1665 896,1665 922,1665 948,1665 974,1665 1001,1665 1027,1665 1053,1665 1079,1664 1105,1664 1131,1664 1158,1664 1184,1664 1210,1664 1236,1663 1262,1663 1288,1663 1315,1663 1315,1630 1288,1630 1262,1630 1236,1630 1210,1631 1184,1631 1158,1631 1131,1631 1105,1631 1079,1631 1053,1632 1027,1632 1001,1632 974,1632 948,1632 922,1632 896,1632 870,1632 844,1632 818,1632"/>
                <Baseline points="818,1654 844,1654 870,1654 896,1654 922,1654 948,1654 974,1654 1001,1654 1027,1654 1053,1654 1079,1653 1105,1653 1131,1653 1158,1653 1184,1653 1210,1653 1236,1652 1262,1652 1288,1652 1315,1652"/>
                <TextEquiv>
                    <Unicode>diga lo demas su Alteza.</Unicode>
                </TextEquiv>
            </TextLine>
            <TextEquiv>
                <Unicode>rindo brutos, siembro flores,
bebo arroyos, como yerbas,
hago versos, miro libros,
paso historias, toco ciencias
y estando (ay Dios!) una tarde
yo recogido en mi cueva,
oi una vez, salí al monte,
miro el Sol, hallo á Clavela,
doila favor, vuelve á verme,
entretengome con ella,
vino con Celia una tarde,
enamoréme de Celia, 
siendo Celia, y labradora
la que es Aurora, y Princisa.
Digole mi pensamiento,
oyele atenta, y contenta.
Hablo à Clavela una noche,
y para que me aborrezca,
digola que soy villano,
y que la Princesa es fea.
Hablanse las dos despues,
cuentaselo poco cuerda,
hallo un hombre en el jardin,
que dicen que la festeja. 
Siento, callo, dudo, muero,
y ella sorda, ingrata, y fiera,
sin Dios, sin ley, sin razon
de su tierra me destierra.
Esto es lo menos que paso,
diga lo demas su Alteza.</Unicode>
            </TextEquiv>
        </TextRegion>
        <TextRegion orientation="0.0" type="paragraph" id="region_1607088444922_3036" custom="readingOrder {index:2;} structure {type:paragraph;}">
            <Coords points="654,1887 945,1887 945,2054 654,2054"/>
            <TextLine id="region_1607088444922_3036l1" custom="readingOrder {index:0;}">
                <Coords points="653,2088 679,2087 705,2086 732,2085 758,2085 784,2085 811,2084 837,2084 863,2084 890,2083 916,2083 943,2082 943,1932 916,1933 890,1933 863,1934 837,1934 811,1934 784,1935 758,1935 732,1935 705,1936 679,1937 653,1938"/>
                <Baseline points="653,2038 679,2037 705,2036 732,2035 758,2035 784,2035 811,2034 837,2034 863,2034 890,2033 916,2033 943,2032"/>
                <TextEquiv>
                    <Unicode>FIN.</Unicode>
                </TextEquiv>
            </TextLine>
            <TextEquiv>
                <Unicode>FIN.</Unicode>
            </TextEquiv>
        </TextRegion>
        <TextRegion orientation="0.0" type="paragraph" id="r_4_1" custom="readingOrder {index:3;}">
            <Coords points="193,2238 1420,2238 1420,2363 193,2363"/>
            <TextLine id="r_4_1l1" custom="readingOrder {index:0;}">
                <Coords points="614,2298 640,2298 666,2298 692,2298 719,2298 745,2298 771,2298 797,2298 824,2298 850,2298 876,2298 902,2298 929,2298 955,2298 981,2298 1008,2298 1008,2262 981,2262 955,2262 929,2262 902,2262 876,2262 850,2262 824,2262 797,2262 771,2262 745,2262 719,2262 692,2262 666,2262 640,2262 614,2262"/>
                <Baseline points="614,2286 640,2286 666,2286 692,2286 719,2286 745,2286 771,2286 797,2286 824,2286 850,2286 876,2286 902,2286 929,2286 955,2286 981,2286 1008,2286"/>
                <TextEquiv>
                    <Unicode>CARMONA:—1859.</Unicode>
                </TextEquiv>
            </TextLine>
            <TextLine id="r_4_1l2" custom="readingOrder {index:1;}">
                <Coords points="203,2348 263,2348 323,2349 384,2349 444,2349 504,2349 565,2349 625,2349 685,2349 746,2349 806,2349 866,2349 927,2349 987,2348 1047,2348 1108,2347 1168,2346 1228,2346 1289,2344 1349,2344 1410,2342 1410,2305 1349,2307 1289,2307 1228,2309 1168,2309 1108,2310 1047,2311 987,2311 927,2312 866,2312 806,2312 746,2312 685,2312 625,2312 565,2312 504,2312 444,2312 384,2312 323,2312 263,2311 203,2311"/>
                <Baseline points="203,2336 263,2336 323,2337 384,2337 444,2337 504,2337 565,2337 625,2337 685,2337 746,2337 806,2337 866,2337 927,2337 987,2336 1047,2336 1108,2335 1168,2334 1228,2334 1289,2332 1349,2332 1410,2330"/>
                <TextEquiv>
                    <Unicode>Imp. de D. José M.a Moreno, calle de Madre de Dios núm. 1.</Unicode>
                </TextEquiv>
            </TextLine>
            <TextEquiv>
                <Unicode>CARMONA:—1859.
Imp. de D. José M.a Moreno, calle de Madre de Dios núm. 1.</Unicode>
            </TextEquiv>
        </TextRegion>
    </Page>
</PcGts>
