1737 2508
201 249 806 334 Supe el caso, fui á buscarlo,
203 309 831 392 que en un lugar cerca estaba,
205 371 771 433 trajelo á la Ciudad, y ellos
199 416 688 478 supieronlo, y á su casa
211 460 692 534 á amenazarlo vinieron;
211 506 790 583 pero yo, que dentro estaba;
213 555 672 628 salí, y cortesano pido,
218 603 894 671 que aquel buen hombre dejaran.
210 652 794 720 Respondió Pedro de Rueda,
222 704 762 770 que me vaya en hora mala;
212 760 716 819 pero viendo su atencion,
217 803 793 865 le dí un buen corte de cara;
217 849 783 914 los hermanos se alborotan,
228 899 808 964 y echando mano á las armas,
222 942 730 1011 mis camaradas salieron,
215 991 739 1061 y empezandose la danza,
237 1052 862 1095 en menos de un cuarto de hora
232 1089 779 1157 yo con mís tres camaradas
235 1134 867 1208 veinte y seis muertes hicimos,
223 1181 868 1257 sin que ellos nos maltratarán.
235 1231 823 1303 Salimos bien de este arrojo,
235 1288 848 1347 y al Mercader, que fue causa
246 1334 916 1383 de este incendio, lo prendíeron,
237 1371 733 1445 y dando parte á la Sala,
232 1421 907 1498 sentencian de que lo ahorquen,
249 1471 831 1540 y que á mi, y mis camaradas,
238 1525 817 1585 nos pregonen, prometiendo
242 1569 809 1634 cien pesos al que entregára
240 1614 798 1676 viva ó muerta mi persona,
248 1665 790 1724 y tambien mis camaradas.
248 1715 776 1781 En un Lugar lo supimos,
244 1761 762 1836 y abreviando la jornada,
249 1806 701 1879 en Avila cierta noche
261 1855 779 1924 entramos, y fui á la casa
262 1904 860 1968 del Mercader, y á su esposa,
257 1948 770 2027 joyas, dineros, y alhajas
264 2003 843 2073 entregué á mis compañeros,
260 2046 804 2120 y dije que me aguardarán
256 2096 823 2162 de la Ciudad cuatro leguas,
257 2146 805 2215 y quedandome en la casa,
263 2182 870 2259 fui á media noche á la Carcel
262 2244 817 2313 dije á la puerta que abran
261 2291 761 2361 al Corregidor, y apenas
274 2333 891 2418 las puertas me fueron francas,
924 238 1402 311 al Alcaide de la Carcel
930 289 1401 353 maté de una puñalada,
927 335 1431 404 Cogí las llaves abriendo
931 383 1454 461 donde los presos estaban
930 437 1398 506 de cepos, y calabozos,
925 454 1519 553 les dí á todos puerta franca.
925 526 1420 597 Llevéme á mi Mercader
936 587 1519 639 donde su esposa lo aguarda,
933 622 1529 705 y despues que hubo llegado,
935 675 1407 750 me suplicó los llevára
936 731 1388 799 á Segovia; hicelo asi
947 769 1512 839 y despues que en una casa
951 820 1397 889 los dejé, me despedí.
942 851 1544 941 dandome el hombre por paga
950 915 1509 991 cien doblones, y los cuales
945 960 1469 1036 repartí á mis camaradas.
958 1029 1388 1056 Fuimos á Valladolid,
949 1043 1479 1139 y estando en una posada,
951 1110 1448 1184 uno de mis tres amigos
958 1158 1466 1231 supo cierto como daban
961 1197 1505 1282 cien pesos por mi cabeza;
957 1247 1479 1327 tambien que perdonaban
964 1307 1453 1360 los delitos á el que á mi
966 1318 1575 1419 vivo, ó muerto me entregára.
958 1396 1447 1472 Entró la codicia en él,
963 1415 1493 1516 y á los hermanos les daba
962 1480 1512 1569 cuenta del caso, y los tres
967 1539 1508 1615 cenvienen en que se haga.
970 1588 1466 1661 Hablaron al Presidente,
976 1635 1449 1711 el que le dió la palabra
978 1686 1487 1759 del perdon, y del dinero,
981 1731 1427 1806 y su falsedad armada,
982 1782 1442 1854 para lograr una noche
982 1829 1510 1902 quitaron todas las armas,
986 1874 1506 1954 pidieron la cena, y luego
988 1917 1581 1996 que me senté, oí que andaba
992 1972 1458 2046 por el patio del Meson
978 2029 1435 2094 ruido, por cuya causa
982 2054 1578 2142 fui á levantarme, y el chico,
985 2116 1520 2188 sin aguardar á mas nada,
984 2176 1520 2233 metió mano á una pistola,
991 2216 1470 2292 y por estar descebada,
993 2261 1606 2341 me apuntó, y no le dió fuégo;
999 2314 1506 2396 mas yo de una puñalada
