1765 2512
125 294 616 380 por los pechos lo partí,
129 358 644 429 diciendo, infame canalla,
122 409 560 481 amigos pocos leales,
136 451 704 525 ya os conozco de dos caras.
128 505 529 570 A los dos acometí,
130 552 607 622 y fue mi fortuna tanta,
130 589 726 676 que á los dos con el cuchillo
137 647 644 711 abrí puerta para el alma.
134 696 584 765 Alborotóse el Meson,
129 739 711 815 dán voces de que se matan;
143 791 669 857 cuando en un decir Jesus
138 837 570 910 se llenó toda la casa
134 896 711 960 de charpas, y de escopetas,
134 932 719 1006 de palos, porros, y espadas.
136 988 668 1055 Date á la Justicia, dicen;
140 1031 661 1100 pero yo de donde estaba
147 1074 760 1136 con las armas me hice fuerte,
143 1127 644 1196 y les di tan buena carda
146 1170 693 1245 que en el patio del Meson
139 1215 757 1295 mas de diez gritando estaban,
150 1275 762 1341 que les dén los Sacramentos,
155 1319 677 1390 por que sus vidas acaban.
139 1368 666 1439 Escapé con tres balazos,
149 1426 637 1488 y en una Villa cercana,
150 1465 568 1533 de secreto me curé.
147 1506 655 1595 Y sabiendo como estaba
842 261 1373 363 su Magestad en Zaragoza
844 332 1414 408 partí allá, y luego le daba
854 386 1425 455 al Conde de Aguilar cuenta
856 435 1361 501 de todo cuanto me pasa.
850 484 1393 555 Me apadrinó su Exelencia
854 516 1543 596 con el Rey, quien luego manda;
853 579 1351 649 que Capitan de Caballos
864 627 1391 693 en su Ejercito me hagan,
856 678 1337 755 para que escandalo sea
866 727 1441 796 de aquella gente Anglicana;
860 776 1259 841 de Catalanes azote,
862 812 1531 898 que sirviende al Rey de España;
869 862 1454 934 cualquiera merito es premio
867 914 1439 986 en quien la fortuna ampara:
863 967 1405 1035 tomando doctrina cuantos
868 1011 1416 1081 jaquetones nuestra España
871 1071 1410 1133 tiene, ha tenido, y tendrá,
875 1097 1476 1181 de los hechos, y arrogancías
871 1160 1451 1230 de Juan de Robles el guapo,
875 1206 1319 1266 su vida asi declarada,
871 1231 1443 1318 la verdad desnuda en todo,
871 1300 1405 1370 sin quitar, ni poner nada.
872 1353 1371 1418 Y aqui el Poeta suplica,
876 1400 1426 1460 que le perdonen las faltas,
870 1442 1510 1511 las que en los versos hubiere;
874 1498 1562 1576 que en Juan de Robles no hay nada.
733 1914 1043 1993 FIN.
671 2312 1092 2384 CARMONA:—1858.
245 2349 1517 2451 Imprenta de D. J. M. Moreno, calle Juan de la Cabra núm. 4.
