<?xml version="1.0" encoding="UTF-8" standalone="yes"?>
<PcGts xmlns="http://schema.primaresearch.org/PAGE/gts/pagecontent/2013-07-15" xmlns:xsi="http://www.w3.org/2001/XMLSchema-instance" xsi:schemaLocation="http://schema.primaresearch.org/PAGE/gts/pagecontent/2013-07-15 http://schema.primaresearch.org/PAGE/gts/pagecontent/2013-07-15/pagecontent.xsd">
    <Metadata>
        <Creator>prov=University of Rostock/Institute of Mathematics/CITlab|PLANET AI GmbH/Gundram Leifert/gundram.leifert@planet-ai.de:name=Pliegos de Cordel (XIXe) - v4(htr_id=27283)::::v=2.6.7
prov=University of Rostock/Institute of Mathematics/CITlab|PLANET AI GmbH/Tobias Gruening/tobias.gruening@planet-ai.de:name=de.uros.citlab.module.baseline2polygon.B2PSeamMultiOriented:v=2.6.7
prov=University of Rostock/Institute of Mathematics/CITlab|PLANET AI GmbH/Tobias Gruening/tobias.gruening@planet-ai.de:name=/net_tf/LA73_249_0mod360.pb:de.uros.citlab.segmentation.CITlab_LA_ML:v=2.6.7
Transkribus</Creator>
        <Created>2020-11-27T16:21:45.348+01:00</Created>
        <LastChange>2020-12-07T17:51:40.820+01:00</LastChange>
        <Comments>
                Measurement unit: pixel
                PrimaryLanguage: 
                Producer: Transkribus
            </Comments>
        <TranskribusMetadata docId="525366" pageId="22317739" pageNr="21" tsid="50170689" status="DONE" userId="66244" imgUrl="https://files.transkribus.eu/Get?id=HKRNWUSZRYMMTWBWMXFDVHYO&amp;fileType=view" xmlUrl="https://files.transkribus.eu/Get?id=XJKQDEEMMPQGSSYUHLLYFEON" imageId="17387262"/>
    </Metadata>
    <Page imageFilename="Moreno_068_1.jpg" imageWidth="1737" imageHeight="2508">
        <PrintSpace>
            <Coords points="0,0 1737,0 1737,2508 0,2508"/>
        </PrintSpace>
        <ReadingOrder>
            <OrderedGroup id="ro_1607435570521" caption="Regions reading order">
                <RegionRefIndexed index="0" regionRef="r_1_1"/>
                <RegionRefIndexed index="3" regionRef="r_3_1"/>
                <RegionRefIndexed index="4" regionRef="r_4_1"/>
                <RegionRefIndexed index="5" regionRef="r_5_1"/>
            </OrderedGroup>
        </ReadingOrder>
        <TextRegion orientation="0.0" type="paragraph" id="r_1_1" custom="readingOrder {index:0;}">
            <Coords points="1128,247 1389,247 1389,305 1128,305"/>
            <TextLine id="r_1_1l1" custom="readingOrder {index:0;}">
                <Coords points="1121,308 1158,319 1176,303 1208,317 1268,292 1305,293 1321,307 1348,303 1366,314 1392,311 1391,246 1327,249 1299,262 1263,257 1236,236 1212,251 1149,227 1119,235"/>
                <Baseline points="1129,295 1154,295 1179,295 1205,295 1230,294 1256,294 1281,293 1306,293 1332,292 1357,291 1383,291"/>
                <TextEquiv>
                    <Unicode>Número 81.</Unicode>
                </TextEquiv>
            </TextLine>
            <TextEquiv>
                <Unicode>Número 81.</Unicode>
            </TextEquiv>
        </TextRegion>
        <GraphicRegion id="r_2" custom="readingOrder {index:1;}">
            <Coords points="222,349 774,349 774,1031 222,1031"/>
        </GraphicRegion>
        <GraphicRegion id="Graphic_1606749586185_525" custom="readingOrder {index:2;}">
            <Coords points="959,1017 1422,1017 1422,407 959,407"/>
        </GraphicRegion>
        <TextRegion orientation="0.0" type="paragraph" id="r_3_1" custom="readingOrder {index:3;}">
            <Coords points="130,1061 1557,1061 1557,1335 130,1335"/>
            <TextLine id="r_3_1l1" custom="readingOrder {index:0;}">
                <Coords points="261,1194 1340,1176 1428,1156 1427,1100 259,1109"/>
                <Baseline points="269,1173 326,1173 384,1173 441,1172 499,1172 556,1171 614,1169 671,1168 729,1167 786,1165 844,1164 901,1162 959,1161 1016,1159 1074,1158 1131,1157 1189,1155 1246,1154 1304,1153 1361,1152 1419,1151"/>
                <TextEquiv>
                    <Unicode>JUAN DE ROBLES.</Unicode>
                </TextEquiv>
            </TextLine>
            <TextLine id="r_3_1l2" custom="readingOrder {index:1;}">
                <Coords points="122,1304 1515,1269 1559,1264 1558,1181 1248,1227 120,1212"/>
                <Baseline points="131,1273 205,1271 280,1269 355,1267 429,1266 504,1264 579,1262 653,1261 728,1259 803,1257 877,1256 952,1254 1027,1253 1101,1251 1176,1250 1251,1248 1325,1247 1400,1245 1475,1243 1550,1242"/>
                <TextEquiv>
                    <Unicode>Dáse cuenta de los valerosos, y espantables hechos, y asombrosas</Unicode>
                </TextEquiv>
            </TextLine>
            <TextLine id="r_3_1l3" custom="readingOrder {index:2;}">
                <Coords points="467,1334 993,1311 1021,1337 1075,1309 1222,1313 1222,1276 1157,1254 712,1288 666,1266 465,1274"/>
                <Baseline points="475,1316 511,1316 548,1315 585,1314 622,1314 659,1313 696,1312 733,1311 770,1310 807,1309 844,1309 880,1308 917,1307 954,1306 991,1306 1028,1305 1065,1304 1102,1303 1139,1303 1176,1302 1213,1301"/>
                <TextEquiv>
                    <Unicode>hazañas de este valeroso Mancebo.</Unicode>
                </TextEquiv>
            </TextLine>
            <TextEquiv>
                <Unicode>JUAN DE ROBLES.
Dáse cuenta de los valerosos, y espantables hechos, y asombrosas
hazañas de este valeroso Mancebo.</Unicode>
            </TextEquiv>
        </TextRegion>
        <TextRegion orientation="0.0" type="paragraph" id="r_4_1" custom="readingOrder {index:4;}">
            <Coords points="136,1418 802,1418 802,2411 136,2411"/>
            <TextLine id="r_4_1l1" custom="readingOrder {index:0;}">
                <Coords points="181,1486 324,1470 353,1486 386,1471 662,1479 673,1417 583,1435 474,1417 451,1432 417,1413 389,1432 322,1433 270,1407 179,1404"/>
                <Baseline points="189,1471 214,1471 239,1471 264,1471 289,1470 314,1470 339,1469 364,1469 389,1468 414,1467 439,1467 464,1466 489,1465 514,1465 539,1464 564,1464 589,1463 614,1463 639,1463 665,1463"/>
                <TextEquiv>
                    <Unicode>Toque su clarin sonoro</Unicode>
                </TextEquiv>
            </TextLine>
            <TextLine id="r_4_1l2" custom="readingOrder {index:1;}">
                <Coords points="138,1536 180,1537 203,1517 264,1532 356,1519 390,1545 416,1521 665,1527 664,1475 438,1486 387,1471 353,1486 324,1470 137,1490"/>
                <Baseline points="146,1522 171,1522 196,1521 222,1520 247,1519 273,1518 298,1518 324,1517 349,1517 375,1516 400,1515 425,1515 451,1514 476,1514 502,1513 527,1513 553,1513 578,1512 604,1512 629,1512 655,1512"/>
                <TextEquiv>
                    <Unicode>en los dos polos la fama;</Unicode>
                </TextEquiv>
            </TextLine>
            <TextLine id="r_4_1l3" custom="readingOrder {index:2;}">
                <Coords points="142,1590 262,1571 745,1573 744,1513 416,1522 374,1548 278,1523 141,1540"/>
                <Baseline points="151,1569 180,1569 209,1569 238,1568 268,1568 297,1568 326,1567 356,1566 385,1565 414,1565 444,1564 473,1563 502,1562 531,1561 561,1560 590,1560 619,1560 649,1560 678,1560 707,1561 737,1562"/>
                <TextEquiv>
                    <Unicode>por Reinos, y por Provincias,</Unicode>
                </TextEquiv>
            </TextLine>
            <TextLine id="r_4_1l4" custom="readingOrder {index:3;}">
                <Coords points="130,1620 175,1634 329,1611 349,1629 718,1624 717,1578 676,1568 130,1585"/>
                <Baseline points="139,1617 167,1617 196,1617 224,1616 253,1616 281,1615 310,1614 338,1613 367,1613 395,1612 424,1611 452,1611 481,1610 509,1609 538,1609 566,1609 595,1608 623,1608 652,1609 680,1609 709,1610"/>
                <TextEquiv>
                    <Unicode>mientras mi lengua declara</Unicode>
                </TextEquiv>
            </TextLine>
            <TextLine id="r_4_1l5" custom="readingOrder {index:4;}">
                <Coords points="137,1673 192,1686 321,1668 341,1684 392,1667 588,1674 669,1665 669,1644 619,1620 532,1628 517,1615 496,1629 331,1618 136,1631"/>
                <Baseline points="146,1665 171,1665 197,1664 223,1664 249,1663 274,1663 300,1662 326,1662 352,1661 377,1661 403,1660 429,1660 455,1659 480,1658 506,1658 532,1657 558,1657 583,1657 609,1657 635,1656 661,1656"/>
                <TextEquiv>
                    <Unicode>los hechos, las valentias,</Unicode>
                </TextEquiv>
            </TextLine>
            <TextLine id="r_4_1l6" custom="readingOrder {index:5;}">
                <Coords points="143,1728 214,1711 290,1730 380,1714 404,1730 430,1713 509,1728 593,1710 686,1717 685,1653 603,1675 316,1670 211,1688 142,1673"/>
                <Baseline points="152,1714 178,1713 204,1712 230,1712 256,1711 283,1711 309,1710 335,1710 361,1709 387,1709 414,1708 440,1708 466,1707 492,1707 518,1707 545,1706 571,1705 597,1705 623,1704 649,1703 676,1702"/>
                <TextEquiv>
                    <Unicode>los arrojos, y arrogancias</Unicode>
                </TextEquiv>
            </TextLine>
            <TextLine id="r_4_1l7" custom="readingOrder {index:6;}">
                <Coords points="147,1774 301,1765 367,1787 482,1758 520,1777 576,1758 685,1770 702,1763 701,1715 247,1730 213,1711 146,1727"/>
                <Baseline points="156,1762 182,1761 209,1761 236,1760 263,1760 290,1759 317,1758 344,1757 371,1757 398,1756 425,1755 451,1755 478,1754 505,1754 532,1754 559,1753 586,1753 613,1753 640,1753 667,1754 694,1754"/>
                <TextEquiv>
                    <Unicode>del mancebo mas gallardo,</Unicode>
                </TextEquiv>
            </TextLine>
            <TextLine id="r_4_1l8" custom="readingOrder {index:7;}">
                <Coords points="141,1817 250,1826 303,1809 338,1826 427,1800 470,1826 505,1806 624,1821 727,1807 726,1766 705,1760 396,1770 366,1789 320,1770 140,1775"/>
                <Baseline points="150,1809 178,1809 206,1808 235,1808 263,1808 292,1807 320,1806 348,1806 377,1805 405,1804 434,1803 462,1803 490,1802 519,1801 547,1801 576,1801 604,1801 632,1801 661,1801 689,1801 718,1802"/>
                <TextEquiv>
                    <Unicode>que jamas se vió en España.</Unicode>
                </TextEquiv>
            </TextLine>
            <TextLine id="r_4_1l9" custom="readingOrder {index:8;}">
                <Coords points="143,1871 535,1849 632,1856 661,1880 689,1857 719,1863 719,1808 142,1817"/>
                <Baseline points="152,1858 181,1857 210,1857 240,1856 269,1855 299,1855 328,1854 357,1853 387,1853 416,1852 446,1851 475,1851 505,1851 534,1850 563,1850 593,1850 622,1850 652,1850 681,1850 711,1850"/>
                <TextEquiv>
                    <Unicode>No es Bernardo, ni Rodrigo,</Unicode>
                </TextEquiv>
            </TextLine>
            <TextLine id="r_4_1l10" custom="readingOrder {index:9;}">
                <Coords points="146,1915 478,1902 540,1921 567,1904 648,1915 671,1904 671,1879 534,1848 431,1873 413,1855 250,1878 232,1862 145,1872"/>
                <Baseline points="155,1905 180,1905 205,1905 231,1904 256,1904 282,1903 307,1903 332,1902 358,1902 383,1901 409,1900 434,1900 459,1899 485,1899 510,1898 536,1898 561,1898 586,1898 612,1898 637,1898 663,1899"/>
                <TextEquiv>
                    <Unicode>ni el Castellano Mudarra,</Unicode>
                </TextEquiv>
            </TextLine>
            <TextLine id="r_4_1l11" custom="readingOrder {index:10;}">
                <Coords points="145,1964 170,1973 236,1957 294,1970 363,1948 385,1965 468,1953 497,1963 518,1950 578,1965 592,1959 591,1903 542,1921 478,1901 288,1919 144,1909"/>
                <Baseline points="153,1953 178,1953 203,1952 228,1952 254,1951 279,1951 304,1950 330,1949 355,1949 380,1948 405,1948 431,1947 456,1947 481,1947 507,1946 532,1946 557,1946 583,1946"/>
                <TextEquiv>
                    <Unicode>ni Puntas el Ecijano,</Unicode>
                </TextEquiv>
            </TextLine>
            <TextLine id="r_4_1l12" custom="readingOrder {index:11;}">
                <Coords points="146,2020 419,2010 440,1995 503,2014 582,2000 622,2017 632,1982 594,1959 521,1950 484,1965 416,1953 365,1972 344,1956 317,1971 218,1956 145,1965"/>
                <Baseline points="155,2003 181,2002 207,2002 233,2001 259,2001 285,2000 311,1999 337,1998 363,1998 389,1997 415,1996 441,1996 467,1995 493,1995 519,1995 545,1996 571,1996 597,1997 623,1998"/>
                <TextEquiv>
                    <Unicode>ni Afanador el de fama,</Unicode>
                </TextEquiv>
            </TextLine>
            <TextLine id="r_4_1l13" custom="readingOrder {index:12;}">
                <Coords points="151,2069 183,2056 209,2067 609,2049 608,2005 576,2000 493,2014 441,1995 414,2015 295,2005 274,2018 191,2008 150,2021"/>
                <Baseline points="160,2050 185,2050 211,2049 237,2049 263,2049 289,2048 314,2047 340,2047 366,2046 392,2046 418,2045 444,2044 469,2044 495,2044 521,2044 547,2044 573,2044 599,2045"/>
                <TextEquiv>
                    <Unicode>ni Cantarote soberbio,</Unicode>
                </TextEquiv>
            </TextLine>
            <TextLine id="r_4_1l14" custom="readingOrder {index:13;}">
                <Coords points="150,2114 358,2094 518,2112 663,2091 708,2109 745,2092 744,2049 687,2038 517,2055 485,2075 412,2049 375,2066 150,2069"/>
                <Baseline points="159,2098 187,2098 216,2097 245,2097 274,2096 303,2096 332,2095 360,2094 389,2094 418,2093 447,2093 476,2092 505,2092 534,2091 562,2091 591,2091 620,2091 649,2090 678,2090 707,2090 736,2090"/>
                <TextEquiv>
                    <Unicode>ni este Arevalo, que alaban,</Unicode>
                </TextEquiv>
            </TextLine>
            <TextLine id="r_4_1l15" custom="readingOrder {index:14;}">
                <Coords points="147,2151 569,2156 637,2137 763,2161 788,2157 787,2098 146,2112"/>
                <Baseline points="155,2145 186,2145 217,2145 248,2144 279,2144 311,2143 342,2143 373,2142 404,2142 435,2141 467,2140 498,2140 529,2139 560,2139 591,2138 623,2138 654,2138 685,2138 716,2138 747,2138 779,2139"/>
                <TextEquiv>
                    <Unicode>no Agustin Florencio el fuerte,</Unicode>
                </TextEquiv>
            </TextLine>
            <TextLine id="r_4_1l16" custom="readingOrder {index:15;}">
                <Coords points="146,2199 254,2210 350,2191 444,2208 511,2185 538,2203 687,2188 739,2202 738,2152 713,2145 443,2147 415,2165 145,2157"/>
                <Baseline points="154,2192 182,2192 211,2192 240,2192 269,2192 297,2191 326,2191 355,2190 384,2190 412,2189 441,2189 470,2188 499,2188 527,2187 556,2187 585,2186 614,2186 642,2186 671,2186 700,2186 729,2186"/>
                <TextEquiv>
                    <Unicode>ni menos los que campaban,</Unicode>
                </TextEquiv>
            </TextLine>
            <TextLine id="r_4_1l17" custom="readingOrder {index:16;}">
                <Coords points="163,2252 610,2238 742,2259 741,2207 702,2190 647,2207 561,2194 540,2210 473,2193 448,2208 162,2201"/>
                <Baseline points="171,2239 199,2240 227,2240 255,2240 283,2240 311,2240 339,2239 367,2239 395,2238 423,2237 451,2237 479,2236 507,2235 535,2235 563,2234 591,2234 619,2234 647,2234 675,2235 703,2235 732,2236"/>
                <TextEquiv>
                    <Unicode>Venet, y Francisco Estevan,</Unicode>
                </TextEquiv>
            </TextLine>
            <TextLine id="r_4_1l18" custom="readingOrder {index:17;}">
                <Coords points="160,2303 268,2303 282,2290 375,2303 422,2291 442,2305 474,2289 488,2303 557,2289 612,2301 625,2297 624,2249 446,2240 392,2257 264,2248 251,2261 189,2244 159,2261"/>
                <Baseline points="168,2292 194,2291 220,2289 247,2288 273,2288 299,2287 326,2286 352,2286 378,2286 405,2286 431,2285 457,2285 484,2285 510,2284 536,2284 563,2283 589,2283 616,2282"/>
                <TextEquiv>
                    <Unicode>ni los doce de la fama:</Unicode>
                </TextEquiv>
            </TextLine>
            <TextLine id="r_4_1l19" custom="readingOrder {index:18;}">
                <Coords points="163,2359 244,2342 299,2355 361,2333 425,2352 693,2349 729,2338 728,2277 593,2304 558,2288 540,2303 473,2289 443,2304 162,2306"/>
                <Baseline points="171,2334 198,2335 225,2336 253,2337 280,2337 308,2337 335,2336 362,2336 390,2335 417,2334 445,2333 472,2332 499,2331 527,2330 554,2330 582,2330 609,2330 636,2330 664,2331 691,2333 719,2335"/>
                <TextEquiv>
                    <Unicode>y por que sepais quien soy,</Unicode>
                </TextEquiv>
            </TextLine>
            <TextLine id="r_4_1l20" custom="readingOrder {index:19;}">
                <Coords points="164,2412 229,2391 260,2414 297,2393 334,2404 430,2391 464,2416 538,2402 609,2415 650,2391 649,2334 543,2352 484,2341 378,2357 333,2341 163,2358"/>
                <Baseline points="172,2388 198,2388 224,2388 250,2388 276,2387 302,2387 328,2386 354,2386 380,2385 406,2385 432,2384 458,2384 484,2383 510,2383 536,2382 562,2382 588,2382 614,2382 641,2382"/>
                <TextEquiv>
                    <Unicode>diré primero mi patria.</Unicode>
                </TextEquiv>
            </TextLine>
            <TextEquiv>
                <Unicode>Toque su clarin sonoro
en los dos polos la fama;
por Reinos, y por Provincias,
mientras mi lengua declara
los hechos, las valentias,
los arrojos, y arrogancias
del mancebo mas gallardo,
que jamas se vió en España.
No es Bernardo, ni Rodrigo,
ni el Castellano Mudarra,
ni Puntas el Ecijano,
ni Afanador el de fama,
ni Cantarote soberbio,
ni este Arevalo, que alaban,
no Agustin Florencio el fuerte,
ni menos los que campaban,
Venet, y Francisco Estevan,
ni los doce de la fama:
y por que sepais quien soy,
diré primero mi patria.</Unicode>
            </TextEquiv>
        </TextRegion>
        <TextRegion orientation="0.0" type="paragraph" id="r_5_1" custom="readingOrder {index:5;}">
            <Coords points="844,1401 1564,1401 1564,2395 844,2395"/>
            <TextLine id="r_5_1l1" custom="readingOrder {index:0;}">
                <Coords points="858,1476 1154,1457 1187,1470 1234,1449 1412,1464 1410,1406 1353,1393 1311,1414 1273,1393 1199,1422 1092,1398 1011,1424 988,1410 917,1430 857,1419"/>
                <Baseline points="866,1460 892,1459 919,1458 946,1457 973,1456 1000,1456 1026,1455 1053,1454 1080,1454 1107,1453 1134,1452 1160,1452 1187,1451 1214,1451 1241,1450 1268,1449 1294,1448 1321,1447 1348,1446 1375,1446 1402,1444"/>
                <TextEquiv>
                    <Unicode>En Carrion de los Condes</Unicode>
                </TextEquiv>
            </TextLine>
            <TextLine id="r_5_1l2" custom="readingOrder {index:1;}">
                <Coords points="857,1519 990,1523 1015,1506 1186,1524 1269,1499 1422,1512 1482,1503 1481,1452 856,1478"/>
                <Baseline points="866,1507 896,1506 926,1506 957,1505 987,1505 1017,1504 1048,1503 1078,1502 1108,1502 1139,1501 1169,1500 1199,1499 1230,1498 1260,1498 1290,1497 1321,1497 1351,1496 1381,1496 1412,1495 1442,1495 1473,1495"/>
                <TextEquiv>
                    <Unicode>nací, y aunque pobre en casa,</Unicode>
                </TextEquiv>
            </TextLine>
            <TextLine id="r_5_1l3" custom="readingOrder {index:2;}">
                <Coords points="856,1564 918,1573 987,1558 1018,1571 1044,1558 1096,1573 1156,1550 1209,1567 1333,1548 1332,1507 1263,1516 1235,1504 1185,1523 1144,1510 1065,1535 1032,1510 988,1524 855,1518"/>
                <Baseline points="865,1553 890,1554 916,1554 941,1554 967,1554 992,1554 1018,1553 1043,1552 1069,1551 1095,1550 1120,1549 1146,1549 1171,1548 1197,1547 1222,1547 1248,1546 1273,1546 1299,1546 1325,1546"/>
                <TextEquiv>
                    <Unicode>hijodalgo, pero pobre,</Unicode>
                </TextEquiv>
            </TextLine>
            <TextLine id="r_5_1l4" custom="readingOrder {index:3;}">
                <Coords points="856,1604 990,1623 1036,1602 1077,1619 1116,1602 1480,1603 1479,1556 1446,1549 1147,1572 856,1564"/>
                <Baseline points="865,1602 895,1602 925,1601 955,1601 986,1600 1016,1600 1046,1599 1076,1598 1107,1598 1137,1597 1167,1596 1197,1595 1228,1595 1258,1594 1288,1594 1318,1593 1349,1592 1379,1592 1409,1591 1439,1590 1470,1590"/>
                <TextEquiv>
                    <Unicode>borron feo en cualquier casa.</Unicode>
                </TextEquiv>
            </TextLine>
            <TextLine id="r_5_1l5" custom="readingOrder {index:4;}">
                <Coords points="863,1655 1036,1666 1243,1647 1283,1664 1328,1646 1401,1650 1400,1609 1326,1600 1221,1615 1155,1601 1074,1623 1031,1609 987,1625 862,1608"/>
                <Baseline points="872,1651 898,1651 924,1650 950,1650 976,1650 1002,1649 1028,1649 1054,1648 1080,1647 1106,1646 1132,1646 1158,1645 1184,1644 1210,1643 1236,1642 1262,1642 1288,1641 1314,1641 1340,1640 1366,1640 1393,1640"/>
                <TextEquiv>
                    <Unicode>Crieme hasta tres lustros,</Unicode>
                </TextEquiv>
            </TextLine>
            <TextLine id="r_5_1l6" custom="readingOrder {index:5;}">
                <Coords points="869,1716 934,1702 1133,1716 1294,1692 1398,1702 1396,1649 867,1661"/>
                <Baseline points="878,1697 903,1697 929,1697 954,1697 980,1697 1005,1697 1031,1697 1056,1696 1082,1695 1107,1694 1133,1694 1158,1693 1184,1692 1209,1691 1235,1690 1260,1690 1286,1689 1311,1688 1337,1688 1362,1688 1388,1688"/>
                <TextEquiv>
                    <Unicode>y viendo mi padre estaba</Unicode>
                </TextEquiv>
            </TextLine>
            <TextLine id="r_5_1l7" custom="readingOrder {index:6;}">
                <Coords points="863,1757 1426,1751 1425,1705 1311,1693 1281,1710 1210,1696 1033,1721 972,1703 862,1716"/>
                <Baseline points="871,1749 898,1748 925,1747 952,1746 980,1746 1007,1745 1034,1744 1062,1743 1089,1742 1116,1742 1144,1741 1171,1740 1198,1740 1225,1739 1253,1738 1280,1738 1307,1738 1335,1737 1362,1737 1389,1737 1417,1737"/>
                <TextEquiv>
                    <Unicode>tullido, compré un caballo,</Unicode>
                </TextEquiv>
            </TextLine>
            <TextLine id="r_5_1l8" custom="readingOrder {index:7;}">
                <Coords points="863,1805 936,1815 973,1795 1093,1794 1189,1809 1313,1792 1347,1806 1370,1791 1424,1805 1423,1750 862,1759"/>
                <Baseline points="871,1795 898,1794 925,1794 952,1793 979,1793 1007,1792 1034,1791 1061,1790 1088,1789 1115,1789 1143,1788 1170,1788 1197,1787 1224,1787 1251,1786 1279,1786 1306,1786 1333,1786 1360,1787 1387,1787 1415,1789"/>
                <TextEquiv>
                    <Unicode>dí en traer algunas cargas,</Unicode>
                </TextEquiv>
            </TextLine>
            <TextLine id="r_5_1l9" custom="readingOrder {index:8;}">
                <Coords points="868,1851 1072,1857 1113,1843 1150,1857 1299,1839 1346,1854 1365,1852 1364,1806 1270,1792 1254,1807 1062,1811 971,1795 936,1815 867,1813"/>
                <Baseline points="876,1844 901,1843 926,1842 951,1841 976,1840 1002,1840 1027,1839 1052,1839 1077,1838 1102,1837 1128,1837 1153,1836 1178,1836 1203,1835 1228,1835 1254,1835 1279,1834 1304,1834 1329,1833 1355,1833"/>
                <TextEquiv>
                    <Unicode>con lo que me mantenia</Unicode>
                </TextEquiv>
            </TextLine>
            <TextLine id="r_5_1l10" custom="readingOrder {index:9;}">
                <Coords points="867,1903 975,1909 1071,1883 1107,1903 1357,1892 1356,1853 1306,1841 866,1864"/>
                <Baseline points="875,1891 901,1890 927,1889 953,1889 979,1888 1006,1887 1032,1887 1058,1886 1084,1886 1111,1885 1137,1885 1163,1885 1189,1884 1215,1884 1242,1883 1268,1883 1294,1882 1320,1882 1347,1881"/>
                <TextEquiv>
                    <Unicode>sin quitar á nadie nada:</Unicode>
                </TextEquiv>
            </TextLine>
            <TextLine id="r_5_1l11" custom="readingOrder {index:10;}">
                <Coords points="871,1951 1061,1940 1196,1955 1270,1936 1338,1949 1337,1892 1250,1890 1206,1909 1143,1892 1108,1904 1081,1888 975,1910 870,1900"/>
                <Baseline points="880,1940 906,1938 932,1938 959,1937 985,1936 1012,1935 1038,1935 1064,1934 1091,1934 1117,1934 1144,1933 1170,1933 1196,1933 1223,1932 1249,1931 1276,1930 1302,1930 1329,1929"/>
                <TextEquiv>
                    <Unicode>Pasé á Bilbao, y en él</Unicode>
                </TextEquiv>
            </TextLine>
            <TextLine id="r_5_1l12" custom="readingOrder {index:11;}">
                <Coords points="869,1989 924,2008 993,1990 1061,2002 1087,1985 1137,2000 1190,1980 1253,1998 1435,1988 1434,1935 1374,1929 1293,1950 1216,1940 1197,1959 1124,1938 869,1957"/>
                <Baseline points="878,1987 905,1986 932,1986 960,1985 987,1985 1015,1984 1042,1983 1070,1983 1097,1982 1125,1982 1152,1981 1179,1981 1207,1980 1234,1980 1262,1979 1289,1979 1317,1979 1344,1978 1372,1978 1399,1978 1427,1978"/>
                <TextEquiv>
                    <Unicode>de Tabaco hice una carga,</Unicode>
                </TextEquiv>
            </TextLine>
            <TextLine id="r_5_1l13" custom="readingOrder {index:12;}">
                <Coords points="878,2044 1442,2044 1508,2028 1507,1969 1438,1994 1331,1982 1260,2000 1191,1980 1138,2001 877,2006"/>
                <Baseline points="887,2037 917,2036 948,2035 978,2033 1009,2032 1039,2031 1070,2031 1100,2030 1131,2029 1161,2029 1192,2028 1223,2028 1253,2027 1284,2026 1314,2026 1345,2025 1375,2025 1406,2024 1436,2024 1467,2023 1498,2022"/>
                <TextEquiv>
                    <Unicode>cuando á este tiempo llegaron</Unicode>
                </TextEquiv>
            </TextLine>
            <TextLine id="r_5_1l14" custom="readingOrder {index:13;}">
                <Coords points="871,2092 1061,2097 1135,2081 1269,2098 1300,2081 1380,2085 1380,2055 1337,2038 1193,2035 1173,2048 1157,2034 1124,2051 1099,2038 925,2055 870,2044"/>
                <Baseline points="879,2085 904,2084 930,2083 956,2083 982,2082 1008,2081 1034,2080 1060,2080 1086,2079 1112,2078 1137,2078 1163,2077 1189,2077 1215,2076 1241,2076 1267,2075 1293,2075 1319,2075 1345,2075 1371,2075"/>
                <TextEquiv>
                    <Unicode>los Perez de Salamanca,</Unicode>
                </TextEquiv>
            </TextLine>
            <TextLine id="r_5_1l15" custom="readingOrder {index:14;}">
                <Coords points="882,2152 948,2144 967,2124 994,2148 1031,2131 1141,2147 1161,2130 1184,2144 1264,2126 1436,2144 1435,2086 1412,2081 881,2094"/>
                <Baseline points="890,2132 916,2132 943,2131 970,2130 997,2130 1024,2129 1050,2128 1077,2128 1104,2127 1131,2126 1158,2125 1184,2125 1211,2124 1238,2124 1265,2123 1292,2123 1318,2122 1345,2122 1372,2122 1399,2122 1426,2122"/>
                <TextEquiv>
                    <Unicode>que trataban en lo mismo,</Unicode>
                </TextEquiv>
            </TextLine>
            <TextLine id="r_5_1l16" custom="readingOrder {index:15;}">
                <Coords points="879,2178 1116,2194 1174,2178 1295,2190 1371,2175 1370,2141 1297,2128 1184,2144 1161,2132 1138,2147 1114,2131 992,2146 969,2127 948,2145 879,2145"/>
                <Baseline points="888,2176 914,2176 940,2177 967,2177 993,2177 1019,2177 1046,2177 1072,2176 1098,2176 1125,2175 1151,2174 1177,2173 1204,2172 1230,2172 1256,2171 1283,2171 1309,2170 1335,2170 1362,2170"/>
                <TextEquiv>
                    <Unicode>y asi la vida buscaban.</Unicode>
                </TextEquiv>
            </TextLine>
            <TextLine id="r_5_1l17" custom="readingOrder {index:16;}">
                <Coords points="881,2241 1101,2229 1241,2241 1395,2220 1394,2175 1373,2172 1269,2197 1185,2180 1112,2201 1023,2183 880,2192"/>
                <Baseline points="890,2228 916,2227 942,2226 968,2226 994,2225 1020,2224 1046,2223 1073,2223 1099,2222 1125,2221 1151,2221 1177,2220 1203,2220 1230,2219 1256,2219 1282,2218 1308,2218 1334,2218 1360,2218 1387,2218"/>
                <TextEquiv>
                    <Unicode>Hicieronse amigos mios,</Unicode>
                </TextEquiv>
            </TextLine>
            <TextLine id="r_5_1l18" custom="readingOrder {index:17;}">
                <Coords points="887,2295 1409,2266 1560,2290 1558,2208 1523,2232 1427,2214 1383,2235 886,2238"/>
                <Baseline points="895,2277 927,2276 960,2275 993,2274 1026,2273 1059,2272 1091,2271 1124,2270 1157,2269 1190,2268 1223,2268 1255,2267 1288,2267 1321,2266 1354,2266 1386,2265 1419,2265 1452,2265 1485,2265 1518,2266 1551,2267"/>
                <TextEquiv>
                    <Unicode>y despues que hacen sus cargas;</Unicode>
                </TextEquiv>
            </TextLine>
            <TextLine id="r_5_1l19" custom="readingOrder {index:18;}">
                <Coords points="882,2343 960,2324 1012,2342 1139,2316 1170,2333 1331,2333 1409,2320 1408,2271 881,2295"/>
                <Baseline points="891,2325 916,2324 942,2323 967,2323 993,2322 1018,2321 1044,2321 1069,2320 1095,2319 1120,2319 1146,2318 1171,2318 1197,2317 1222,2317 1248,2316 1273,2316 1299,2315 1324,2315 1350,2314 1375,2313 1401,2313"/>
                <TextEquiv>
                    <Unicode>nos salimos todos cuatro</Unicode>
                </TextEquiv>
            </TextLine>
            <TextLine id="r_5_1l20" custom="readingOrder {index:19;}">
                <Coords points="883,2383 918,2397 1135,2378 1183,2395 1244,2371 1438,2385 1451,2322 1246,2335 1139,2318 1116,2338 1068,2326 990,2342 967,2326 882,2342"/>
                <Baseline points="892,2374 919,2373 947,2373 974,2373 1002,2373 1029,2372 1057,2372 1084,2371 1112,2371 1139,2370 1167,2369 1195,2369 1222,2368 1250,2368 1277,2367 1305,2367 1332,2366 1360,2365 1387,2365 1415,2364 1443,2363"/>
                <TextEquiv>
                    <Unicode>en buen amor, y compaña.</Unicode>
                </TextEquiv>
            </TextLine>
            <TextEquiv>
                <Unicode>En Carrion de los Condes
nací, y aunque pobre en casa,
hijodalgo, pero pobre,
borron feo en cualquier casa.
Crieme hasta tres lustros,
y viendo mi padre estaba
tullido, compré un caballo,
dí en traer algunas cargas,
con lo que me mantenia
sin quitar á nadie nada:
Pasé á Bilbao, y en él
de Tabaco hice una carga,
cuando á este tiempo llegaron
los Perez de Salamanca,
que trataban en lo mismo,
y asi la vida buscaban.
Hicieronse amigos mios,
y despues que hacen sus cargas;
nos salimos todos cuatro
en buen amor, y compaña.</Unicode>
            </TextEquiv>
        </TextRegion>
    </Page>
</PcGts>
