1600 2408
124 173 588 214 Demos mil gracias á Dios
132 221 568 265 por tan grande beneficio;
138 271 578 311 quedaron los dos esposos
132 319 644 366 de amor de Dios encendidos,
124 367 566 412 la Vírgen en su oracion,
126 417 583 459 José volvió á su ejercicio.
124 464 590 508 La Vírgen le dijo un dia:
128 514 564 557 bien sabeis, esposo mio,
130 564 658 607 que tenemos mucha hacienda,
128 613 552 654 y asi Señor, os suplico,
126 660 596 702 la repartáis en tres partes,
120 706 678 751 una al templo en que he vivido
126 754 570 796 la enviaréis porque sirva
118 803 578 850 á Dios, y al culto Divino,
116 852 487 893 la otra la repartiréis
124 902 586 947 entre los pobres de Cristo,
126 950 472 990 la otra conservaréis
128 1003 552 1041 para el sustento preciso.
123 1051 501 1085 Quedó admirado José
120 1099 630 1138 y á su esposa ha respondido:
118 1145 536 1186 Bendita sea quien tiene
120 1194 572 1236 pensamientos tan divinos,
120 1242 560 1285 haré lo que me ordenais,
120 1290 548 1333 que si me fuere preciso,
118 1340 578 1383 para haber de sustentaros,
117 1387 470 1429 ejercitaré mi oficio.
108 1437 560 1477 Estando un dia la Vírgen
119 1485 488 1525 ocupada en su retiro
120 1532 490 1576 leyendo las profecias,
116 1582 500 1622 en que Isaías ha dicho
114 1630 532 1675 concebirá una doncella,
116 1679 520 1724 parirá al Verbo Divino,
112 1728 524 1771 hincándose de rodillas,
109 1775 531 1819 de aquesta manera dijo:
120 1827 616 1869 Quien será aquesta doncella?
112 1875 596 1917 Quien la hubiera conocido,
102 1924 538 1966 para ponerme á sus pies,
103 1973 505 2010 y acudir á su servicio?
108 2021 580 2061 Diciendo aquestas palabras,
109 2067 551 2109 vido entrar un paraninfo
108 2118 592 2161 en la forma de un mancebo,
100 2168 542 2209 dispuesto, bien parecido,
102 2216 542 2258 con una diadema de oro,
95 2269 511 2303 y un rozagante vestido
102 2316 543 2354 con una Cruz en el pecho
1398 141 1430 177 3
846 182 1244 223 engastada en oro fino,
850 232 1284 272 de Angeles acompañado,
848 281 1258 320 y con voz clara le dijo:
846 328 1228 368 Maria llena de gracia,
846 376 1222 416 el Señor está contigo:
840 426 1272 465 Yo soy el Angel Gabriel,
843 475 1368 514 que vengo del Cielo Empíreo;
844 522 1226 562 á traer una embajada,
841 571 1328 610 que os envia el Rey Divino.
832 619 1252 657 Sabed, que concebireis
832 670 1300 708 y habeis de parír un hijo,
844 718 1260 754 que en la casa de Jacob
831 765 1265 805 reinará en eternos siglos.
842 814 1294 855 Quedó turbada la Vírgen,
833 865 1369 901 y á el Angel le ha respondido:
836 911 1228 953 Yo no conozco varon,
836 961 1270 1000 ni nunca lo he conocido,
832 1008 1295 1047 cómo tengo de ser Madre?
829 1057 1197 1095 el Angel la satisfizo:
830 1105 1351 1145 No hay nada imposible á Dios
832 1152 1226 1194 que el Espíritu Divino,
833 1201 1300 1244 vendrá sobre Vos, Señora,
828 1254 1262 1290 y la virtud del Altísimo
827 1301 1338 1341 te tiene de hacer la sombra.
828 1349 1342 1388 Muy humilde ha respondido:
823 1398 1356 1438 Aquí está una esclava vuestra.
823 1447 1280 1487 Al pronunciar este Fiádl,
821 1493 1146 1534 el Espíritu Divino,
824 1542 1218 1581 de su purísima sangre
820 1591 1322 1635 formó un cuerpo pequeñito,
826 1640 1316 1683 creó un alma muy perfecta,
820 1693 1304 1730 y la infundió en este niño,
820 1738 1274 1780 bajó del seno del Padre,
822 1786 1370 1829 el Verbo, y con él se ha unido,
822 1836 1286 1876 quedó el vientre de María
820 1882 1386 1925 mas puro que el Cielo Empíreo.
821 1931 1310 1972 Diez mil Angeles custodios
826 1980 1307 2023 para su guarda han venido.
831 2027 1196 2070 Visitó á Santa Isabel,
818 2078 1258 2119 luego que á su casa vino,
813 2126 1155 2165 reparó un dia José
821 2177 1331 2215 que el vientre estaba crecido
824 2224 1260 2264 de su esposa, y asustado
824 2272 1196 2313 decía consigo mismo:
820 2321 1236 2366 Inmenso Dios de Israel,
