1871 2645
370 200 402 234 4
250 250 760 287 Señor, qué es esto que miro?
246 298 659 337 Mi esposa veo preñada.
243 346 736 385 Estoy despierto ó dormido?
243 395 674 434 Si los dos hicimos Voto,
250 444 713 481 de Castidad, y hemos sido
248 492 720 531 fieles en su cumplimiento,
250 542 726 578 Señor, esto como ha sido?
257 591 779 627 Que es esto que por mí pasa?
241 641 800 676 Mas que pienso, mas qué veo?
243 687 662 726 Yo sospechas en Maria,
241 737 750 773 no siendo tan puro y limpio
251 784 740 822 el Sol con sus claros rayos!
249 834 775 871 Aquí hay misterio escondido.
248 881 672 917 Si hay misterio no lo sé
250 932 784 968 ni mi Esposa me lo ha dicho.
255 979 769 1018 Quiero ausentarme y dejarla,
245 1030 667 1068 y por no ser conocido,,
248 1080 695 1111 me retiraré á un desierto
251 1126 667 1161 con oracion y ejercicio;
245 1174 722 1211 rogaré á Dios la defienda
243 1223 747 1261 del mundo y sus enemigos.
253 1271 686 1308 Mas si me voy sin María,
255 1321 709 1355 que bien llevaré conmigo!
249 1367 614 1406 Como viviré sin ver
254 1419 661 1455 aquellos ojos benignos,
248 1466 680 1504 aquel hablar halagueño,
253 1516 657 1553 aquel rostro cristalino,
251 1563 632 1599 aquel iman atractivo
261 1612 641 1647 que llena mi corazon
255 1660 704 1697 de pensamientos divinos?
255 1709 649 1746 Y si yo la desamparo,
259 1758 782 1793 quien la amparará, Dios mio?
249 1807 785 1843 Muchacha, pobre y sin padre,
251 1855 681 1890 que dolor tan excesivo!
245 1903 661 1939 Pero todo pesa menos,
260 1952 838 1988 que el ver en mi esposa un hijo,
258 2000 760 2036 sin saber quien es su padre;
259 2048 729 2086 de pensarlo estoy corrido.
254 2098 646 2134 Es posible, que María,
255 2147 770 2182 que á mí y á Dios haya sido
263 2194 690 2230 infiel, no puedo creerlo
262 2244 694 2280 aquí se turba el sentido.
254 2293 693 2329 Me iré sin decirle nada.
262 2341 691 2376 Recogió en un fardelillo
969 255 1394 291 su ropa y algun dinero.
969 302 1415 341 Y antes de tomar camino
969 351 1433 389 se fué á descansar un rato
968 399 1413 437 luego se quedó dormido.
967 448 1442 487 La Virgen que no ignoraba
968 496 1434 539 de San José los designios,
965 545 1377 585 se retiró á su Oratorio,
971 594 1416 631 postrado en el suelo dijo:
971 641 1392 682 Dulce Hijo de mi alma,
962 689 1430 732 no estaria bien, hijo mio,
967 737 1420 780 vuestra madre sin esposo,
969 787 1383 825 Vos sin padre putativo.
969 836 1428 873 En esto entró San Gabriel
962 886 1418 921 en su aposento, y le dijo:
965 934 1401 971 despierta, José, levanta,
969 983 1482 1021 pues tanta dicha has tenido;
972 1033 1474 1068 que el preñado de tu esposa
970 1079 1360 1118 es por misterio Divino,
965 1129 1481 1165 que á salvar su pueblo viene
974 1177 1337 1214 el Mesías prometido:
963 1225 1410 1263 pónle por nombre Jesús.
978 1274 1390 1312 Quedó José agradecido;
971 1323 1406 1359 dando mil gracias á Dios
965 1371 1407 1410 por tan grande beneficio.
970 1420 1492 1460 Se fué al cuarto de su esposa,
969 1468 1329 1504 y de repente la vido
973 1517 1359 1553 en un soberano éstasis
965 1566 1403 1602 con un resplador Divino,
969 1614 1405 1651 y postrándose á sus pies,
974 1663 1305 1699 enternecido le dijo:
974 1711 1372 1746 O esposa del alma mia!
970 1760 1396 1795 A donde yo he merecido
966 1809 1372 1846 tener esposa tan santa,
975 1856 1347 1891 y ser padre putativo
977 1905 1413 1942 del mismo Hijo de Dios?
966 1952 1466 1994 Por vuestro hijo os suplico,
976 2000 1423 2041 le pidais me dé su gracia,
978 2050 1373 2087 para acertar á serviros.
980 2100 1384 2135 La Virgen le respondió:
982 2148 1484 2185 Yo, Señor, soy quien os pido
971 2196 1449 2233 perdon de no daros cuenta
969 2245 1442 2282 del Sacramento escondido,
970 2294 1512 2331 aunque no estuvo en mi mano
974 2343 1355 2381 la licencia de decirlo.
265 2315 1644 2473 CARMONA:—Imp. y lib. de don José M. Moreno, Madre de Dios, 1.
