1737 2508
71 281 678 324 que se acuerda de los tiempos
74 331 615 373 que se conquistó la España.
65 379 666 420 Si es el sombrero, ha quedado
75 431 555 469 tan arrugado y sin alas,
78 479 516 517 que pronto no quedará
79 527 620 566 sombra, sombrero, ni nada.
85 575 600 614 Ya ve que esto no es razon
75 624 571 663 ni decencia: esta mañana,
77 671 614 712 cuando salí, los muchachos
74 722 631 760 me embistieron en la plaza,
86 772 401 809 y decian: allá va
79 820 563 857 el Paje D. Rompe Galas,
81 867 605 907 y à silvidos y á tronchazos,
83 917 594 955 y algunas piedras peladas,
86 965 617 1005 si no me meto en la iglesia,
83 1012 607 1052 creo que no vuelvo à casa.
38 1061 638 1101 D. J. Ya veo que tíenes razon.
36 1110 645 1151 Pay. ¡Y cómo que tengo! vaya:
87 1159 603 1199 si viera usted mis camisas,
91 1206 565 1248 se reiria de buena gana:
96 1256 667 1296 no hay ninguna que no tenga
96 1304 634 1343 mas de doscientas ventanas.
101 1352 597 1392 Usted crea que en la calle
99 1402 620 1441 hasta los perros me ladran:
99 1449 491 1490 el otro dia un alano
95 1499 609 1539 se me agarró de una pata,
97 1546 587 1587 y aquí en esta pantorrilla
103 1596 551 1635 me tiró una dentellada.
115 1645 673 1684 D. J. Como soy te compadezco,
97 1695 557 1734 y tienes razon sobrada.
55 1740 687 1784 Paj. Si estoy hecho un jarambel
107 1790 583 1830 de la cabeza à las patas:
106 1836 647 1879 vaya, yo me estoy temiendo
103 1888 681 1927 que si un trapero me agarra,
103 1937 476 1976 al molino de papel
103 1983 678 2024 me ha de llevar en volandas.
115 2035 727 2074 D. J. Como seas hombre de bien,
110 2082 551 2124 ya buscaremos en casa
109 2133 573 2173 algunos desechos mios.
1294 200 1340 256 3
768 272 1379 315 Pay. Pues yo fio en su palabra;
816 322 1256 364 y si hay algun pañolito
826 371 1377 411 de narices, tambien lo haga,
827 420 1369 460 porque el mio, ya ve usted,
828 467 1367 509 me lo han comido las ratas.
842 515 1264 559 D. J. Déjate de tonterías
826 567 1350 607 que ya son las once dadas,
830 615 1266 653 y voy á una diligencia:
836 657 1412 703 cierra la puerta, y ni un alma
837 709 1479 751 me ha de entrar hasta que vuelva,
832 764 1030 800 y cuidado.
781 808 1155 852 Paj Usted se vaya
839 856 1260 898 seguro, porque yo soy
836 903 1361 945 lo mismo que una muralla.
854 956 1143 995 D. J. Pues à Dios. vase.
795 1005 1219 1046 Paj. La puerta cierro;
974 1053 1308 1091 Cierra la puerta.
836 1097 1437 1142 y por si es que van mal dadas,
840 1146 1357 1189 tengo de guardar la llave,
846 1196 1320 1238 y salga per donde salga:
854 1240 1467 1287 mas por lo que mi amo ha dicho
846 1292 1391 1334 ahora caigo en que mi ama,
851 1341 1409 1382 cuando su hermano va fuera,
849 1391 1333 1431 se asoma por la ventana,
851 1436 1423 1482 y suele hablar con un quidam
847 1486 1357 1532 y á veces me manda vaya
857 1537 1305 1576 á la calle á mil recados,
860 1583 1415 1625 que son de poca importancia,
858 1632 1379 1675 y es que entre tanto estará
860 1683 1317 1723 el tal pájaro en la jaula;
859 1729 1404 1772 mas esta vez me he de estar
854 1778 1341 1819 acechando, mas mi ama.
810 1825 1432 1871 Sale Am. Perico, ¿salió tu amo?
810 1877 1309 1919 Paj. Ahora salió de casa.
809 1922 1425 1968 Am. Ya sabes que yo te estimo.
814 1971 1437 2017 Paj. Hasta ahora no sabia nada.
813 2018 1509 2065 Am. Tú has de hacer por mi una cosa
813 2066 1499 2115 Paj. Se descubrió la empanada. ap.
810 2117 1463 2166 Am. Que si la haces, me tendrás,
