1765 2512
320 242 352 280 4
219 292 743 330 mientras estés en mi casa,
227 343 640 379 de tu parte para todo
228 389 793 428 muy rendida y muy postrada.
178 438 773 477 Paj. Viva V. mas de mil años:
233 485 763 528 ¡qué cortés se ha hecho mi ama!
189 536 769 575 Am. Has de saber, Periquito,
232 584 807 624 que lo que yo hiciere en casa
231 636 751 673 no lo ha de saber la gente,
231 685 729 722 ni mi hermano sepa nada.
184 730 761 772 Pay. ¿Y á qué viene todo eso?
231 778 781 821 que yo no entiendo palabra.
188 830 757 869 Am. Es el asunto, que tengo
234 880 666 916 mi boda medio tratada
232 929 804 965 con un mozo á quien estimo,
231 977 765 1013 y mi hermano lo embaraza
235 1026 751 1062 por ser pobre, con que tú
231 1073 811 1110 has de ayudar á mi instancia.
191 1123 851 1160 Paj. Ya lo entiendo: quiere usted
235 1171 779 1209 que yo alumbre cara á cara
239 1220 781 1257 mientras usted y su querido
242 1270 674 1307 están pelando la pava:
244 1320 814 1356 ¿no es así? que es alcahuete,
243 1368 714 1404 con poquisima distancia.
199 1413 821 1452 Am. No, tonto, sino que cuando
236 1463 788 1500 él esté aquí, con gran maña,
235 1512 791 1548 tú estés con mucho cuidado
238 1562 665 1597 asomado á la ventana
242 1611 735 1648 y avises si viene tu amo,
248 1659 729 1695 para que el otro se salga.
196 1708 722 1745 Pay Dígola á usted que no quiero
241 1757 743 1793 meterme yo en esa danza.
198 1807 720 1842 Am. Hazlo, Periquito mio.
199 1856 775 1892 Paj. A mí no me da la gana.
203 1904 629 1940 Am. Tú te lo pierdes.
200 1954 430 1990 Pay. Mejor.
198 2002 692 2038 Am. Estaba determinada,
243 2050 707 2086 si lo hacias, á regalarte
251 2099 690 2135 un peso duro de plata.
199 2149 638 2187 Paj Venga el dinero,
927 287 1613 328 Am. Ahí le tienes. Le dá el duro.
916 339 1618 376 Paj. ¡Ah pobreta, que te clavas! ap.
976 388 1538 424 que te he chupado el dinero,
976 436 1528 473 y no has de conseguir nada.
928 484 1623 521 Am. Pues la ocasion no se pierda,
982 537 1404 571 hijo mio, corre, anda,
980 583 1384 619 mira si pasea la calle
984 631 1498 668 mi querido, y sin tardanza
980 681 1478 717 le abrirás la puerta luego,
979 728 1433 765 No te detengas, acaba,
982 777 1482 813 mentecato, no seas lerdo.
932 826 1525 864 Paj ¿Mentecato corre y anda?
992 875 1434 913 Todo lo haré, señorita,
988 924 1436 961 de muy bonísima gana,
989 973 1497 1010 menos menearme, porque
991 1021 1634 1057 me pesan mucho las patas. vase.
940 1070 1633 1109 Am. La que quiere un novio bueno,
987 1120 1535 1156 como yo, de circunstancias,
996 1168 1426 1203 es fuerza fie el secreto
991 1217 1471 1253 de semejantes panarras.
943 1265 1405 1303 Sale el paje. ¿Señorita?
948 1313 1437 1352 Am. ¿Qué hay de nuevo?
946 1362 1602 1401 Paj Que ya por la calle pasa.....
947 1412 1287 1449 Am. ¿Mi querido?
951 1461 1254 1498 Paj. No señora:
995 1508 1448 1547 es un borrico con agua.
949 1558 1577 1597 Am. ¿Es eso lo que te he dicho,
1001 1606 1517 1646 gran demonio? dí canalla?
948 1655 1529 1697 Poy. Como de él á su querido
993 1706 1507 1742 habrá muy poca distancia,
993 1754 1462 1789 creí que por él pudiera
992 1802 1486 1839 suplir ausencia tan larga.
960 1849 1636 1890 Am. ¡Qué animal! vuelve á asomart
954 1900 1456 1940 Paj. Maldita sea tu casta: ap.
1000 1947 1583 1987 como yo pueda, aunque entre
1002 1997 1543 2034 no han de hablar una palabra. vase
955 2048 1525 2086 Am. Este rato que se pierde,
999 2094 1505 2135 ya que está fuera de casa
1002 2146 1553 2182 mi hermano, siento infinito,
