1737 2508
161 297 632 333 que no le puedo sufrir.
117 346 662 383 Sale paj. Ya habrá salido...
115 393 478 430 D. J. ¿Qué hablas?
121 443 754 479 Am. Este bruto ha de perderme. ap.
119 490 574 527 D. J. ¿Quién ha salido?
123 539 444 576 Paj. No es nada:
167 588 636 625 un alma del purgatorio,
172 637 742 673 que era por quien yo rezaba.
177 686 807 723 D. J. No te entiendo, háblame claro
175 735 654 771 pícaro, ó en tí venganza
175 784 696 819 he de tomar con ahogarte.
116 833 765 869 Paj. ¡Ay mi pescuezo! ¡caramba!
169 881 480 915 suélteme usted.
123 929 507 966 D. J. Pues confiesa
169 980 707 1015 que tú serás de esta danza
178 1028 428 1066 el alcahuete.
122 1076 337 1112 Paj. Jesus!
175 1125 674 1160 yo alcahuete! Santa Clara!
172 1172 622 1209 si ahora viviera mi tio,
175 1223 756 1261 el que ahorcaron en Granada,
176 1270 604 1308 no me lo dijera usted,
175 1320 643 1355 ni estaria yo en su casa.
118 1368 806 1406 D. J. ¿Quién estaba aquí? confiesa,
129 1417 700 1454 Pay. Allá voy, tenga cachaza:
167 1465 795 1502 no hay remedio; aquí es preciso
175 1515 664 1550 cantar de plano, mi ama.
127 1563 596 1600 Am. ¿Qué has de decir?
123 1612 434 1649 Pay. La verdad,
179 1662 645 1697 y salga por donde salga:
181 1709 690 1745 ¿si le digo á usted lo cierto
174 1758 610 1794 sin faltar una palabra,
174 1806 642 1842 me dará usted fijamente
184 1855 630 1892 la chupa con la casaca?
125 1904 484 1940 D. J. Lo prometo.
124 1954 496 1991 Paj. Pues aguante;
184 2003 652 2037 que allá va la granizada:
179 2050 744 2087 pues, señor, en este instante
180 2098 688 2137 se fue corriendo la maula.
132 2149 818 2187 Am. Hablador, quién es quien corre?
1392 247 1432 283 7
864 296 1490 334 Paj. El que ahora salió de casa.
866 344 1508 383 D. J. Hermana, ¿es esto verdad?
871 394 1508 432 Am. ¿Quién salió infame, canalla?
865 444 1499 479 Paj, Aquel que usted me mandó
913 492 1411 529 echar por la puerta falsa.
866 540 1223 575 D. J. ¿Pues cómo?
868 588 1310 626 Paj. Escúcheme usted,
917 638 1514 675 que es la confesion mas larga:
921 687 1506 727 aquí ha entrado un señor mio,
919 736 1400 773 se sentó junto á mi ama;
922 784 1481 821 pero yo, entrando y saliendo,
917 832 1508 870 no he dejado que se hablaran:
911 879 1444 919 á mí me dió un pero duro,
919 928 1506 970 ya usted ve las circunstancias,
926 979 1346 1015 el dinero.... Sí señor,
921 1024 1468 1066 yo sirvo, el ama es mi ama,
919 1075 1428 1111 usted mi amo, y con esto
917 1123 1532 1164 y lo otro, si á usted no enfada,
918 1172 1375 1209 ha dado fin la comedia,
925 1219 1474 1259 perdonad sus muchas faltas.
930 1269 1564 1308 D. J. Por cierto que está mi honor
922 1318 1504 1356 brillante: ¿qué esto me pasa?
923 1370 1473 1404 y que una mujer de prendas
924 1417 1494 1455 como tú... con esta espada...
879 1464 1260 1500 Paj. Téngase usted.
872 1514 1346 1549 Am. Escucha, hermano.
878 1562 1534 1600 D. J. Qué disculpa, dime, ingrata,
930 1610 1512 1649 me has de dar de tus engaños?
884 1660 1518 1701 Am. Te consta que soy honrada,
924 1708 1422 1746 le quiero para mi esposo,
920 1758 1398 1794 nos hemos dado palabra,
920 1807 1449 1843 y no te canses, que pronto
930 1855 1490 1892 con él me has de ver casada.
872 1904 1408 1941 Paj. Y para el dia de boda
929 1953 1567 1991 (pues me ha dado usted palabra)
926 2000 1392 2037 he de estrenar su regalo
928 2050 1400 2087 de la chupa y la casaca.
934 2099 1559 2137 D. J. ¿Que debo hacer en tal lance?
872 2150 1564 2187 Paj. Aquí no hay que pensar nada:
