1765 2512
386 234 408 270 6
231 284 904 320 Paj Ya estoy, el macho de carga.
231 332 770 369 Am. Sentémonos este rato.
240 380 922 417 D. L. Con mucho gusto, doña Ana
231 429 826 467 Paj. Escuche usted, caballero
289 478 895 519 ¿me presta V. un real de plata
287 528 765 567 para comprar una oncita
298 577 654 613 de tabaco de hoja?
244 626 478 662 D. L. Vaya:
294 672 766 711 toma allá ese peso duro.
241 719 902 760 Paj. Le doy á V. muchas gracias:
295 770 789 808 ahora si que podrá usted
297 819 813 858 hablar seguro con mi ama
300 869 830 907 lo que guste, que yo estoy
297 917 802 958 guardándole las espaldas.
305 964 927 1002 ¡Jesús, que hombre tan bizarro!
257 1011 938 1052 D. L. Hijo, te doy muchas gracias
251 1063 928 1102 Paj. Da gracias al peso gordo, ap.
305 1108 895 1150 que sino, à oscuras quedabas.
307 1158 927 1197 Señores voy á acechar. á ellos.
258 1209 832 1247 Am. Sí, Periquito, despacha.
262 1255 919 1297 D. L. Como tú estés de mi parte.
314 1306 738 1343 veré mi dicha lograda.
253 1354 885 1394 Paj. Como traiga usted pesetas,
311 1402 956 1441 tendrá V. cuerpo de guardia. vas.
261 1451 911 1492 Am ¿Cómo tan tarde, D. Lucas,
311 1499 745 1539 cuando verte deseaba?
268 1546 956 1589 D. L. Por temor de que tu hermano
311 1598 795 1636 acaso se hallase en casa;
310 1646 871 1687 y has de saber, dueño mio,
321 1694 758 1734 como están efectuadas
316 1742 779 1783 las precisas diligencias
314 1792 942 1830 á que nuestras bodas se hagan,
321 1841 916 1879 aunque tu hermano se oponga.
278 1890 835 1931 Am. Será mi dicha colmada.
274 1938 940 1979 Sale paj. Srta, ahora me acuerdo.
271 1988 775 2030 Am. ¿De que te acuerdas?
276 2038 604 2077 Pay. No es nada:
325 2086 813 2130 que fallan vinagre y ajos
331 2138 633 2179 para el guisado. vase.
982 272 1483 315 Am. Ya falta la paciencia:
1043 324 1263 359 vete dentro.
984 368 1623 411 D. L. Quedamos en que mañana
1032 419 1516 459 me avisarás de si puedo
1047 466 1684 506 venirte á ver, prenda amada, llam
1036 516 1554 556 Me parece que oigo ruido.
1000 563 1642 605 Sale paj. Señorita, el amo llama.
999 614 1687 654 Am. Pues saca á D. Lucas, presto,
1047 663 1557 703 corre, por la puerta falsa,
993 709 1643 751 D. L. A Dios, mi dueño querido.
1007 756 1689 799 Dentro D. Juan. Abre esta puerta.
1003 813 1316 849 Paj. ¡Santa Ana!
1053 854 1699 897 Espèrese usted, señor, á gritos.
1047 906 1569 946 que el Sr. D. Lucas salga.
1003 950 1701 996 Am. ¿Qué es lo que dices, demonio?
1004 999 1694 1046 Paj. Hago lo que usted me manda:
1049 1053 1541 1092 si no le digo que espere,
1049 1097 1585 1143 ¿cómo podré echar de casa
1051 1147 1529 1189 al señor? digo, las cosas
1051 1196 1625 1237 se hacen volando? ¡caramba!
1012 1245 1533 1287 Dentro D. Juan. ¿No abres?
1012 1299 1455 1335 D. L. Otra vez, á Dios,
1055 1348 1248 1383 mi dueño.
1012 1394 1539 1433 Paj. No sea usted panarra,
1065 1441 1519 1480 déjese ahora de dueños
1064 1488 1579 1529 ni ciruelas; mi amo llama:
1067 1537 1577 1578 mientras yo llevo al señor
1063 1586 1601 1627 á echar por la puerta falsa
1066 1637 1599 1675 ábrale usted á su hermano;
1070 1687 1498 1724 venga usted conmigo.
1023 1739 1254 1775 D. L. Anda. vánse
1027 1782 1579 1824 Am. Para salir de este lance
1073 1832 1489 1870 el disimulo me valga. abre.
1019 1874 1717 1921 D. J. ¿Qué voces aquí he sentido
1080 1924 1713 1968 como de hombre, dime, hermana?
1036 1979 1568 2017 Am. Es engaño de tu oido;
1075 2026 1507 2065 á no ser que regañara
1078 2072 1623 2115 con el paje, que no ignoras
1071 2120 1659 2169 que es tan pesado y machaca
