1765 2512
237 364 833 412 ¿se quieren? pues que se casen
241 413 807 458 al instante, y santas pascuas.
188 461 809 509 D. J. Bien está, quede esto así,
237 508 791 558 que yo dispondré con maña
240 559 794 606 lo que debo hacer, no gusto
240 610 701 653 que se alborote la casa;
242 657 739 702 mas prevente para entrar
244 707 768 749 en un convento mañana. vase.
200 756 751 801 Paj. Sí, convento, mas será
245 803 857 846 de dos en celda sin falta. (dido.
199 851 879 898 Am. —Qué has hecho que me has per
202 900 879 948 Paj. Nunca ha estado mas ganada:
251 950 849 998 ¿qué queria usted que hiciera,
256 999 677 1043 si dijo que confesara?
253 1042 863 1091 ¿me he de poner por frioleras
264 1091 847 1140 á mentir, señora? ¿y mi alma?
215 1139 889 1193 Am. Vé pronto, busca á D. Lucas
259 1196 685 1247 y avísale lo que pasa.
936 345 1569 393 Paj. Voy corriendo, y para todo
988 395 1586 441 haga de mí confianza, (creto
995 444 1636 488 que no hay quien guarde un se-
990 493 1527 535 como yo en toda la España.
948 543 1606 587 Am. Ciertamente le has guardado
996 593 1551 633 en esta ocasion, con gracia,
991 643 1425 686 y de cuanto aquí pasó
990 690 1447 730 no has omitido palabra.
950 738 1593 783 Paj. Pues si me llamó alcahuete,
1001 786 1511 833 ¿queria usted que callara?
991 834 1475 878 En tocándome al honor,
1004 884 1545 925 me llegan, señora, al alma,
1003 934 1494 973 Voy á buscar á D. Lucas
997 987 1179 1024 al punto.
957 1029 1456 1076 Los dos. Y aqui se acaba
988 1078 1375 1126 el sainete, pidiendo
1003 1128 1556 1181 que nos perdonen las faltas.
788 1744 954 1782 FIN.
747 2156 1133 2206 CARMONA:—1864.
220 2199 1686 2266 Imp. y librería de D. José María Moreno, calle Madre de Dios, núm. 1.
