1765 2512
326 323 336 360 2
173 361 871 409 D. J. Mientes, que nunca ha faltado
221 412 775 457 que comer; y si me enfadas,
221 461 695 504 ahora mismo te despido.
176 508 757 556 Pay. No fuera mi dicha tanta.
183 564 500 604 D. J. Pues vete.
188 610 617 653 Paj. Me iré corriendo,
239 656 725 703 y sin detenerme en nada,
233 705 714 751 porque todo mi equipaje
243 760 549 797 encima lo llevo.
194 808 461 847 D. J. Marcha.
191 849 805 895 Paj. Poco á poco, que primero
244 899 737 944 me ha de dar V. en plata
249 948 673 990 trece meses de salario
247 1000 645 1039 que usted me debe.
202 1050 552 1091 D. J. Mi hermana
247 1100 513 1141 que te pague.
197 1147 567 1189 Paj. ¡Buen dinero!
254 1195 703 1235 si su moneda no pasa.
203 1245 519 1284 D. J. ¿Por qué?
213 1290 681 1333 Paj. Porque nunca tiene
256 1337 760 1382 en su bolsillo una blanca.
205 1387 753 1431 D. J. Vaya, pues, si quieres irte
263 1436 677 1481 te se pagará mañana,
255 1484 757 1534 y ahora por hoy quédate.
216 1532 791 1577 Paj. Me fuera de mejor gana:
268 1577 821 1627 que me trae usted en cueros
269 1626 789 1676 por no darme las mesadas.
214 1674 826 1727 D. J. Calla, que mañana mismo
265 1728 686 1774 se te pagará sin falta:
271 1779 661 1822 mira, yo voy á salir,
272 1825 792 1872 y te has de quedar en casa
281 1875 689 1920 de centinela, porque
279 1916 919 1968 me han contado que mi hermana
286 1967 894 2017 tiene un novio, y que conforme
276 2019 781 2065 observa vuelvo la espalda,
285 2067 851 2113 entra en casa, y yo no gusto
279 2123 519 2164 que se case.
240 2168 659 2218 Pay ¿Por qué causa?
236 2210 943 2265 D. J. Porque me han dicho que el tal
968 342 1471 389 no tiene un real de plata.
923 392 1486 440 Paj. Déjelo usted á mi cargo
975 441 1447 486 y verá que con la tranca
975 490 1421 534 de la puerta le recibo,
985 533 1590 582 si es que quiere entrar en casa.
930 585 1627 635 D. J. Pues si cumples lo que dices,
989 636 1385 680 te regalo una casaca,
939 678 1599 732 Paj. Hará usted bien, porque esta
987 732 1589 777 me dicen que está muy larga,
985 782 1435 831 y que parezco con ella
995 830 1447 873 Judas de semana santa.
987 875 1545 929 ¿Y qué mas me dará usted?
948 928 1642 973 D. J. Una chupa que es muy guapa.
946 975 1565 1024 Paj. Muy bien hecho, si señor,
995 1023 1557 1075 porque esta está desgarrada
993 1072 1559 1123 y en viniendo un aire fuerte
1004 1122 1529 1167 como ya no tiene espaldas,
998 1170 1445 1215 se bambolea, y á veces
1007 1219 1481 1263 se me pone por corbata.
1007 1266 1423 1311 No se ria usted, y vea
1007 1315 1457 1360 si yo digo verdad clara.
1031 1362 1659 1409 D. J. Como hagas lo que te mando,
1016 1413 1425 1459 te la regalo sin falta.
965 1462 1537 1510 Paj. Hará usted una limosna,
1009 1510 1453 1561 y de las mas acertadas:
1021 1557 1555 1605 ¡si es compasion como ando
1020 1607 1483 1653 derrotado! verbi gratia:
1023 1654 1533 1700 ¡vea usted en los calzones
1024 1701 1577 1751 los remiendos que se hallan!
1021 1750 1591 1798 ¡si da vergüenza el mirarme!
1027 1802 1531 1846 las medias, no digo nada,
1023 1853 1415 1896 imitan á los correos
1029 1896 1621 1944 que siempre á carreras andan.
1029 1949 1489 1994 Zapatos, el uno es bajo,
1025 1997 1481 2047 y el otro de moda alta.
1035 2047 1559 2091 Hebillas, una es de plomo,
1030 2094 1545 2142 y otra metal de campana.
1037 2143 1567 2189 Pues la peluca es tan vieja,
1031 2194 1487 2244 y está ya tan repelada,
