1752 2480
16 416 504 449 y todos los que le virven
24 462 464 499 con reverencia y amor
22 508 550 550 mostró en su Divino brazo
11 557 458 598 de su potencia el valor
17 608 516 646 abatiendo á los soberbios
16 656 442 696 por su altivo corazon,
11 703 468 744 depuso á los poderosos
9 753 466 794 de la silla de su honor,
12 802 549 843 y á los pequeños humildes
5 849 452 894 dichosamente ensalzó,
14 900 570 941 de bienes llena á los pobres
11 953 429 989 pero á los ricos dejó
9 998 443 1039 vacios por su avaricia
8 1052 452 1088 y perniciosa ambicion,
5 1097 490 1138 residió Israel su pueblo,
750 416 1236 455 dé su piedad se acordó,
751 463 1334 503 pues ya en mi vientre recíbe.
749 513 1304 553 ser hombre el Hijo de Dios,
755 562 1245 599 segun dijo nuestro padre
742 609 1214 651 Abraam, Isaac y Jacob.
753 659 1326 698 Cumpla Dios en mi su sierva
747 709 1155 745 la palabra que le dió
743 757 1355 797 Gloría al Padre, Gloria al Hijo
749 804 1252 847 y al eterno y sacro amor,
744 856 1319 895 tres personas siempre iguales
739 905 1267 942 y en esencia solo un Dios
747 953 1282 991 como se le dió al principio
748 1000 1278 1043 ahora y siempre se le dió,
745 1049 1280 1093 se le den todos los siglos,
740 1097 1220 1142 Gloria infinita al Señor.
468 1263 956 1307 JACULATORIA.
5 1368 1422 1413 COMPUESTA POR EL S. OBISPO DE TORTOSA PARA
6 1423 1418 1466 que todos los fieles Bidan al Señor misericordia, y concede el dicho
8 1476 1418 1519 señor Obispo cuarenta dias de indulgencias á todas las per sonas que
211 1533 1207 1572 diariamente rezaren ó leyeren dicha Jaculatoria.
75 1629 532 1673 Pues que te amo Señor,
0 1683 524 1721 mas que á mi alma y mi
4 1729 428 1770 me duelo de tu caida
7 1779 475 1821 aqui me valga tu amor,
1 1828 442 1866 no me mires con rigor
6 1876 518 1916 miradme con gran piedad,
0 1925 437 1963 yo conozco mi maldad,
13 1972 479 2014 yo demi culpa me duelo
12 2022 442 2062 y á tu Tribunal apelo
5 2074 441 2109 por tu amor y caridad:
7 2122 462 2162 yo soy la Oveja perdida
0 2171 432 2211 que salí de tu rebaño,
742 1634 1174 1671 y conociendo mi daño
740 1683 1260 1719 te doy mi alma y mi vida.
739 1732 1285 1767 Madre del Verbo éncarnado
738 1780 1269 1821 tú me amparas y te ruego,
743 1829 1234 1866 y mí alma te la entrego
738 1878 1182 1914 mi corazon humillado:
740 1928 1250 1965 me pesa de haber pecado,
738 1976 1186 2013 dadme Señor un dolor,
739 2025 1194 2064 que sea con tal forvor,
742 2075 1198 2111 que mi corazon derrita,
731 2123 1215 2161 y mí alma esté contrita
729 2173 1237 2209 considerando en tu amor.
418 2322 996 2360 REIMPRESO EN CARMONA.
703 2372 1177 2411 Imp. de D. José Maria Moreno, calle de Madre de Dios núm.
