1765 2512
514 325 586 357 ý. 4.
216 358 880 404 El misericordia ejus á progenie in proge-
254 405 591 444 nies timentibus cum.
230 482 649 525 OCTAVA IV.
291 561 775 599 como de su gran misericordia
217 601 743 641 Convirtió amante lás atenciones,
217 641 769 682 Dará por uii la paz y la concordía
224 681 745 722 A todas las demás generaciones
222 720 765 760 Al espiritu audaz de la discordia.
223 759 829 801 Que inquieta los humanos corazones,
228 799 749 840 Apartará con dignacion propiéia
230 839 795 880 De todos los quetemen la justicia.
519 923 605 961 ý. 5.
223 960 745 999 Feeit potenciam in brachió suo, dispersit
266 1002 695 1040 superbos mente cordis sui.
299 1078 616 1142 OCTAVA V.
272 1157 887 1196 Mauifestó en su brazo invicto y fuerte
231 1198 855 1237 Su bondad, su justicia y su pontencia,
230 1235 843 1279 Destronó á los soberbios dé tal suerte
237 1277 793 1321 Que aniquiló su vana consistencia;
239 1315 781 1357 Contra los cuales rígido convierte
236 1356 886 1399 En justa indignacion su gran clemencia:
235 1399 860 1437 Y con aquel espiritu que suele.
239 1439 848 1477 De su corazonsanto los espele.
519 1501 637 1549 ý. 6.
238 1554 916 1597 Deposuil potentes dessede, el exaltavit hu-
269 1594 382 1633 miles.
448 1677 670 1710 OCTAVA VI.
275 1751 797 1793 Derribó justiciero de su asiento
242 1793 817 1838 A los que se obstinaron poderosos;
926 304 1610 347 Y á aquel que se humilló con rendimiento
932 348 1489 388 Lo ecsaltó con realces generosos:
927 388 1525 427 Estrenó pues su real procedimiento
935 428 1477 466 Con Luzbel y séquito ambicioso,
933 466 1573 507 De quienes fué su audacia el precipicio
941 507 1517 548 Que permutó la silla en el supllcio.
1155 578 1362 623 ý 7.
938 628 1512 666 Esurientes implevit bonis, el dimitis dimi-
979 671 1143 705 sil inanes.
1164 735 1495 781 OCTAVA VII.
983 827 1555 863 A los pobres hambrientos abatidos
941 866 1523 903 De bienes los llenó su Providencia,
943 905 1466 944 Abundantes tesoros escondidos
951 944 1501 983 De gracia ministró por asistencia;
948 984 1489 1022 Y á los ricos avaros presumidos;
949 1022 1459 1061 Vacios los dejó de su opulencia,
943 1062 1489 1102 Porque con avaricia y vil desdoro
953 1102 1457 1141 Ponen su corazon en su tesoro.
1211 1186 1366 1219 ý. 8 et 9.
951 1228 1444 1261 Suscepit Isruel puerum suum, recordatus
995 1267 1314 1300 miséricordiae sude.
938 1302 1624 1340 Sicut locutus est ad patres nostros Abra-
1000 1345 1527 1380 ham, et insemini ejus in saecula.
1157 1427 1510 1463 OCTANA VIII.
997 1506 1604 1538 A Israel recibió, niño gracioso,
960 1544 1520 1578 Siervo suyo, benigno y admirable,
959 1583 1531 1618 El objeto mas dulce, mas precioso
957 1624 1475 1659 De su misericordia recordable,
959 1664 1609 1700 Cumplióla promesa generoso.
971 1701 1607 1740 Que Abraham nuestro padre venerable
970 1742 1612 1779 Y á su postevidad y descendencia.
964 1782 1588 1820 Hizo en todos los siglos su clomencia.
869 1992 1030 2090 FIN.
352 2281 1129 2322 CARMONA:—1859.
336 2325 1579 2381 Imprenta de D. Jesé M. Moreno, calle Juán dé la cabra, núm. 4.
