1765 2512
203 114 235 146 4
98 151 543 188 ¡bravo leon que se suelta
103 191 529 228 delante de los soldados!
141 230 563 265 Fué tan recio el tiroteo
100 271 548 306 que los moros le tiraron,
101 310 529 345 á causa de aprovimarse
107 350 528 386 el caballo le mataron.
141 388 529 425 Españoles, no temer
95 428 554 465 á las garras de la muerte
109 467 585 505 que si mi caballo es muerto
112 509 482 544 aqui teneis el ginete.
157 548 593 585 ¿Ea, Virgen de los Reyes,
110 588 537 624 fuerte torre de David,
105 626 576 663 sin vuestro divino auxilio
111 666 521 702 no puedo salir de aqui.
155 705 581 740 Botallones, prepararse,
111 744 603 782 fuego en columná cerrada,
113 784 643 822 y á la descarga que hicieron
113 823 559 861 hasta la tierra temblaba.
154 863 615 900 Al mismo tiempo rompió
115 905 489 940 el fuego la artillería,
119 944 489 983 y una nuve se formó
127 982 571 1022 que el campo no se veia.
153 1021 648 1058 Rompió la marina el fuego
127 1060 609 1099 en unos buques de guerra,
127 1099 620 1138 y en las lanchas cañoneras
119 1139 555 1183 por la falda de la sierra.
173 1179 573 1215 Como no pueden salir
123 1218 615 1257 donde su objeto le inclina,
130 1260 461 1296 de ira pataleaban
124 1299 550 1336 los soldados de marina.
166 1338 554 1374 Hijos mios, sosegarse
136 1379 497 1416 el coronel les decia,
128 1417 612 1456 si quereis saltar en tierra
128 1456 591 1494 tambien os llegará el dia.
171 1494 618 1533 Los Húsares por el valle
127 1536 639 1573 rompen el toque á la carga,
137 1573 657 1618 ¡que lastima de escuadrones
136 1614 617 1652 que mala hora le aguarda!
177 1655 583 1691 En una gavia cubierta
142 1696 585 1732 los caballos se atollaban,
145 1734 593 1775 y los moros emboscados
146 1773 607 1812 tiran descargas cerradas.
176 1813 625 1850 Se lamentan los heridos
144 1852 677 1892 llamando á su padre y madre,
140 1894 509 1932 á voces pedian agua
145 1932 612 1971 con la falta de la sangre.
177 1970 615 2011 Unos dicen, compañeros
835 140 1373 177 yo soy muerto en esta accion,
841 178 1292 216 no llevo mas sentimiento
840 218 1424 256 que me han matado á traicion.
873 256 1289 293 Otros dicen, paisanitos
837 298 1253 333 mi existencia falleció,
842 334 1317 374 darle noticia á mis padres
848 375 1369 414 que me encomienden á Dios.
883 414 1369 452 Aunque el fuego los abraza
839 455 1269 495 y mucha gente perdian,
843 495 1215 534 jamás se le conoció.
854 533 1274 572 un punto de cobardia.
884 572 1387 610 Cuando vió el general Prim
847 612 1319 651 la emboscada que tenian,
851 651 1327 689 del fuego que les mandó
853 691 1421 730 piedra, monte y tierra ardia.
891 731 1361 768 Llegó el general Zabala,
859 770 1335 808 que á darle auxilio venía,
855 809 1307 849 y en la falda de la sierra
856 850 1225 887 colocó la infanteria.
895 887 1384 925 Rompiendo el general Prim
851 930 1251 965 el toque de generala,
860 969 1228 1006 sin poderse contener
860 1007 1283 1046 con la ira que llevaba.
895 1044 1396 1087 ¡Ay que columna de mozos
868 1087 1287 1126 cargando á la bayoneta,
863 1124 1333 1165 en la Virgen de los Reyes
859 1165 1351 1205 llevan la esperanza puesta.
902 1203 1389 1242 Dejando el campo cubierto
863 1244 1328 1283 con la sangre que corria,
872 1283 1312 1322 ocultando el sol sus luces
867 1324 1249 1363 y la noche oscurecia.
904 1362 1388 1397 Principian á cortar moros,
861 1403 1351 1439 mas brutos que un animal,
861 1440 1323 1484 y por no ser prisionreros
867 1482 1228 1519 se tiraban á la mar.
903 1520 1353 1562 ¿Ay Vírgen de la Victoria
875 1560 1337 1601 que ya el fuego se acabó!
879 1599 1239 1638 ¡viva la misericordia
872 1639 1245 1677 del Divino Salvador!
917 1677 1360 1716 ¡Viva la Iglesia romana!
879 1719 1253 1758 ¡viva la reina Isabel!
883 1757 1341 1798 ¡viva la armada española!
879 1797 1361 1837 que no han podido vencer.
916 1837 1245 1874 El poéta contenido
871 1878 1267 1913 á todos pide perdon,
879 1916 1405 1955 si á alguno hubiere ofendido;
879 1957 1299 1995 hasta dar la conclusion.
242 2044 1565 2101 Compuesto por Antonio Sanchez Roldan, natural del Viso del
148 2090 1567 2150 Alcor Provincia de Sevilla, trabajador del campo, sin saber leer ni
149 2145 1103 2192 escribir; él que me lea, me dispense las faltas.
145 2189 1555 2366 CARMONA:—Imp. de D. José M.a Moreno calle de Madre de Dios.
