1765 2512
380 168 402 204 4
242 218 790 266 revuelto en fuego y sangre,
258 267 722 314 estas palabras diciendo:
252 315 866 364 Confesion, que me has matado,
248 363 738 411 perdona, amigo Montero,
242 412 722 461 no me acabes de matar,
245 462 734 509 tráeme los Sacramentos,
255 512 821 560 el alma es la que te encargo,
250 563 786 606 y pague el delito el cuerpo.
244 609 704 651 Mas él, tirano y aleve,
256 656 784 704 vengativo, horrible y fiero,
248 705 794 748 se arrimó, y con el cuchillo
246 752 814 798 le ha cercenado el pescuezo.
243 802 824 845 Se fué á la mujer, que estaba
244 851 702 894 casi difunta en el suelo,
244 898 736 946 de los cabellos la agarra,
240 947 748 994 dos mil injurias haciendo,
238 997 728 1043 la dice: Falsa, enemiga,
238 1047 909 1089 qué es lo que á mi honor has hecho?
237 1093 744 1138 Mi crédito le has perdido,
240 1145 792 1188 pues de esta suerte me veo,
240 1193 656 1232 traidora, me pagarás
242 1241 774 1283 conforme el merecimiento.
238 1290 624 1333 La cabeza la cortó,
233 1338 751 1381 con ella el brazo derecho:
235 1385 718 1430 en un baul que llevaban
244 1434 758 1480 de las prendas y el dinero,
232 1483 784 1531 metió aquestas tres alhajas,
238 1530 674 1573 y en un caballo ligero
232 1580 698 1625 ácia Antequera camina,
237 1629 700 1675 de este caso satisfecho.
236 1680 688 1721 A las doce de la noche
956 231 1438 275 llegó á su casa Montero,
955 281 1446 323 y porsima de las puertas
968 328 1484 372 con duros clavos de hierro
962 376 1476 421 fijó el brazo y las cabezas,
960 426 1562 472 poniendo un letrero en medio,
963 474 1420 516 que con claridad decia:
962 522 1438 564 lo hizo Antonio Montero
962 571 1454 614 por restaurar lo perdido
964 618 1548 663 de su punto, honor y crédito:
959 667 1426 710 de esta suerte los maté
964 716 1528 762 en tal parte quedan muertos.
964 762 1496 811 Volvió la rienda al caballo,
951 811 1458 858 se fué á Málaga derecho,
960 861 1412 904 sentó plaza de soldado
952 911 1468 956 con muchísimo contento,
947 958 1520 1004 á servir al Rey en la guerra
958 1008 1471 1051 haciendo notables hechos.
951 1055 1475 1101 A otro dia, cuando el alba
958 1105 1418 1151 se levantó de su lecho,
951 1152 1472 1198 cuantos por la calle pasan
951 1200 1471 1246 quedan confusos y yertos.
956 1249 1496 1297 Dieron cuenta á la Justicia,
952 1297 1484 1347 los cuales vinieron presto;
956 1347 1420 1391 los señores admirados,
956 1395 1528 1444 despacharon por los cuerpos,
952 1444 1434 1486 donde les dán sepultura.
950 1493 1457 1537 Aquesto sirva de ejemplo
950 1540 1408 1587 á las señoras mujeres,
956 1593 1474 1637 y á los galanes mancebos,
960 1641 1480 1683 que no se precien de amar
958 1687 1492 1733 cosa que tenga otro dueño.
850 1924 1023 2078 FIN.
236 2233 1621 2401 CARMONA:—Imp. y lib. de D. José M. Moreno, Madre de Dios, 1.
