1656 2436
143 175 621 211 se la dió, Diego de Frias
141 223 593 259 el sobreescrito leyendo
138 273 684 310 rompe la nema, y prosigue,
143 320 610 356 estas palabras diciendo:
135 367 578 405 Sobrino del alma mia,
138 417 696 457 mil años te guarde el Cielo,
143 465 594 502 y te libre de enemigos,
144 514 706 554 que contra tí están opuestos.
138 562 610 598 Yo tu tio Don Francisco
140 612 632 650 te envio á decir aquesto,
143 661 653 697 que en Antequera se sabe
145 709 726 749 que en Sevilla estás de cierto,
145 757 641 794 per lo que á buscarte ván
142 806 683 845 Montero, y algunos deudos:
150 857 658 895 Quiero traerte á Carmona,
137 904 722 945 pues yo allí mismo te espero,
139 949 635 989 y en la casa de un amigo
147 999 626 1041 vivirás con gran secreto,
141 1050 604 1089 y nosotros descuidados,
135 1098 698 1136 que son tantos los lamentos
138 1147 734 1187 de tu madre, y tus hermanas,
138 1196 678 1233 las discordias, y los pleitos
144 1244 620 1283 de parte de tu enemigo,
145 1293 567 1329 originados del hecho,
145 1340 595 1379 que me obligan á venir
140 1388 643 1428 á ponerte en salvamento:
137 1438 619 1477 con el portador saldrás,
143 1485 668 1528 á quien encargo el secreto,
143 1536 760 1576 porque antes que venga el alba
146 1584 626 1620 estés de término adentro
142 1632 699 1673 de Carmona, porque en ella
145 1681 604 1717 estarás libre del riesgo.
139 1729 698 1772 El Cielo os guarde, sobrino,
138 1778 566 1815 los años de mi deseo.
140 1828 658 1867 Se quedó el mozo elevado,
136 1876 672 1916 muygpensativo y suspenso:
146 1924 611 1961 la mujer sale, y le dice:
145 1973 646 2012 Mira no sea algun enredo.
139 2020 626 2060 No es enredo, le replica,
143 2069 678 2110 y hemos de ir sin remedio.
140 2118 656 2158 Lo que conviene, señora;
145 2169 682 2208 que al portador regalemos.
142 2217 576 2253 Aprestaron el caballo,
142 2270 632 2305 y aquella noche salieron
1376 120 1408 157 3
853 174 1344 213 por la puerta de la Carne
851 223 1328 262 dama, galan yjescudero.
854 272 1292 308 O desgraciada señora!
855 320 1291 357 ó malogrado mancebo!
853 370 1371 406 que no sabes la desgracia,
852 418 1447 454 que vá en tu acompañamiento!
851 466 1374 503 Mas en llegando á la venta
849 515 1441 552 yá que el alba iba rompiendo
855 565 1321 600 dijo el galan á la dama:
852 613 1357 650 Aqui un rato soseguemos.
856 662 1291 698 Dice Montero, eso nó;
852 710 1396 747 pues vamos con tal secreto,
855 759 1416 795 quiere usted parar en venta?
851 808 1310 843 mas adelante pasemos.
861 856 1329 893 Toman una oculta senda
858 905 1356 941 por unos montes espesos
859 953 1301 990 de pinos, y de jarales:
856 1002 1367 1038 á las umbrías de un cerro
858 1050 1314 1090 volvió Montero la cara,
853 1098 1288 1137 y dice: aquí paremos,
856 1149 1366 1185 para que estemos seguros
859 1197 1296 1233 de todos los pasajeros.
853 1245 1303 1282 Se apearon del caballo
850 1294 1426 1330 los dos muy amantes tiernos
847 1343 1310 1380 diciéndose mil cariños,
851 1390 1278 1428 veneno para Montero.
849 1442 1335 1477 Dice el galan á la dama:
848 1487 1302 1527 Dulce regalado espejo,
851 1536 1421 1575 almorzemos, que yá es hora.
849 1587 1309 1623 Entonces sacó Montero
856 1636 1300 1671 dos furiosas carabinas
848 1684 1360 1722 de los cosidos remiendos,
858 1732 1292 1770 se quitó la mascarilla
856 1782 1358 1819 de las barbas, y malgesto,
857 1827 1291 1867 y en altas voces decia:
858 1878 1336 1915 Yo soy Antonio Montero.
858 1928 1388 1964 La mujer que aquesto oyó,
851 1975 1368 2011 cayó redonda en el suelo.
851 2023 1325 2061 Diego de Frias turbóse,
859 2074 1401 2109 quiso hablar, mas el aliento
860 2122 1325 2159 le faltó, pues le dispara
852 2171 1366 2209 una pistola á este tiempo;
863 2220 1352 2255 que las penetrantes balas
853 2269 1338 2309 le atravesaron el pecho,
