1737 2508
1170 83 1379 238 Núm. 218.
176 942 1502 1117 ANTONIO RONTERO Y DIEGO DE FRIAS.
164 1118 1554 1185 ROMANCE EN QUE SE REFIERE UN RARO SUCESO, Y NO-
156 1169 1554 1233 table tragedia, quejen la Ciudad de Antequera les sucedió á dos Man-
164 1217 1556 1281 cebos muy amigos, el uno llamado Diego de Frias, y el otro Antonio
163 1266 1556 1330 Montero, el cual era casado con una muy hermosa Dama; y como Diego
164 1315 1562 1379 de Frias, habiéndose enamorado de ella, la sacó de su casa, y la llevo á
310 1365 1412 1424 la Ciudad de Sevilla; y como despues Antonio Montero
636 1421 1085 1463 los mató á entrambos.
213 1526 697 1572 A la Vírgen del Rosario
178 1575 674 1619 la suplico me dé aliento,
173 1624 729 1668 mientras mi lengua declara
179 1675 637 1716 el mas notable suceso,
184 1720 786 1763 que en la Ciudad de Antequera
178 1770 735 1811 les sucedió á dos mancebos,
178 1819 694 1860 el uno es Diego de Frias,
180 1866 708 1908 y el otro Antonio Montero.
185 1916 699 1958 Eran ambos muy amigos,
180 1964 725 2005 y de muy cercanos deudos:
188 2014 577 2056 era Montero casado
192 2061 707 2105 con Doña Juana de Cueto,
181 2109 812 2153 blanca y rubia es como un Sol,
188 2159 702 2200 y de lindo entendimiento,
189 2207 748 2251 discreta, entendida y sábia;
194 2255 726 2299 mas aquel dragon soberbio
185 2306 707 2349 siempre tiró á derribarla,
886 1512 1413 1555 armando trazas y enredos.
885 1559 1350 1604 Hizo que se enamorase
895 1608 1387 1652 Diego de Frias, teniendo
889 1658 1383 1701 tanta cabida en su casa:
899 1707 1423 1748 de amores andaba muerto,
895 1755 1381 1797 hasta que la dijo un dia:
899 1804 1367 1845 Si tú pagáras mi afecto,
900 1851 1451 1894 fueras dueña de mis bienes,
900 1899 1508 1942 pues que tanta hacienda tengo.
902 1950 1347 1991 La dama le respondió:
905 1997 1434 2038 Mira, que Antonio Montero
906 2048 1411 2087 es tu amigo, y si lo sabe,
902 2096 1385 2137 mala fortuna tendrémos,
904 2145 1379 2187 mas al fin yo daré traza
904 2191 1515 2234 que nuestro amor disfrutemos.
904 2242 1373 2284 Ingrata muger y frágil,
916 2287 1508 2333 que quebrantando el precepto
