1765 2512
376 194 416 228 2
255 240 791 279 de tu esposo, diste entrada
252 290 794 327 al galan, Jesus, que yerro?
256 337 762 376 Tirano, aleve, qué haces?
260 386 700 423 A tu amigo verdadero
259 435 747 473 una crueldad tan grande
260 483 748 522 sin reparar en el riesgo?
250 529 714 569 Disfrutaron sus amores
255 581 752 619 con muchísimo contento;
253 629 792 667 y como Montero es hombre
256 677 744 718 de reputacion y empeño,
254 725 730 768 temiéndose que lo sepa,
256 773 704 815 toman galas y dineros,
255 825 691 861 y en un ligero caballo
255 873 703 911 una noche se salieron:
260 920 694 959 camino van de Sevilla
259 969 766 1010 estos dos amantes tiernos.
252 1018 784 1061 A aquella Ciudad llegaron,
252 1066 726 1110 allí pusieron su asiento,
260 1114 664 1153 y en una casa vivian
256 1163 726 1204 con muchisimo secreto.
254 1209 818 1252 Volvamos ahora á Antequera
252 1258 666 1302 á declarar el suceso,
252 1309 786 1352 pues cuando Montero vino,
249 1360 815 1397 y halló á su mujer de menos
248 1406 731 1448 aquí de corage tiembla,
251 1453 771 1500 y se abraza en fiero fuego,
252 1504 720 1543 por boca y ojos echaba
254 1549 760 1593 volcanes de vivo incendio.
256 1598 758 1644 Ya se retuerce las manos,
255 1647 730 1689 echando mil juramentos
252 1696 718 1738 de no cortarse la barba,
242 1744 759 1791 ni vestir camisa el cuerpo,
241 1794 724 1838 hasta que matase aquel,
250 1844 770 1884 que maltrataba su crédito.
241 1890 760 1932 Mas de dos meses pasaron
243 1939 663 1979 sin pasearse Montero
249 1987 746 2032 de dia, sino es de noche,
248 2036 728 2079 las diligencias haciendo,
239 2086 752 2126 hasta que alcanzó á saber
238 2136 828 2176 que en Sevilla están de cierto.
244 2184 688 2226 Yá se remuda la ropa,
235 2234 735 2272 y por no ser descubierto,
238 2283 776 2322 se pone unas barbas canas,
246 2332 777 2373 que le tapan todo el pecho,
978 244 1344 285 un jugon ojeteado,
984 294 1556 340 que lleva arrimado al cuerpo,
973 342 1448 382 un gaván de paño pardo
975 391 1590 436 con mas de dos mil remiendos,
976 438 1444 480 entre los cuales llevaba
976 488 1463 531 cuatro volcanes de fuego:
973 537 1350 576 un afilado cuchillo
974 586 1449 629 previno para su intento,
972 635 1378 677 una monterilla vieja,
971 684 1528 726 en medio un casco de acero,
964 731 1430 774 una capa mal formada,
971 779 1484 821 un bordoncillo; y pidiendo
968 828 1448 871 limosna se fué á Sevilla,
965 876 1456 921 y á ella llegó bien presto,
970 924 1490 968 donde estando con cuidado
963 973 1440 1015 las diligencias haciendo
963 1022 1424 1064 un dia en San Salvador
964 1070 1428 1114 tendió la vista Montero,
966 1119 1442 1164 vió pasar á su enemigo,
963 1170 1476 1210 los pasos le fué siguiendo.
964 1216 1480 1260 Lo vido entrar en la casa,
974 1267 1486 1310 preguntó y supo de cierto,
970 1315 1448 1358 que era allí donde vivia,
963 1364 1362 1405 y retirándose luego,
962 1410 1474 1452 le escribió una carta falsa
968 1458 1524 1500 con mas de dos mil enredos
968 1508 1506 1550 de Don Francisco de Frias,
960 1555 1448 1599 tio de aqueste mancebo.
960 1605 1430 1645 En punto de la Oracion
966 1654 1438 1697 llegó á la casa Montero,
962 1705 1552 1744 y dando un golpe á la puerta,
960 1751 1463 1791 le bajó abrir el mancebo:
968 1798 1446 1843 vido un viejo venerable,
964 1848 1420 1890 todo de canas cubierto,
963 1898 1421 1938 y de ropa mal fardado,
962 1948 1418 1985 y los ojos por el suelo;
964 1996 1560 2032 qué se ofrece, padre honrado?
969 2044 1423 2080 (le dice al fingido viejo)
954 2092 1451 2131 y él con grande disimulo
956 2141 1484 2180 preguntaba por él mesmo.
964 2188 1490 2232 Yo soy, le dice al instante,
960 2239 1496 2280 y fingiendo cumplimientos,
948 2287 1432 2326 sacó del pecho la carta,
948 2338 1412 2377 y besándola en el sello,
