1765 2512
299 177 330 214 4
646 229 1166 266 ¿Cómo puedes, linda dama,
576 276 1068 315 el decir que no te quiero,
576 325 1118 363 sabiendo que soy tu amante
565 374 1088 411 por tu persona me muero?
253 468 705 506 Mi corazon bien te llama
213 517 618 556 todas las horas del dia,
208 566 718 603 donde estás, prenda adorada,
213 615 676 650 te quiero y has de ser mia
212 664 698 703 como puedes linda dama.
263 712 618 748 Eres rosa, del deseo
208 760 580 797 con ese mirar afable,
216 808 658 849 dime tú hermoso lucero,
208 857 680 895 como quieres que propale,
207 904 705 942 el decir que no te quiero?
984 469 1411 508 Yo me presento elegante
934 520 1398 559 y veo la hermosa estrella,
936 569 1336 605 la digo muy vigilante,
931 618 1459 657 ¿por qué eres ingrata y bella,
935 668 1490 701 sabiendo que soy tu amante?
983 713 1459 749 Yo vengo por ver si puedo
940 760 1384 799 besar tu hermoso jazmin,
940 810 1408 845 de esa cara de ángel bello
944 857 1332 893 que parece un serafin,
931 907 1434 943 por tu persona me muero.
657 956 893 991 En una cama de ausencia
576 1004 893 1039 cayó enferma mi esperanza;
579 1052 869 1088 lágrimas, tener paciencia,
578 1101 1162 1137 que el tiempo todo lo alcanza.
259 1146 722 1184 Ausente de tu hermosura,
212 1194 630 1233 sin encontrar medicina,
218 1242 576 1279 la calentura maligna
208 1290 634 1329 me lleva á la sepultura;
208 1338 694 1378 no hallo para mí mas cura
212 1386 630 1426 en tan terrible dolencia,
207 1438 615 1472 ya no tengo resistencia
210 1484 586 1521 en tan terrible dolor,
206 1532 612 1571 sufro y cayo mi temor
213 1582 701 1620 en una cama de ausencia.
256 1629 612 1666 El no verte cada dia
208 1677 644 1717 me tiene medio privado,
212 1726 632 1762 con un dolor de costado
207 1776 635 1813 y una grande pulmonia;
209 1824 568 1859 sin duda yo sanaría
206 1871 628 1910 si te viera sin tardanza,
206 1920 639 1957 ya mi alma no descansa
211 1968 608 2006 con el amor del deseo,
202 2016 613 2056 y desde que no te veo
211 2067 762 2103 cayó enferma mi esperanza.
983 1148 1357 1183 Para si puedo aliviar
933 1195 1386 1234 mi tormento y mi pasion,
936 1244 1278 1280 mi afligido corazon
940 1293 1376 1329 me acompaña á suspirar,
938 1341 1300 1378 y mis hojos á llorar,
936 1389 1446 1425 por no estar en tu presencia,
936 1438 1364 1475 con alguna inteligencia,
940 1485 1336 1522 lo que podemos hacer
938 1534 1342 1570 si no nos podemos ver,
941 1584 1441 1620 iágrimas, tener paciencia.
989 1631 1439 1667 Clemencia le pido al cielo
942 1680 1378 1716 con un dolor vehemente,
936 1729 1350 1765 y de no verte presente
930 1777 1455 1814 yo no puedo hallar consuelo,
944 1826 1394 1863 que me olvides no recelo,
933 1873 1316 1909 en tí tengo confianza,
931 1921 1474 1958 aunque es mucha la tardanza,
929 1974 1387 2007 y la desgracia es mi mal,
936 2019 1384 2054 el tiempo lo ha de sanar,
933 2066 1530 2109 que el tiempo todo lo alcanza.
827 2171 964 2209 FIN.
209 2257 1618 2298 CARMONA:—Imprenta de D. J. M. Moreno, calle Madre de Dios, núm. 1
