1737 2508
1387 97 1419 251 3
524 232 992 267 Adios, hermoso lucero,
476 280 905 315 manojo de clavellina,
484 327 1010 364 adios, que por tí me muero
486 376 931 414 me despido, dama fina.
160 472 622 508 A Dios le suplico y ruego
124 520 512 558 el gozar de amor fino,
116 571 612 605 con tus brazos fuera al cielo
127 618 614 654 ¡este es mi clamor contínuo
123 669 566 703 adios, hermoso lucero.
171 715 533 751 Con esa cara tan fina
118 765 533 799 y ese cuerpo tan salado
126 811 522 847 mi ilusion entretenida
112 860 518 897 mirando á todos lados,
120 910 526 945 manojo de clavellina.
893 470 1332 507 El sentimiento que tengo
838 520 1210 555 yo te lo voy á decir,
844 566 1287 604 es que por tí me desvelo
839 614 1348 655 y no puedo estar junto á tí,
843 664 1381 704 adios, que por ti me muero.
892 712 1357 749 Mi pensamiento se inclina
835 762 1254 798 á decirte eres gallarda,
841 810 1203 846 esa ropa que domina
843 859 1241 894 tu cintura enamorada,
843 908 1289 945 me despido, dama fina.
548 956 785 993 Tú eres falsa para mí,
488 1007 783 1043 yo falso para tí no he sido,
488 1053 941 1089 mi corazon tú lo tienes
491 1103 908 1139 trátamelo con cariño.
168 1150 475 1185 Esto te lo digo á tí
130 1198 494 1235 te hablo con lealtad,
128 1246 536 1283 sabes que muero por tí
123 1292 534 1332 y me tratas de olvidar,
128 1345 548 1380 tú eres falsa para mi.
179 1392 666 1429 Cuando te veo me humillo,
124 1440 542 1475 tengo penas mas de mil,
124 1488 599 1527 lloro, me quejo y suspiro,
127 1537 594 1575 no hay consuelo para mí,
127 1588 650 1624 yo falso para ti no he sido.
895 1146 1319 1184 A mi persona la vendes
842 1197 1231 1233 ingrata y sin lealtad,
851 1244 1362 1280 sabiendo que aquí me tienes,
849 1293 1340 1329 por lo que quieras mandar,
853 1342 1304 1378 mi corazon tu lo tienes.
900 1388 1449 1425 Cuando á tu sombra me abrigo
841 1437 1313 1475 yo digo que eres un cielo,
845 1487 1352 1522 y siempre estoy de contínuo
851 1536 1293 1571 en tus brazos prisionero,
855 1585 1278 1621 trátamelo con cariño.
546 1634 832 1671 No sé si la diga estrella,
500 1682 856 1719 ó si la diga lucero;
496 1731 918 1767 la diré sol hechizado,
492 1779 950 1815 hermosa luna de enero.
175 1827 672 1863 Digo que mi dama es bella,
136 1876 576 1912 no me canso de alabarla,
138 1924 596 1962 mi objeto todo es con ella,
129 1972 606 2011 mi alma tengo encantada,
133 2024 596 2060 no sé si la diga estrella.
187 2070 594 2105 A una mujer la venero
140 2118 468 2153 con tanta idolatria,
134 2166 578 2202 no la olvido antes muero
132 2214 523 2251 no se si la llame vida,
135 2264 500 2301 ó si la diga lucero.
908 1826 1377 1861 En un jardin me he parado
852 1874 1248 1910 á ver claveles y rosas,
855 1922 1394 1960 no la encuentro de mas garbo,
857 1971 1374 2007 mi dama es la mas hermosa,
855 2021 1277 2055 la diré sol hechizado.
906 2068 1428 2103 A tus pies con grande anfelo
865 2116 1326 2153 me he llegado á arrodillar;
861 2164 1299 2201 para mí eres ángel bello
859 2214 1294 2249 que yo te quiero adorar,
861 2263 1312 2299 hermosa luna de enero.
