<?xml version="1.0" encoding="UTF-8" standalone="yes"?>
<PcGts xmlns="http://schema.primaresearch.org/PAGE/gts/pagecontent/2013-07-15" xmlns:xsi="http://www.w3.org/2001/XMLSchema-instance" xsi:schemaLocation="http://schema.primaresearch.org/PAGE/gts/pagecontent/2013-07-15 http://schema.primaresearch.org/PAGE/gts/pagecontent/2013-07-15/pagecontent.xsd">
    <Metadata>
        <Creator>prov=University of Rostock/Institute of Mathematics/CITlab|PLANET AI GmbH/Gundram Leifert/gundram.leifert@planet-ai.de:name=Pliegos de Cordel (XIXe) - v3(htr_id=26984)::::v=2.6.7
prov=University of Rostock/Institute of Mathematics/CITlab|PLANET AI GmbH/Tobias Gruening/tobias.gruening@planet-ai.de:name=de.uros.citlab.module.baseline2polygon.B2PSeamMultiOriented:v=2.6.7
prov=University of Rostock/Institute of Mathematics/CITlab|PLANET AI GmbH/Tobias Gruening/tobias.gruening@planet-ai.de:name=/net_tf/LA73_249_0mod360.pb:de.uros.citlab.segmentation.CITlab_LA_ML:v=2.6.7
Transkribus</Creator>
        <Created>2020-10-27T11:06:51.283+01:00</Created>
        <LastChange>2020-10-30T15:51:36.235+01:00</LastChange>
        <TranskribusMetadata docId="525373" pageId="22318125" pageNr="90" tsid="47495840" status="DONE" userId="66244" imgUrl="https://files.transkribus.eu/Get?id=CWTBETRHDMRHGWVJBBCBYHEH&amp;fileType=view" xmlUrl="https://files.transkribus.eu/Get?id=NMWKCEFZWCCNODYVXUMGXEOP" imageId="17387640"/>
    </Metadata>
    <Page imageFilename="Moreno_140_2.jpg" imageWidth="1765" imageHeight="2512">
        <ReadingOrder>
            <OrderedGroup id="ro_1606829694400" caption="Regions reading order">
                <RegionRefIndexed index="0" regionRef="r1"/>
            </OrderedGroup>
        </ReadingOrder>
        <TextRegion orientation="0.0" id="r1" custom="readingOrder {index:0;}">
            <Coords points="182,158 182,2294 1532,2294 1532,158"/>
            <TextLine id="r1l1" custom="readingOrder {index:0;}">
                <Coords points="296,192 336,192 336,158 296,158"/>
                <Baseline points="296,181 336,181"/>
                <TextEquiv>
                    <Unicode>2</Unicode>
                </TextEquiv>
            </TextLine>
            <TextLine id="r1l2" custom="readingOrder {index:1;}">
                <Coords points="623,248 649,248 675,248 701,248 727,248 753,249 779,249 805,249 831,250 857,250 883,251 909,251 935,252 961,252 987,253 1013,254 1039,254 1065,255 1092,256 1092,222 1065,221 1039,220 1013,220 987,219 961,218 935,218 909,217 883,217 857,216 831,216 805,215 779,215 753,215 727,214 701,214 675,214 649,214 623,214"/>
                <Baseline points="623,237 649,237 675,237 701,237 727,237 753,238 779,238 805,238 831,239 857,239 883,240 909,240 935,241 961,241 987,242 1013,243 1039,243 1065,244 1092,245"/>
                <TextEquiv>
                    <Unicode>Cuando veo una Teresa</Unicode>
                </TextEquiv>
            </TextLine>
            <TextLine id="r1l3" custom="readingOrder {index:2;}">
                <Coords points="580,293 605,294 630,295 655,296 681,297 706,297 731,298 756,298 782,298 807,298 832,299 857,299 883,299 908,300 933,300 958,301 984,302 1009,303 1034,304 1060,305 1060,271 1034,270 1009,269 984,268 958,267 933,266 908,266 883,265 857,265 832,265 807,264 782,264 756,264 731,264 706,263 681,263 655,262 630,261 605,260 580,259"/>
                <Baseline points="580,282 605,283 630,284 655,285 681,286 706,286 731,287 756,287 782,287 807,287 832,288 857,288 883,288 908,289 933,289 958,290 984,291 1009,292 1034,293 1060,294"/>
                <TextEquiv>
                    <Unicode>se me representa Juana,</Unicode>
                </TextEquiv>
            </TextLine>
            <TextLine id="r1l4" custom="readingOrder {index:3;}">
                <Coords points="574,341 605,342 636,344 667,344 699,345 730,346 761,346 793,347 824,347 855,347 887,348 918,348 949,349 980,349 1012,350 1043,351 1074,352 1106,354 1137,355 1168,357 1200,359 1200,325 1168,323 1137,321 1106,320 1074,318 1043,317 1012,316 980,315 949,315 918,314 887,314 855,313 824,313 793,313 761,312 730,312 699,311 667,310 636,310 605,308 574,307"/>
                <Baseline points="574,330 605,331 636,333 667,333 699,334 730,335 761,335 793,336 824,336 855,336 887,337 918,337 949,338 980,338 1012,339 1043,340 1074,341 1106,343 1137,344 1168,346 1200,348"/>
                <TextEquiv>
                    <Unicode>tengo mi amor puesto en Rosa,</Unicode>
                </TextEquiv>
            </TextLine>
            <TextLine id="r1l5" custom="readingOrder {index:4;}">
                <Coords points="568,390 594,392 620,393 647,394 673,395 699,395 726,396 752,396 778,396 805,396 831,396 857,396 884,396 910,396 936,397 963,397 989,398 1015,398 1042,400 1068,401 1095,403 1095,369 1068,367 1042,366 1015,364 989,364 963,363 936,363 910,362 884,362 857,362 831,362 805,362 778,362 752,362 726,362 699,361 673,361 647,360 620,359 594,358 568,356"/>
                <Baseline points="568,379 594,381 620,382 647,383 673,384 699,384 726,385 752,385 778,385 805,385 831,385 857,385 884,385 910,385 936,386 963,386 989,387 1015,387 1042,389 1068,390 1095,392"/>
                <TextEquiv>
                    <Unicode>mas yo quiero á Feliciana.</Unicode>
                </TextEquiv>
            </TextLine>
            <TextLine id="r1l6" custom="readingOrder {index:5;}">
                <Coords points="250,481 275,481 301,481 327,482 352,482 378,482 404,483 429,483 455,484 481,484 507,485 532,486 558,486 584,487 609,488 635,489 661,489 686,490 712,492 738,493 764,494 764,460 738,459 712,458 686,456 661,455 635,455 609,454 584,453 558,452 532,452 507,451 481,450 455,450 429,449 404,449 378,448 352,448 327,448 301,447 275,447 250,447"/>
                <Baseline points="250,470 275,470 301,470 327,471 352,471 378,471 404,472 429,472 455,473 481,473 507,474 532,475 558,475 584,476 609,477 635,478 661,478 686,479 712,481 738,482 764,483"/>
                <TextEquiv>
                    <Unicode>Las Dolores, con franqueza, </Unicode>
                </TextEquiv>
            </TextLine>
            <TextLine id="r1l8" custom="readingOrder {index:6;}">
                <Coords points="210,528 236,529 263,529 290,530 316,530 343,530 370,531 397,531 423,531 450,532 477,533 503,533 530,534 557,535 584,536 584,502 557,501 530,500 503,499 477,499 450,498 423,497 397,497 370,497 343,496 316,496 290,496 263,495 236,495 210,494"/>
                <Baseline points="210,517 236,518 263,518 290,519 316,519 343,519 370,520 397,520 423,520 450,521 477,522 503,522 530,523 557,524 584,525"/>
                <TextEquiv>
                    <Unicode>es el lucero del alba,</Unicode>
                </TextEquiv>
            </TextLine>
            <TextLine id="r1l10" custom="readingOrder {index:7;}">
                <Coords points="206,578 232,578 258,578 284,578 310,579 336,579 362,579 388,580 414,580 441,581 467,581 493,582 519,582 545,583 571,584 597,585 623,586 650,588 650,555 623,553 597,552 571,551 545,550 519,549 493,549 467,548 441,548 414,547 388,547 362,546 336,546 310,546 284,545 258,545 232,545 206,545"/>
                <Baseline points="206,567 232,567 258,567 284,567 310,568 336,568 362,568 388,569 414,569 441,570 467,570 493,571 519,571 545,572 571,573 597,574 623,575 650,577"/>
                <TextEquiv>
                    <Unicode>Antonia es una princesa, </Unicode>
                </TextEquiv>
            </TextLine>
            <TextLine id="r1l12" custom="readingOrder {index:8;}">
                <Coords points="208,624 233,625 258,626 283,626 308,627 333,627 358,628 383,628 408,628 434,629 459,629 484,629 509,630 534,630 559,631 584,632 609,632 634,633 660,634 660,601 634,600 609,599 584,599 559,598 534,597 509,597 484,596 459,596 434,596 408,595 383,595 358,595 333,594 308,594 283,593 258,593 233,592 208,591"/>
                <Baseline points="208,613 233,614 258,615 283,615 308,616 333,616 358,617 383,617 408,617 434,618 459,618 484,618 509,619 534,619 559,620 584,621 609,621 634,622 660,623"/>
                <TextEquiv>
                    <Unicode>á Melchora diera el alma</Unicode>
                </TextEquiv>
            </TextLine>
            <TextLine id="r1l14" custom="readingOrder {index:9;}">
                <Coords points="203,676 228,676 254,676 280,676 306,676 332,677 358,677 384,677 410,678 436,678 462,679 488,680 514,680 540,681 566,681 592,682 618,682 644,682 670,682 670,648 644,648 618,648 592,648 566,647 540,647 514,646 488,646 462,645 436,644 410,644 384,643 358,643 332,643 306,642 280,642 254,642 228,642 203,642"/>
                <Baseline points="203,665 228,665 254,665 280,665 306,665 332,666 358,666 384,666 410,667 436,667 462,668 488,669 514,669 540,670 566,670 592,671 618,671 644,671 670,671"/>
                <TextEquiv>
                    <Unicode>cuando veo una Teresa.</Unicode>
                </TextEquiv>
            </TextLine>
            <TextLine id="r1l16" custom="readingOrder {index:10;}">
                <Coords points="250,722 277,723 304,723 331,724 359,724 386,725 413,725 441,726 468,726 495,727 523,727 550,728 577,729 604,729 632,730 659,730 686,731 714,731 741,732 768,733 796,734 796,700 768,699 741,698 714,697 686,697 659,696 632,696 604,695 577,695 550,694 523,693 495,693 468,692 441,692 413,691 386,691 359,690 331,690 304,689 277,689 250,688"/>
                <Baseline points="250,711 277,712 304,712 331,713 359,713 386,714 413,714 441,715 468,715 495,716 523,716 550,717 577,718 604,718 632,719 659,719 686,720 714,720 741,721 768,722 796,723"/>
                <TextEquiv>
                    <Unicode>Viene el sol con grande maña</Unicode>
                </TextEquiv>
            </TextLine>
            <TextLine id="r1l18" custom="readingOrder {index:11;}">
                <Coords points="199,773 224,773 250,773 276,773 301,773 327,773 353,773 379,773 404,774 430,774 456,774 481,775 507,776 533,776 559,777 584,778 610,778 636,779 662,780 662,747 636,746 610,745 584,745 559,744 533,743 507,743 481,742 456,741 430,741 404,741 379,740 353,740 327,740 301,740 276,740 250,740 224,740 199,740"/>
                <Baseline points="199,762 224,762 250,762 276,762 301,762 327,762 353,762 379,762 404,763 430,763 456,763 481,764 507,765 533,765 559,766 584,767 610,767 636,768 662,769"/>
                <TextEquiv>
                    <Unicode>y le salgo á su encuentro,</Unicode>
                </TextEquiv>
            </TextLine>
            <TextLine id="r1l20" custom="readingOrder {index:12;}">
                <Coords points="202,818 227,818 253,819 279,819 305,820 331,820 357,821 383,821 409,822 434,823 460,823 486,824 512,824 538,825 564,826 590,827 616,827 616,794 590,794 564,793 538,792 512,791 486,791 460,790 434,790 409,789 383,788 357,788 331,787 305,787 279,786 253,786 227,785 202,785"/>
                <Baseline points="202,807 227,807 253,808 279,808 305,809 331,809 357,810 383,810 409,811 434,812 460,812 486,813 512,813 538,814 564,815 590,816 616,816"/>
                <TextEquiv>
                    <Unicode>la Pilar es buena dama</Unicode>
                </TextEquiv>
            </TextLine>
            <TextLine id="r1l22" custom="readingOrder {index:13;}">
                <Coords points="200,866 225,867 250,868 275,868 300,869 326,870 351,870 376,870 401,871 427,871 452,872 477,872 502,873 527,873 553,874 578,874 603,875 628,876 654,877 654,843 628,842 603,841 578,840 553,840 527,839 502,839 477,838 452,838 427,837 401,837 376,836 351,836 326,836 300,835 275,834 250,834 225,833 200,832"/>
                <Baseline points="200,855 225,856 250,857 275,857 300,858 326,859 351,859 376,859 401,860 427,860 452,861 477,861 502,862 527,862 553,863 578,863 603,864 628,865 654,866"/>
                <TextEquiv>
                    <Unicode>con Pepita fuera al cielo;</Unicode>
                </TextEquiv>
            </TextLine>
            <TextLine id="r1l24" custom="readingOrder {index:14;}">
                <Coords points="203,917 229,918 255,918 281,919 308,919 334,920 360,920 386,921 413,921 439,921 465,922 492,922 518,923 544,923 570,924 597,924 623,925 649,926 676,926 676,892 649,892 623,891 597,890 570,890 544,889 518,889 492,888 465,888 439,887 413,887 386,887 360,886 334,886 308,885 281,885 255,884 229,884 203,883"/>
                <Baseline points="203,906 229,907 255,907 281,908 308,908 334,909 360,909 386,910 413,910 439,910 465,911 492,911 518,912 544,912 570,913 597,913 623,914 649,915 676,915"/>
                <TextEquiv>
                    <Unicode>se me representa Juana.</Unicode>
                </TextEquiv>
            </TextLine>
            <TextLine id="r1l7" custom="readingOrder {index:15;}">
                <Coords points="985,493 1011,494 1037,495 1063,497 1089,497 1115,498 1142,498 1168,499 1194,500 1220,500 1246,501 1273,501 1299,502 1325,503 1351,504 1377,505 1404,507 1404,473 1377,471 1351,470 1325,469 1299,468 1273,467 1246,467 1220,466 1194,466 1168,465 1142,464 1115,464 1089,463 1063,463 1037,461 1011,460 985,459"/>
                <Baseline points="985,482 1011,483 1037,484 1063,486 1089,486 1115,487 1142,487 1168,488 1194,489 1220,489 1246,490 1273,490 1299,491 1325,492 1351,493 1377,494 1404,496"/>
                <TextEquiv>
                    <Unicode>Encarnacion primorosa, </Unicode>
                </TextEquiv>
            </TextLine>
            <TextLine id="r1l9" custom="readingOrder {index:16;}">
                <Coords points="934,542 960,542 986,543 1012,543 1038,544 1064,544 1090,545 1116,546 1142,546 1168,547 1194,548 1220,549 1246,549 1272,550 1298,551 1324,551 1350,552 1376,553 1402,554 1402,520 1376,519 1350,518 1324,517 1298,517 1272,516 1246,515 1220,515 1194,514 1168,513 1142,512 1116,512 1090,511 1064,510 1038,510 1012,509 986,509 960,508 934,508"/>
                <Baseline points="934,531 960,531 986,532 1012,532 1038,533 1064,533 1090,534 1116,535 1142,535 1168,536 1194,537 1220,538 1246,538 1272,539 1298,540 1324,540 1350,541 1376,542 1402,543"/>
                <TextEquiv>
                    <Unicode>por tu persona me muero,</Unicode>
                </TextEquiv>
            </TextLine>
            <TextLine id="r1l11" custom="readingOrder {index:17;}">
                <Coords points="932,593 957,592 982,591 1007,591 1032,591 1057,591 1082,591 1108,592 1133,593 1158,593 1183,594 1208,595 1233,596 1258,597 1284,598 1309,598 1334,599 1359,599 1384,600 1409,600 1435,600 1435,569 1409,569 1384,569 1359,568 1334,568 1309,567 1284,567 1258,566 1233,565 1208,564 1183,563 1158,562 1133,562 1108,561 1082,560 1057,560 1032,560 1007,560 982,560 957,561 932,562"/>
                <Baseline points="932,583 957,582 982,581 1007,581 1032,581 1057,581 1082,581 1108,582 1133,583 1158,583 1183,584 1208,585 1233,586 1258,587 1284,588 1309,588 1334,589 1359,589 1384,590 1409,590 1435,590"/>
                <TextEquiv>
                    <Unicode>y aunque Gertrudis hermosa</Unicode>
                </TextEquiv>
            </TextLine>
            <TextLine id="r1l13" custom="readingOrder {index:18;}">
                <Coords points="938,637 963,638 988,638 1013,639 1038,639 1063,640 1088,641 1113,641 1138,642 1163,642 1188,643 1213,644 1238,645 1263,645 1288,646 1313,647 1338,647 1338,616 1313,616 1288,615 1263,614 1238,614 1213,613 1188,612 1163,611 1138,611 1113,610 1088,610 1063,609 1038,608 1013,608 988,607 963,607 938,606"/>
                <Baseline points="938,627 963,628 988,628 1013,629 1038,629 1063,630 1088,631 1113,631 1138,632 1163,632 1188,633 1213,634 1238,635 1263,635 1288,636 1313,637 1338,637"/>
                <TextEquiv>
                    <Unicode>es ángel del alto cielo,</Unicode>
                </TextEquiv>
            </TextLine>
            <TextLine id="r1l15" custom="readingOrder {index:19;}">
                <Coords points="938,688 967,689 997,689 1027,690 1056,690 1086,691 1116,692 1145,692 1175,693 1205,694 1235,695 1264,695 1294,696 1324,697 1353,697 1383,698 1413,699 1442,699 1472,700 1502,701 1532,702 1532,668 1502,667 1472,666 1442,665 1413,665 1383,664 1353,663 1324,663 1294,662 1264,661 1235,661 1205,660 1175,659 1145,658 1116,658 1086,657 1056,656 1027,656 997,655 967,655 938,654"/>
                <Baseline points="938,677 967,678 997,678 1027,679 1056,679 1086,680 1116,681 1145,681 1175,682 1205,683 1235,684 1264,684 1294,685 1324,686 1353,686 1383,687 1413,688 1442,688 1472,689 1502,690 1532,691"/>
                <TextEquiv>
                    <Unicode>tengo mi amor puesto en Rosa.</Unicode>
                </TextEquiv>
            </TextLine>
            <TextLine id="r1l17" custom="readingOrder {index:20;}">
                <Coords points="989,735 1015,736 1041,737 1067,738 1093,739 1119,740 1145,740 1171,741 1197,741 1223,742 1249,743 1275,743 1301,744 1327,745 1353,746 1379,747 1406,748 1406,714 1379,713 1353,712 1327,711 1301,710 1275,709 1249,709 1223,708 1197,707 1171,707 1145,706 1119,706 1093,705 1067,704 1041,703 1015,702 989,701"/>
                <Baseline points="989,724 1015,725 1041,726 1067,727 1093,728 1119,729 1145,729 1171,730 1197,730 1223,731 1249,732 1275,732 1301,733 1327,734 1353,735 1379,736 1406,737"/>
                <TextEquiv>
                    <Unicode>Vicenta, si te alcanzara,</Unicode>
                </TextEquiv>
            </TextLine>
            <TextLine id="r1l19" custom="readingOrder {index:21;}">
                <Coords points="928,785 953,785 979,786 1004,786 1030,786 1056,787 1081,787 1107,788 1133,788 1158,789 1184,789 1209,790 1235,791 1261,792 1286,793 1312,794 1338,794 1338,760 1312,760 1286,759 1261,758 1235,757 1209,756 1184,755 1158,755 1133,754 1107,754 1081,753 1056,753 1030,752 1004,752 979,752 953,751 928,751"/>
                <Baseline points="928,774 953,774 979,775 1004,775 1030,775 1056,776 1081,776 1107,777 1133,777 1158,778 1184,778 1209,779 1235,780 1261,781 1286,782 1312,783 1338,783"/>
                <TextEquiv>
                    <Unicode>prenda de mi corazón;</Unicode>
                </TextEquiv>
            </TextLine>
            <TextLine id="r1l21" custom="readingOrder {index:22;}">
                <Coords points="932,832 957,833 983,833 1008,834 1034,834 1059,834 1085,835 1110,836 1136,836 1161,837 1187,838 1212,839 1238,839 1263,841 1289,841 1314,843 1340,844 1340,811 1314,810 1289,808 1263,808 1238,806 1212,806 1187,805 1161,804 1136,803 1110,803 1085,802 1059,801 1034,801 1008,801 983,800 957,800 932,799"/>
                <Baseline points="932,821 957,822 983,822 1008,823 1034,823 1059,823 1085,824 1110,825 1136,825 1161,826 1187,827 1212,828 1238,828 1263,830 1289,830 1314,832 1340,833"/>
                <TextEquiv>
                    <Unicode>te diré de buena gana,</Unicode>
                </TextEquiv>
            </TextLine>
            <TextLine id="r1l23" custom="readingOrder {index:23;}">
                <Coords points="932,881 957,882 983,882 1009,883 1035,883 1060,884 1086,884 1112,885 1138,885 1164,886 1189,886 1215,887 1241,887 1267,888 1293,889 1318,890 1344,890 1370,892 1396,893 1422,894 1422,860 1396,859 1370,858 1344,856 1318,856 1293,855 1267,854 1241,853 1215,853 1189,852 1164,852 1138,851 1112,851 1086,850 1060,850 1035,849 1009,849 983,848 957,848 932,847"/>
                <Baseline points="932,870 957,871 983,871 1009,872 1035,872 1060,873 1086,873 1112,874 1138,874 1164,875 1189,875 1215,876 1241,876 1267,877 1293,878 1318,879 1344,879 1370,881 1396,882 1422,883"/>
                <TextEquiv>
                    <Unicode>que eres linda como el sol,</Unicode>
                </TextEquiv>
            </TextLine>
            <TextLine id="r1l25" custom="readingOrder {index:24;}">
                <Coords points="928,930 954,930 980,931 1006,932 1032,933 1059,934 1085,934 1111,935 1137,936 1163,936 1190,937 1216,938 1242,938 1268,939 1294,939 1321,940 1347,940 1373,941 1399,941 1425,942 1452,942 1452,908 1425,908 1399,907 1373,907 1347,906 1321,906 1294,905 1268,905 1242,904 1216,904 1190,903 1163,902 1137,902 1111,901 1085,900 1059,900 1032,899 1006,898 980,897 954,896 928,896"/>
                <Baseline points="928,919 954,919 980,920 1006,921 1032,922 1059,923 1085,923 1111,924 1137,925 1163,925 1190,926 1216,927 1242,927 1268,928 1294,928 1321,929 1347,929 1373,930 1399,930 1425,931 1452,931"/>
                <TextEquiv>
                    <Unicode>mas yo quiero á Feliciana.</Unicode>
                </TextEquiv>
            </TextLine>
            <TextLine id="r1l26" custom="readingOrder {index:25;}">
                <Coords points="612,973 639,973 667,974 695,974 723,974 751,975 779,976 807,977 835,979 835,945 807,943 779,942 751,941 723,940 695,940 667,940 639,939 612,939"/>
                <Baseline points="612,962 639,962 667,963 695,963 723,963 751,964 779,965 807,966 835,968"/>
                <TextEquiv>
                    <Unicode>Dueño mio, sí te vas</Unicode>
                </TextEquiv>
            </TextLine>
            <TextLine id="r1l30" custom="readingOrder {index:26;}">
                <Coords points="564,1020 590,1020 616,1021 642,1022 668,1022 695,1023 721,1023 747,1024 773,1024 800,1025 826,1025 852,1025 878,1026 905,1027 931,1028 957,1029 983,1030 1010,1031 1010,997 983,996 957,995 931,994 905,993 878,992 852,991 826,991 800,991 773,990 747,990 721,989 695,989 668,988 642,988 616,987 590,986 564,986"/>
                <Baseline points="564,1009 590,1009 616,1010 642,1011 668,1011 695,1012 721,1012 747,1013 773,1013 800,1014 826,1014 852,1014 878,1015 905,1016 931,1017 957,1018 983,1019 1010,1020"/>
                <TextEquiv>
                    <Unicode>me dejas desamparada,</Unicode>
                </TextEquiv>
            </TextLine>
            <TextLine id="r1l31" custom="readingOrder {index:27;}">
                <Coords points="564,1068 589,1069 614,1070 640,1070 665,1071 691,1071 716,1072 741,1072 767,1072 792,1073 818,1073 843,1073 868,1074 894,1074 919,1075 945,1076 970,1077 996,1078 996,1044 970,1043 945,1042 919,1041 894,1040 868,1040 843,1039 818,1039 792,1039 767,1038 741,1038 716,1038 691,1037 665,1037 640,1036 614,1036 589,1035 564,1034"/>
                <Baseline points="564,1057 589,1058 614,1059 640,1059 665,1060 691,1060 716,1061 741,1061 767,1061 792,1062 818,1062 843,1062 868,1063 894,1063 919,1064 945,1065 970,1066 996,1067"/>
                <TextEquiv>
                    <Unicode>dime si me escribiras,</Unicode>
                </TextEquiv>
            </TextLine>
            <TextLine id="r1l32" custom="readingOrder {index:28;}">
                <Coords points="561,1116 587,1117 613,1118 639,1119 665,1120 691,1120 718,1120 744,1121 770,1121 796,1121 822,1122 848,1122 875,1122 901,1123 927,1123 953,1124 979,1125 1005,1126 1032,1126 1032,1093 1005,1093 979,1092 953,1091 927,1090 901,1090 875,1089 848,1089 822,1089 796,1088 770,1088 744,1088 718,1087 691,1087 665,1087 639,1086 613,1085 587,1084 561,1083"/>
                <Baseline points="561,1105 587,1106 613,1107 639,1108 665,1109 691,1109 718,1109 744,1110 770,1110 796,1110 822,1111 848,1111 875,1111 901,1112 927,1112 953,1113 979,1114 1005,1115 1032,1115"/>
                <TextEquiv>
                    <Unicode>para saber donde paras.</Unicode>
                </TextEquiv>
            </TextLine>
            <TextLine id="r1l33" custom="readingOrder {index:29;}">
                <Coords points="241,1162 268,1160 295,1159 322,1159 349,1159 376,1159 403,1160 430,1160 457,1161 484,1162 511,1163 538,1163 538,1132 511,1132 484,1131 457,1130 430,1129 403,1129 376,1128 349,1128 322,1128 295,1128 268,1129 241,1131"/>
                <Baseline points="241,1152 268,1150 295,1149 322,1149 349,1149 376,1149 403,1150 430,1150 457,1151 484,1152 511,1153 538,1153"/>
                <TextEquiv>
                    <Unicode>Que triste me dejarás,</Unicode>
                </TextEquiv>
            </TextLine>
            <TextLine id="r1l36" custom="readingOrder {index:30;}">
                <Coords points="192,1205 218,1205 244,1206 270,1206 296,1206 322,1207 348,1207 375,1207 401,1208 427,1208 453,1209 479,1210 505,1211 531,1212 558,1213 558,1182 531,1181 505,1180 479,1179 453,1178 427,1177 401,1177 375,1176 348,1176 322,1176 296,1175 270,1175 244,1175 218,1174 192,1174"/>
                <Baseline points="192,1195 218,1195 244,1196 270,1196 296,1196 322,1197 348,1197 375,1197 401,1198 427,1198 453,1199 479,1200 505,1201 531,1202 558,1203"/>
                <TextEquiv>
                    <Unicode>miraré y no te veré, </Unicode>
                </TextEquiv>
            </TextLine>
            <TextLine id="r1l38" custom="readingOrder {index:31;}">
                <Coords points="200,1254 226,1255 253,1255 279,1256 306,1256 333,1256 359,1256 386,1257 412,1257 439,1258 466,1259 492,1260 519,1261 546,1264 546,1231 519,1228 492,1227 466,1226 439,1225 412,1224 386,1224 359,1223 333,1223 306,1223 279,1223 253,1222 226,1222 200,1221"/>
                <Baseline points="200,1243 226,1244 253,1244 279,1245 306,1245 333,1245 359,1245 386,1246 412,1246 439,1247 466,1248 492,1249 519,1250 546,1253"/>
                <TextEquiv>
                    <Unicode>no cesaré de llorar,</Unicode>
                </TextEquiv>
            </TextLine>
            <TextLine id="r1l40" custom="readingOrder {index:32;}">
                <Coords points="195,1301 220,1301 245,1302 270,1303 296,1304 321,1304 346,1305 371,1306 397,1306 422,1307 447,1307 472,1308 498,1308 523,1309 548,1310 574,1311 574,1278 548,1277 523,1276 498,1275 472,1275 447,1274 422,1274 397,1273 371,1273 346,1272 321,1271 296,1271 270,1270 245,1269 220,1268 195,1268"/>
                <Baseline points="195,1290 220,1290 245,1291 270,1292 296,1293 321,1293 346,1294 371,1295 397,1295 422,1296 447,1296 472,1297 498,1297 523,1298 548,1299 574,1300"/>
                <TextEquiv>
                    <Unicode>tan sola me quedaré, </Unicode>
                </TextEquiv>
            </TextLine>
            <TextLine id="r1l42" custom="readingOrder {index:33;}">
                <Coords points="189,1351 214,1352 239,1352 264,1353 289,1354 314,1354 340,1354 365,1355 390,1355 415,1355 440,1356 466,1356 491,1356 516,1357 541,1358 566,1359 592,1360 592,1327 566,1326 541,1325 516,1324 491,1323 466,1323 440,1323 415,1322 390,1322 365,1322 340,1321 314,1321 289,1321 264,1320 239,1319 214,1319 189,1318"/>
                <Baseline points="189,1340 214,1341 239,1341 264,1342 289,1343 314,1343 340,1343 365,1344 390,1344 415,1344 440,1345 466,1345 491,1345 516,1346 541,1347 566,1348 592,1349"/>
                <TextEquiv>
                    <Unicode>dueño mio, si te vas.</Unicode>
                </TextEquiv>
            </TextLine>
            <TextLine id="r1l44" custom="readingOrder {index:34;}">
                <Coords points="238,1398 263,1399 288,1399 313,1400 338,1401 363,1401 389,1402 414,1402 439,1403 464,1403 489,1404 514,1405 540,1406 565,1407 590,1407 615,1408 640,1409 665,1410 691,1411 691,1378 665,1377 640,1376 615,1375 590,1374 565,1374 540,1373 514,1372 489,1371 464,1370 439,1370 414,1369 389,1369 363,1368 338,1368 313,1367 288,1366 263,1366 238,1365"/>
                <Baseline points="238,1387 263,1388 288,1388 313,1389 338,1390 363,1390 389,1391 414,1391 439,1392 464,1392 489,1393 514,1394 540,1395 565,1396 590,1396 615,1397 640,1398 665,1399 691,1400"/>
                <TextEquiv>
                    <Unicode>Mis ojos vueltos en agua. </Unicode>
                </TextEquiv>
            </TextLine>
            <TextLine id="r1l46" custom="readingOrder {index:35;}">
                <Coords points="192,1446 218,1447 245,1448 272,1449 298,1449 325,1450 352,1450 379,1450 405,1451 432,1451 459,1451 485,1452 512,1454 539,1456 566,1457 566,1423 539,1422 512,1420 485,1418 459,1417 432,1417 405,1417 379,1416 352,1416 325,1416 298,1415 272,1415 245,1414 218,1413 192,1412"/>
                <Baseline points="192,1435 218,1436 245,1437 272,1438 298,1438 325,1439 352,1439 379,1439 405,1440 432,1440 459,1440 485,1441 512,1443 539,1445 566,1446"/>
                <TextEquiv>
                    <Unicode>mi corazon dolorido,</Unicode>
                </TextEquiv>
            </TextLine>
            <TextLine id="r1l48" custom="readingOrder {index:36;}">
                <Coords points="194,1494 220,1495 246,1496 272,1497 298,1497 324,1498 350,1498 376,1499 403,1499 429,1499 455,1500 481,1500 507,1501 533,1502 559,1503 585,1504 612,1506 612,1472 585,1470 559,1469 533,1468 507,1467 481,1466 455,1466 429,1465 403,1465 376,1465 350,1464 324,1464 298,1463 272,1463 246,1462 220,1461 194,1460"/>
                <Baseline points="194,1483 220,1484 246,1485 272,1486 298,1486 324,1487 350,1487 376,1488 403,1488 429,1488 455,1489 481,1489 507,1490 533,1491 559,1492 585,1493 612,1495"/>
                <TextEquiv>
                    <Unicode>me quedo desconsolada, </Unicode>
                </TextEquiv>
            </TextLine>
            <TextLine id="r1l50" custom="readingOrder {index:37;}">
                <Coords points="191,1543 216,1544 241,1545 266,1545 291,1546 317,1546 342,1547 367,1547 392,1548 417,1548 443,1548 468,1548 493,1549 518,1549 543,1550 569,1551 594,1552 619,1554 644,1555 670,1557 670,1523 644,1521 619,1520 594,1518 569,1517 543,1516 518,1515 493,1515 468,1514 443,1514 417,1514 392,1514 367,1513 342,1513 317,1512 291,1512 266,1511 241,1511 216,1510 191,1509"/>
                <Baseline points="191,1532 216,1533 241,1534 266,1534 291,1535 317,1535 342,1536 367,1536 392,1537 417,1537 443,1537 468,1537 493,1538 518,1538 543,1539 569,1540 594,1541 619,1543 644,1544 670,1546"/>
                <TextEquiv>
                    <Unicode>anda con Dios, dueño mio,</Unicode>
                </TextEquiv>
            </TextLine>
            <TextLine id="r1l52" custom="readingOrder {index:38;}">
                <Coords points="185,1594 211,1594 237,1595 263,1595 289,1596 315,1596 341,1597 367,1597 393,1598 419,1598 445,1599 471,1599 497,1599 523,1600 549,1601 575,1602 601,1602 627,1604 653,1605 653,1571 627,1570 601,1568 575,1568 549,1567 523,1566 497,1565 471,1565 445,1565 419,1564 393,1564 367,1563 341,1563 315,1562 289,1562 263,1561 237,1561 211,1560 185,1560"/>
                <Baseline points="185,1583 211,1583 237,1584 263,1584 289,1585 315,1585 341,1586 367,1586 393,1587 419,1587 445,1588 471,1588 497,1588 523,1589 549,1590 575,1591 601,1591 627,1593 653,1594"/>
                <TextEquiv>
                    <Unicode>me dejas desamparada.</Unicode>
                </TextEquiv>
            </TextLine>
            <TextLine id="r1l35" custom="readingOrder {index:39;}">
                <Coords points="976,1170 1001,1171 1027,1171 1052,1172 1078,1173 1104,1174 1129,1174 1155,1175 1181,1176 1206,1177 1232,1178 1257,1179 1283,1179 1309,1180 1334,1182 1360,1182 1386,1183 1386,1150 1360,1149 1334,1149 1309,1147 1283,1146 1257,1146 1232,1145 1206,1144 1181,1143 1155,1142 1129,1141 1104,1141 1078,1140 1052,1139 1027,1138 1001,1138 976,1137"/>
                <Baseline points="976,1159 1001,1160 1027,1160 1052,1161 1078,1162 1104,1163 1129,1163 1155,1164 1181,1165 1206,1166 1232,1167 1257,1168 1283,1168 1309,1169 1334,1171 1360,1171 1386,1172"/>
                <TextEquiv>
                    <Unicode>De mí no te acordarás,</Unicode>
                </TextEquiv>
            </TextLine>
            <TextLine id="r1l37" custom="readingOrder {index:40;}">
                <Coords points="928,1222 953,1221 979,1221 1004,1221 1030,1221 1055,1221 1081,1222 1106,1222 1132,1223 1157,1223 1183,1224 1208,1225 1234,1226 1259,1227 1285,1227 1310,1228 1336,1228 1336,1195 1310,1195 1285,1194 1259,1194 1234,1193 1208,1192 1183,1191 1157,1190 1132,1190 1106,1189 1081,1189 1055,1188 1030,1188 1004,1188 979,1188 953,1188 928,1189"/>
                <Baseline points="928,1211 953,1210 979,1210 1004,1210 1030,1210 1055,1210 1081,1211 1106,1211 1132,1212 1157,1212 1183,1213 1208,1214 1234,1215 1259,1216 1285,1216 1310,1217 1336,1217"/>
                <TextEquiv>
                    <Unicode>yo muriéndome por tí:</Unicode>
                </TextEquiv>
            </TextLine>
            <TextLine id="r1l39" custom="readingOrder {index:41;}">
                <Coords points="920,1270 947,1269 974,1269 1001,1269 1028,1269 1055,1270 1082,1270 1109,1271 1136,1271 1163,1272 1190,1272 1217,1273 1244,1274 1271,1275 1298,1275 1325,1276 1352,1277 1379,1277 1406,1278 1433,1278 1460,1278 1460,1245 1433,1245 1406,1245 1379,1244 1352,1244 1325,1243 1298,1242 1271,1242 1244,1241 1217,1240 1190,1239 1163,1239 1136,1238 1109,1238 1082,1237 1055,1237 1028,1236 1001,1236 974,1236 947,1236 920,1237"/>
                <Baseline points="920,1259 947,1258 974,1258 1001,1258 1028,1258 1055,1259 1082,1259 1109,1260 1136,1260 1163,1261 1190,1261 1217,1262 1244,1263 1271,1264 1298,1264 1325,1265 1352,1266 1379,1266 1406,1267 1433,1267 1460,1267"/>
                <TextEquiv>
                    <Unicode>pienso que me has de olvidar,</Unicode>
                </TextEquiv>
            </TextLine>
            <TextLine id="r1l41" custom="readingOrder {index:42;}">
                <Coords points="926,1313 951,1314 976,1315 1001,1316 1026,1316 1051,1317 1076,1318 1101,1318 1126,1319 1151,1319 1176,1320 1201,1320 1226,1321 1251,1322 1276,1323 1301,1323 1326,1325 1352,1326 1352,1295 1326,1294 1301,1292 1276,1292 1251,1291 1226,1290 1201,1289 1176,1289 1151,1288 1126,1288 1101,1287 1076,1287 1051,1286 1026,1285 1001,1285 976,1284 951,1283 926,1282"/>
                <Baseline points="926,1303 951,1304 976,1305 1001,1306 1026,1306 1051,1307 1076,1308 1101,1308 1126,1309 1151,1309 1176,1310 1201,1310 1226,1311 1251,1312 1276,1313 1301,1313 1326,1315 1352,1316"/>
                <TextEquiv>
                    <Unicode>tengo penas mas de mil,</Unicode>
                </TextEquiv>
            </TextLine>
            <TextLine id="r1l43" custom="readingOrder {index:43;}">
                <Coords points="924,1364 950,1365 976,1366 1003,1367 1029,1367 1055,1368 1082,1368 1108,1369 1135,1369 1161,1370 1187,1370 1214,1371 1240,1371 1266,1372 1293,1372 1319,1373 1346,1373 1346,1339 1319,1339 1293,1338 1266,1338 1240,1337 1214,1337 1187,1336 1161,1336 1135,1335 1108,1335 1082,1334 1055,1334 1029,1333 1003,1333 976,1332 950,1331 924,1330"/>
                <Baseline points="924,1353 950,1354 976,1355 1003,1356 1029,1356 1055,1357 1082,1357 1108,1358 1135,1358 1161,1359 1187,1359 1214,1360 1240,1360 1266,1361 1293,1361 1319,1362 1346,1362"/>
                <TextEquiv>
                    <Unicode>dime si me escribirás.</Unicode>
                </TextEquiv>
            </TextLine>
            <TextLine id="r1l45" custom="readingOrder {index:44;}">
                <Coords points="964,1412 989,1413 1015,1414 1041,1414 1067,1415 1093,1415 1119,1416 1145,1417 1171,1417 1197,1418 1223,1418 1249,1419 1275,1419 1301,1420 1327,1420 1353,1421 1379,1421 1379,1387 1353,1387 1327,1386 1301,1386 1275,1385 1249,1385 1223,1384 1197,1384 1171,1383 1145,1383 1119,1382 1093,1381 1067,1381 1041,1380 1015,1380 989,1379 964,1378"/>
                <Baseline points="964,1401 989,1402 1015,1403 1041,1403 1067,1404 1093,1404 1119,1405 1145,1406 1171,1406 1197,1407 1223,1407 1249,1408 1275,1408 1301,1409 1327,1409 1353,1410 1379,1410"/>
                <TextEquiv>
                    <Unicode>Me quedaré desmayada</Unicode>
                </TextEquiv>
            </TextLine>
            <TextLine id="r1l47" custom="readingOrder {index:45;}">
                <Coords points="916,1460 942,1460 968,1461 995,1462 1021,1463 1048,1463 1074,1463 1100,1464 1127,1464 1153,1465 1180,1465 1206,1466 1232,1467 1259,1468 1285,1469 1312,1470 1312,1436 1285,1435 1259,1434 1232,1433 1206,1432 1180,1431 1153,1431 1127,1430 1100,1430 1074,1429 1048,1429 1021,1429 995,1428 968,1427 942,1426 916,1426"/>
                <Baseline points="916,1449 942,1449 968,1450 995,1451 1021,1452 1048,1452 1074,1452 1100,1453 1127,1453 1153,1454 1180,1454 1206,1455 1232,1456 1259,1457 1285,1458 1312,1459"/>
                <TextEquiv>
                    <Unicode>cuando no te vea á tí,</Unicode>
                </TextEquiv>
            </TextLine>
            <TextLine id="r1l49" custom="readingOrder {index:46;}">
                <Coords points="913,1507 938,1508 963,1509 988,1510 1013,1511 1038,1511 1063,1512 1088,1512 1113,1512 1138,1512 1163,1513 1188,1513 1213,1514 1238,1515 1263,1515 1288,1517 1313,1519 1338,1521 1338,1487 1313,1485 1288,1483 1263,1481 1238,1481 1213,1480 1188,1479 1163,1479 1138,1478 1113,1478 1088,1478 1063,1478 1038,1477 1013,1477 988,1476 963,1475 938,1474 913,1473"/>
                <Baseline points="913,1496 938,1497 963,1498 988,1499 1013,1500 1038,1500 1063,1501 1088,1501 1113,1501 1138,1501 1163,1502 1188,1502 1213,1503 1238,1504 1263,1504 1288,1506 1313,1508 1338,1510"/>
                <TextEquiv>
                    <Unicode>dueño mio de mi alma,</Unicode>
                </TextEquiv>
            </TextLine>
            <TextLine id="r1l51" custom="readingOrder {index:47;}">
                <Coords points="922,1558 947,1559 973,1559 999,1559 1025,1560 1051,1560 1077,1561 1103,1561 1129,1562 1155,1563 1181,1564 1206,1564 1232,1565 1258,1565 1284,1566 1310,1566 1336,1567 1362,1567 1388,1567 1414,1566 1440,1566 1440,1532 1414,1532 1388,1533 1362,1533 1336,1533 1310,1532 1284,1532 1258,1531 1232,1531 1206,1530 1181,1530 1155,1529 1129,1528 1103,1527 1077,1527 1051,1526 1025,1526 999,1525 973,1525 947,1525 922,1524"/>
                <Baseline points="922,1547 947,1548 973,1548 999,1548 1025,1549 1051,1549 1077,1550 1103,1550 1129,1551 1155,1552 1181,1553 1206,1553 1232,1554 1258,1554 1284,1555 1310,1555 1336,1556 1362,1556 1388,1556 1414,1555 1440,1555"/>
                <TextEquiv>
                    <Unicode>que escribas pido jay de mí!</Unicode>
                </TextEquiv>
            </TextLine>
            <TextLine id="r1l53" custom="readingOrder {index:48;}">
                <Coords points="920,1607 945,1607 971,1608 996,1608 1022,1609 1047,1610 1073,1611 1099,1611 1124,1612 1150,1613 1175,1614 1201,1614 1226,1615 1252,1616 1278,1616 1303,1616 1329,1617 1354,1617 1380,1617 1406,1616 1406,1582 1380,1583 1354,1583 1329,1583 1303,1582 1278,1582 1252,1582 1226,1581 1201,1580 1175,1580 1150,1579 1124,1578 1099,1577 1073,1577 1047,1576 1022,1575 996,1574 971,1574 945,1573 920,1573"/>
                <Baseline points="920,1596 945,1596 971,1597 996,1597 1022,1598 1047,1599 1073,1600 1099,1600 1124,1601 1150,1602 1175,1603 1201,1603 1226,1604 1252,1605 1278,1605 1303,1605 1329,1606 1354,1606 1380,1606 1406,1605"/>
                <TextEquiv>
                    <Unicode>para saber donde paras.</Unicode>
                </TextEquiv>
            </TextLine>
            <TextLine id="r1l54" custom="readingOrder {index:49;}">
                <Coords points="602,1649 627,1650 652,1651 677,1651 702,1651 728,1651 753,1651 778,1652 803,1653 828,1654 854,1657 854,1626 828,1623 803,1622 778,1621 753,1620 728,1620 702,1620 677,1620 652,1620 627,1619 602,1618"/>
                <Baseline points="602,1639 627,1640 652,1641 677,1641 702,1641 728,1641 753,1641 778,1642 803,1643 828,1644 854,1647"/>
                <TextEquiv>
                    <Unicode>No te olvido, prenda mia,</Unicode>
                </TextEquiv>
            </TextLine>
            <TextLine id="r1l56" custom="readingOrder {index:50;}">
                <Coords points="559,1697 586,1698 613,1699 641,1699 668,1700 696,1700 723,1700 750,1700 778,1701 805,1702 833,1703 833,1669 805,1668 778,1667 750,1666 723,1666 696,1666 668,1666 641,1665 613,1665 586,1664 559,1663"/>
                <Baseline points="559,1686 586,1687 613,1688 641,1688 668,1689 696,1689 723,1689 750,1689 778,1690 805,1691 833,1692"/>
                <TextEquiv>
                    <Unicode>soy tu amante verdadero</Unicode>
                </TextEquiv>
            </TextLine>
            <TextLine id="r1l59" custom="readingOrder {index:51;}">
                <Coords points="552,1746 578,1746 605,1747 631,1747 658,1747 685,1748 711,1748 738,1749 764,1750 791,1750 818,1751 844,1751 871,1752 897,1752 924,1753 951,1754 977,1754 1004,1755 1030,1756 1057,1756 1084,1757 1084,1723 1057,1722 1030,1722 1004,1721 977,1720 951,1720 924,1719 897,1718 871,1718 844,1717 818,1717 791,1716 764,1716 738,1715 711,1714 685,1714 658,1713 631,1713 605,1713 578,1712 552,1712"/>
                <Baseline points="552,1735 578,1735 605,1736 631,1736 658,1736 685,1737 711,1737 738,1738 764,1739 791,1739 818,1740 844,1740 871,1741 897,1741 924,1742 951,1743 977,1743 1004,1744 1030,1745 1057,1745 1084,1746"/>
                <TextEquiv>
                    <Unicode>aunque me ausente de esta,</Unicode>
                </TextEquiv>
            </TextLine>
            <TextLine id="r1l60" custom="readingOrder {index:52;}">
                <Coords points="556,1795 582,1796 609,1796 636,1796 663,1797 690,1797 717,1798 744,1798 771,1799 798,1799 825,1800 851,1800 878,1800 905,1801 932,1802 959,1802 986,1803 1013,1803 1040,1803 1067,1804 1094,1804 1094,1771 1067,1771 1040,1770 1013,1770 986,1770 959,1769 932,1769 905,1768 878,1767 851,1767 825,1767 798,1766 771,1766 744,1765 717,1765 690,1764 663,1764 636,1763 609,1763 582,1763 556,1762"/>
                <Baseline points="556,1784 582,1785 609,1785 636,1785 663,1786 690,1786 717,1787 744,1787 771,1788 798,1788 825,1789 851,1789 878,1789 905,1790 932,1791 959,1791 986,1792 1013,1792 1040,1792 1067,1793 1094,1793"/>
                <TextEquiv>
                    <Unicode>pierde cuidado, que vuelvo.</Unicode>
                </TextEquiv>
            </TextLine>
            <TextLine id="r1l61" custom="readingOrder {index:53;}">
                <Coords points="230,1834 255,1834 280,1835 305,1836 330,1837 355,1837 381,1838 406,1838 431,1839 456,1839 481,1840 506,1841 532,1841 557,1842 582,1842 607,1843 632,1844 658,1844 658,1811 632,1811 607,1810 582,1809 557,1809 532,1808 506,1808 481,1807 456,1806 431,1806 406,1805 381,1805 355,1804 330,1804 305,1803 280,1802 255,1801 230,1801"/>
                <Baseline points="230,1823 255,1823 280,1824 305,1825 330,1826 355,1826 381,1827 406,1827 431,1828 456,1828 481,1829 506,1830 532,1830 557,1831 582,1831 607,1832 632,1833 658,1833"/>
                <TextEquiv>
                    <Unicode>Todas las horas del dia</Unicode>
                </TextEquiv>
            </TextLine>
            <TextLine id="r1l63" custom="readingOrder {index:54;}">
                <Coords points="184,1882 210,1882 236,1882 262,1883 288,1883 314,1884 340,1884 366,1885 392,1886 419,1887 445,1888 471,1889 497,1890 523,1890 549,1891 575,1892 601,1893 627,1893 654,1894 654,1860 627,1859 601,1859 575,1858 549,1857 523,1856 497,1856 471,1855 445,1854 419,1853 392,1852 366,1851 340,1850 314,1850 288,1849 262,1849 236,1848 210,1848 184,1848"/>
                <Baseline points="184,1871 210,1871 236,1871 262,1872 288,1872 314,1873 340,1873 366,1874 392,1875 419,1876 445,1877 471,1878 497,1879 523,1879 549,1880 575,1881 601,1882 627,1882 654,1883"/>
                <TextEquiv>
                    <Unicode>se me van á mí en pensar, </Unicode>
                </TextEquiv>
            </TextLine>
            <TextLine id="r1l65" custom="readingOrder {index:55;}">
                <Coords points="190,1930 215,1930 241,1931 267,1932 292,1932 318,1932 344,1933 370,1934 395,1934 421,1935 447,1935 472,1936 498,1938 524,1938 550,1940 550,1906 524,1904 498,1904 472,1902 447,1901 421,1901 395,1900 370,1900 344,1899 318,1898 292,1898 267,1898 241,1897 215,1896 190,1896"/>
                <Baseline points="190,1919 215,1919 241,1920 267,1921 292,1921 318,1921 344,1922 370,1923 395,1923 421,1924 447,1924 472,1925 498,1927 524,1927 550,1929"/>
                <TextEquiv>
                    <Unicode>clavellina distingida,</Unicode>
                </TextEquiv>
            </TextLine>
            <TextLine id="r1l67" custom="readingOrder {index:56;}">
                <Coords points="188,1980 213,1980 239,1981 265,1981 290,1982 316,1982 342,1982 367,1983 393,1983 419,1984 444,1984 470,1985 496,1985 521,1986 547,1987 573,1987 598,1988 624,1989 650,1990 676,1991 676,1957 650,1956 624,1955 598,1954 573,1953 547,1953 521,1952 496,1951 470,1951 444,1950 419,1950 393,1949 367,1949 342,1948 316,1948 290,1948 265,1947 239,1947 213,1946 188,1946"/>
                <Baseline points="188,1969 213,1969 239,1970 265,1970 290,1971 316,1971 342,1971 367,1972 393,1972 419,1973 444,1973 470,1974 496,1974 521,1975 547,1976 573,1976 598,1977 624,1978 650,1979 676,1980"/>
                <TextEquiv>
                    <Unicode>que siempre te he de amar.</Unicode>
                </TextEquiv>
            </TextLine>
            <TextLine id="r1l69" custom="readingOrder {index:57;}">
                <Coords points="188,2028 213,2029 238,2030 263,2031 288,2032 313,2032 338,2033 363,2034 388,2034 413,2035 438,2035 463,2035 488,2036 513,2036 538,2037 563,2037 588,2037 613,2038 638,2038 663,2038 688,2039 688,2005 663,2004 638,2004 613,2004 588,2003 563,2003 538,2003 513,2002 488,2002 463,2001 438,2001 413,2001 388,2000 363,2000 338,1999 313,1998 288,1998 263,1997 238,1996 213,1995 188,1994"/>
                <Baseline points="188,2017 213,2018 238,2019 263,2020 288,2021 313,2021 338,2022 363,2023 388,2023 413,2024 438,2024 463,2024 488,2025 513,2025 538,2026 563,2026 588,2026 613,2027 638,2027 663,2027 688,2028"/>
                <TextEquiv>
                    <Unicode>no le olvido, prenda mia.</Unicode>
                </TextEquiv>
            </TextLine>
            <TextLine id="r1l71" custom="readingOrder {index:58;}">
                <Coords points="235,2077 260,2077 285,2078 310,2079 335,2080 360,2080 385,2080 410,2081 435,2081 460,2082 485,2082 510,2082 535,2083 560,2083 585,2084 610,2084 635,2085 660,2085 686,2086 686,2052 660,2051 635,2051 610,2050 585,2050 560,2049 535,2049 510,2048 485,2048 460,2048 435,2047 410,2047 385,2046 360,2046 335,2046 310,2045 285,2044 260,2043 235,2043"/>
                <Baseline points="235,2066 260,2066 285,2067 310,2068 335,2069 360,2069 385,2069 410,2070 435,2070 460,2071 485,2071 510,2071 535,2072 560,2072 585,2073 610,2073 635,2074 660,2074 686,2075"/>
                <TextEquiv>
                    <Unicode>Con las estrellas del cielo</Unicode>
                </TextEquiv>
            </TextLine>
            <TextLine id="r1l73" custom="readingOrder {index:59;}">
                <Coords points="182,2125 207,2125 232,2126 257,2127 282,2127 307,2128 333,2128 358,2129 383,2129 408,2130 433,2130 458,2131 484,2131 509,2132 534,2133 559,2133 584,2134 610,2135 610,2102 584,2101 559,2100 534,2100 509,2099 484,2098 458,2098 433,2097 408,2097 383,2096 358,2096 333,2095 307,2095 282,2094 257,2094 232,2093 207,2092 182,2092"/>
                <Baseline points="182,2114 207,2114 232,2115 257,2116 282,2116 307,2117 333,2117 358,2118 383,2118 408,2119 433,2119 458,2120 484,2120 509,2121 534,2122 559,2122 584,2123 610,2124"/>
                <TextEquiv>
                    <Unicode>yo te tengo comparada,</Unicode>
                </TextEquiv>
            </TextLine>
            <TextLine id="r1l75" custom="readingOrder {index:60;}">
                <Coords points="186,2171 212,2173 238,2174 264,2175 290,2175 316,2176 342,2177 368,2177 394,2177 421,2178 447,2178 473,2179 499,2179 525,2180 551,2181 577,2182 603,2183 630,2185 630,2152 603,2150 577,2149 551,2148 525,2147 499,2146 473,2146 447,2145 421,2145 394,2144 368,2144 342,2144 316,2143 290,2142 264,2142 238,2141 212,2140 186,2138"/>
                <Baseline points="186,2160 212,2162 238,2163 264,2164 290,2164 316,2165 342,2166 368,2166 394,2166 421,2167 447,2167 473,2168 499,2168 525,2169 551,2170 577,2171 603,2172 630,2174"/>
                <TextEquiv>
                    <Unicode>ven acá hermoso lucero, </Unicode>
                </TextEquiv>
            </TextLine>
            <TextLine id="r1l77" custom="readingOrder {index:61;}">
                <Coords points="184,2222 212,2223 241,2224 270,2224 298,2225 327,2225 356,2226 384,2226 413,2227 442,2228 471,2228 499,2229 528,2229 557,2230 585,2231 614,2231 643,2232 671,2232 700,2233 729,2234 758,2235 758,2201 729,2200 700,2199 671,2198 643,2198 614,2197 585,2197 557,2196 528,2195 499,2195 471,2194 442,2194 413,2193 384,2192 356,2192 327,2191 298,2191 270,2190 241,2190 212,2189 184,2188"/>
                <Baseline points="184,2211 212,2212 241,2213 270,2213 298,2214 327,2214 356,2215 384,2215 413,2216 442,2217 471,2217 499,2218 528,2218 557,2219 585,2220 614,2220 643,2221 671,2221 700,2222 729,2223 758,2224"/>
                <TextEquiv>
                    <Unicode>que en mi pecho estás grabada, </Unicode>
                </TextEquiv>
            </TextLine>
            <TextLine id="r1l79" custom="readingOrder {index:62;}">
                <Coords points="188,2270 213,2272 239,2273 265,2274 291,2275 317,2276 343,2276 369,2276 395,2277 421,2277 446,2277 472,2278 498,2278 524,2278 550,2278 576,2279 602,2279 628,2280 654,2281 680,2282 680,2248 654,2247 628,2246 602,2245 576,2245 550,2244 524,2244 498,2244 472,2244 446,2243 421,2243 395,2243 369,2242 343,2242 317,2242 291,2241 265,2240 239,2239 213,2238 188,2236"/>
                <Baseline points="188,2259 213,2261 239,2262 265,2263 291,2264 317,2265 343,2265 369,2265 395,2266 421,2266 446,2266 472,2267 498,2267 524,2267 550,2267 576,2268 602,2268 628,2269 654,2270 680,2271"/>
                <TextEquiv>
                    <Unicode>soy lu amante verdadero.</Unicode>
                </TextEquiv>
            </TextLine>
            <TextLine id="r1l62" custom="readingOrder {index:63;}">
                <Coords points="961,1850 986,1850 1011,1850 1036,1850 1062,1850 1087,1851 1112,1851 1138,1851 1163,1852 1188,1852 1214,1853 1239,1854 1264,1854 1290,1855 1315,1856 1340,1857 1366,1857 1366,1823 1340,1823 1315,1822 1290,1821 1264,1820 1239,1820 1214,1819 1188,1818 1163,1818 1138,1817 1112,1817 1087,1817 1062,1816 1036,1816 1011,1816 986,1816 961,1816"/>
                <Baseline points="961,1839 986,1839 1011,1839 1036,1839 1062,1839 1087,1840 1112,1840 1138,1840 1163,1841 1188,1841 1214,1842 1239,1843 1264,1843 1290,1844 1315,1845 1340,1846 1366,1846"/>
                <TextEquiv>
                    <Unicode>Eres la rosa mas bella</Unicode>
                </TextEquiv>
            </TextLine>
            <TextLine id="r1l64" custom="readingOrder {index:64;}">
                <Coords points="912,1895 938,1896 964,1897 990,1898 1016,1898 1042,1899 1068,1899 1094,1899 1120,1899 1147,1899 1173,1900 1199,1900 1225,1901 1251,1902 1277,1903 1303,1904 1329,1906 1356,1908 1356,1874 1329,1872 1303,1870 1277,1869 1251,1868 1225,1867 1199,1866 1173,1866 1147,1865 1120,1865 1094,1865 1068,1865 1042,1865 1016,1864 990,1864 964,1863 938,1862 912,1861"/>
                <Baseline points="912,1884 938,1885 964,1886 990,1887 1016,1887 1042,1888 1068,1888 1094,1888 1120,1888 1147,1888 1173,1889 1199,1889 1225,1890 1251,1891 1277,1892 1303,1893 1329,1895 1356,1897"/>
                <TextEquiv>
                    <Unicode>que jardines pueden dar, </Unicode>
                </TextEquiv>
            </TextLine>
            <TextLine id="r1l66" custom="readingOrder {index:65;}">
                <Coords points="918,1944 944,1945 970,1946 996,1946 1023,1946 1049,1947 1075,1947 1101,1947 1128,1947 1154,1947 1180,1948 1206,1948 1233,1949 1259,1951 1285,1953 1311,1955 1338,1957 1338,1923 1311,1921 1285,1919 1259,1917 1233,1915 1206,1914 1180,1914 1154,1913 1128,1913 1101,1913 1075,1913 1049,1913 1023,1912 996,1912 970,1912 944,1911 918,1910"/>
                <Baseline points="918,1933 944,1934 970,1935 996,1935 1023,1935 1049,1936 1075,1936 1101,1936 1128,1936 1154,1936 1180,1937 1206,1937 1233,1938 1259,1940 1285,1942 1311,1944 1338,1946"/>
                <TextEquiv>
                    <Unicode>no tengas tú tal tristeza,</Unicode>
                </TextEquiv>
            </TextLine>
            <TextLine id="r1l68" custom="readingOrder {index:66;}">
                <Coords points="918,1992 944,1993 970,1994 996,1995 1022,1995 1048,1995 1074,1996 1100,1996 1126,1996 1152,1996 1178,1997 1204,1998 1230,1999 1256,2000 1282,2002 1282,1968 1256,1966 1230,1965 1204,1964 1178,1963 1152,1962 1126,1962 1100,1962 1074,1962 1048,1961 1022,1961 996,1961 970,1960 944,1959 918,1958"/>
                <Baseline points="918,1981 944,1982 970,1983 996,1984 1022,1984 1048,1984 1074,1985 1100,1985 1126,1985 1152,1985 1178,1986 1204,1987 1230,1988 1256,1989 1282,1991"/>
                <TextEquiv>
                    <Unicode>te tengo de consolar, </Unicode>
                </TextEquiv>
            </TextLine>
            <TextLine id="r1l70" custom="readingOrder {index:67;}">
                <Coords points="919,2043 947,2043 975,2044 1004,2044 1032,2045 1060,2045 1089,2046 1117,2046 1145,2046 1174,2047 1202,2047 1231,2048 1259,2048 1287,2049 1316,2050 1344,2050 1372,2051 1401,2052 1429,2054 1458,2055 1458,2022 1429,2021 1401,2019 1372,2018 1344,2017 1316,2017 1287,2016 1259,2015 1231,2015 1202,2014 1174,2014 1145,2013 1117,2013 1089,2013 1060,2012 1032,2012 1004,2011 975,2011 947,2010 919,2010"/>
                <Baseline points="919,2032 947,2032 975,2033 1004,2033 1032,2034 1060,2034 1089,2035 1117,2035 1145,2035 1174,2036 1202,2036 1231,2037 1259,2037 1287,2038 1316,2039 1344,2039 1372,2040 1401,2041 1429,2043 1458,2044"/>
                <TextEquiv>
                    <Unicode>aunque me ausente de esta.</Unicode>
                </TextEquiv>
            </TextLine>
            <TextLine id="r1l72" custom="readingOrder {index:68;}">
                <Coords points="959,2089 985,2089 1011,2090 1037,2091 1063,2092 1089,2092 1115,2093 1141,2094 1167,2094 1193,2095 1219,2095 1245,2096 1271,2097 1297,2097 1323,2098 1349,2099 1375,2100 1402,2101 1402,2068 1375,2067 1349,2066 1323,2065 1297,2064 1271,2064 1245,2063 1219,2062 1193,2062 1167,2061 1141,2061 1115,2060 1089,2059 1063,2059 1037,2058 1011,2057 985,2056 959,2056"/>
                <Baseline points="959,2078 985,2078 1011,2079 1037,2080 1063,2081 1089,2081 1115,2082 1141,2083 1167,2083 1193,2084 1219,2084 1245,2085 1271,2086 1297,2086 1323,2087 1349,2088 1375,2089 1402,2090"/>
                <TextEquiv>
                    <Unicode>Te escribiré con anhelo,</Unicode>
                </TextEquiv>
            </TextLine>
            <TextLine id="r1l74" custom="readingOrder {index:69;}">
                <Coords points="920,2138 947,2138 974,2139 1001,2140 1028,2140 1055,2140 1082,2140 1109,2141 1136,2141 1163,2142 1190,2143 1217,2145 1244,2146 1244,2112 1217,2111 1190,2109 1163,2108 1136,2107 1109,2107 1082,2106 1055,2106 1028,2106 1001,2106 974,2105 947,2104 920,2104"/>
                <Baseline points="920,2127 947,2127 974,2128 1001,2129 1028,2129 1055,2129 1082,2129 1109,2130 1136,2130 1163,2131 1190,2132 1217,2134 1244,2135"/>
                <TextEquiv>
                    <Unicode>mi carta recibirás, </Unicode>
                </TextEquiv>
            </TextLine>
            <TextLine id="r1l76" custom="readingOrder {index:70;}">
                <Coords points="914,2186 939,2187 964,2187 989,2187 1015,2188 1040,2188 1065,2189 1091,2189 1116,2189 1141,2190 1166,2191 1192,2192 1217,2193 1242,2194 1268,2195 1268,2161 1242,2160 1217,2159 1192,2158 1166,2157 1141,2156 1116,2155 1091,2155 1065,2155 1040,2154 1015,2154 989,2153 964,2153 939,2153 914,2152"/>
                <Baseline points="914,2175 939,2176 964,2176 989,2176 1015,2177 1040,2177 1065,2178 1091,2178 1116,2178 1141,2179 1166,2180 1192,2181 1217,2182 1242,2183 1268,2184"/>
                <TextEquiv>
                    <Unicode>á tí solita te quiero,</Unicode>
                </TextEquiv>
            </TextLine>
            <TextLine id="r1l78" custom="readingOrder {index:71;}">
                <Coords points="909,2239 935,2239 961,2238 987,2238 1013,2238 1039,2238 1065,2239 1091,2239 1117,2239 1143,2240 1169,2240 1195,2241 1221,2241 1247,2241 1273,2242 1299,2242 1325,2242 1325,2208 1299,2208 1273,2208 1247,2207 1221,2207 1195,2207 1169,2206 1143,2206 1117,2205 1091,2205 1065,2205 1039,2204 1013,2204 987,2204 961,2204 935,2205 909,2205"/>
                <Baseline points="909,2228 935,2228 961,2227 987,2227 1013,2227 1039,2227 1065,2228 1091,2228 1117,2228 1143,2229 1169,2229 1195,2230 1221,2230 1247,2230 1273,2231 1299,2231 1325,2231"/>
                <TextEquiv>
                    <Unicode>yo te tengo que adorar</Unicode>
                </TextEquiv>
            </TextLine>
            <TextLine id="r1l80" custom="readingOrder {index:72;}">
                <Coords points="906,2289 933,2288 960,2288 987,2288 1015,2288 1042,2288 1069,2289 1097,2289 1124,2290 1151,2290 1179,2291 1206,2292 1233,2292 1260,2293 1288,2293 1315,2294 1342,2294 1370,2294 1397,2294 1424,2294 1452,2293 1452,2259 1424,2260 1397,2260 1370,2260 1342,2260 1315,2260 1288,2259 1260,2259 1233,2258 1206,2258 1179,2257 1151,2256 1124,2256 1097,2255 1069,2255 1042,2254 1015,2254 987,2254 960,2254 933,2254 906,2255"/>
                <Baseline points="906,2278 933,2277 960,2277 987,2277 1015,2277 1042,2277 1069,2278 1097,2278 1124,2279 1151,2279 1179,2280 1206,2281 1233,2281 1260,2282 1288,2282 1315,2283 1342,2283 1370,2283 1397,2283 1424,2283 1452,2282"/>
                <TextEquiv>
                    <Unicode>pierde cuidado, que vuelvo.</Unicode>
                </TextEquiv>
            </TextLine>
            <TextEquiv>
                <Unicode>2
Cuando veo una Teresa
se me representa Juana,
tengo mi amor puesto en Rosa,
mas yo quiero á Feliciana.
Las Dolores, con franqueza, 
es el lucero del alba,
Antonia es una princesa, 
á Melchora diera el alma
cuando veo una Teresa.
Viene el sol con grande maña
y le salgo á su encuentro,
la Pilar es buena dama
con Pepita fuera al cielo;
se me representa Juana.
Encarnacion primorosa, 
por tu persona me muero,
y aunque Gertrudis hermosa
es ángel del alto cielo,
tengo mi amor puesto en Rosa.
Vicenta, si te alcanzara,
prenda de mi corazón;
te diré de buena gana,
que eres linda como el sol,
mas yo quiero á Feliciana.
Dueño mio, sí te vas
me dejas desamparada,
dime si me escribiras,
para saber donde paras.
Que triste me dejarás,
miraré y no te veré, 
no cesaré de llorar,
tan sola me quedaré, 
dueño mio, si te vas.
Mis ojos vueltos en agua. 
mi corazon dolorido,
me quedo desconsolada, 
anda con Dios, dueño mio,
me dejas desamparada.
De mí no te acordarás,
yo muriéndome por tí:
pienso que me has de olvidar,
tengo penas mas de mil,
dime si me escribirás.
Me quedaré desmayada
cuando no te vea á tí,
dueño mio de mi alma,
que escribas pido jay de mí!
para saber donde paras.
No te olvido, prenda mia,
soy tu amante verdadero
aunque me ausente de esta,
pierde cuidado, que vuelvo.
Todas las horas del dia
se me van á mí en pensar, 
clavellina distingida,
que siempre te he de amar.
no le olvido, prenda mia.
Con las estrellas del cielo
yo te tengo comparada,
ven acá hermoso lucero, 
que en mi pecho estás grabada, 
soy lu amante verdadero.
Eres la rosa mas bella
que jardines pueden dar, 
no tengas tú tal tristeza,
te tengo de consolar, 
aunque me ausente de esta.
Te escribiré con anhelo,
mi carta recibirás, 
á tí solita te quiero,
yo te tengo que adorar
pierde cuidado, que vuelvo.</Unicode>
            </TextEquiv>
        </TextRegion>
    </Page>
</PcGts>
